datetime,datetime_nano,highest,last_price,lowest,open_interest,volume,amount,ask_price1,ask_volume1,ask_price2,ask_volume2,ask_price3,ask_volume3,ask_price4,ask_volume4,ask_price5,ask_volume5,bid_price1,bid_volume1,bid_price2,bid_volume2,bid_price3,bid_volume3,bid_price4,bid_volume4,bid_price5,bid_volume5
2023-04-27 20:55:02.0,1682600102000000000,,,,6081.0,0.0,0.0,,0.0,,0.0,,0.0,,0.0,,0.0,,0.0,,0.0,,0.0,,0.0,,0.0
2023-04-27 20:59:00.0,1682600340000000000,,,,6081.0,0.0,0.0,4.0,3.0,6.0,1.0,6.5,1.0,7.0,2.0,7.5,4.0,2.0,100.0,1.5,330.0,1.0,272.0,0.5,10.0,,0.0
2023-04-27 21:00:03.5,1682600403500000000,,,,6081.0,0.0,0.0,4.0,3.0,4.5,16.0,6.0,1.0,6.5,1.0,7.0,2.0,2.0,100.0,1.5,330.0,1.0,288.0,0.5,10.0,,0.0
2023-04-27 21:00:08.5,1682600408500000000,,,,6081.0,0.0,0.0,4.0,3.0,4.5,16.0,6.0,19.0,6.5,1.0,7.0,2.0,2.5,18.0,2.0,100.0,1.5,330.0,1.0,288.0,0.5,10.0
2023-04-27 21:00:09.25,1682600409250000000,,,,6081.0,0.0,0.0,4.0,3.0,4.5,16.0,6.0,1.0,6.5,1.0,7.0,2.0,2.0,100.0,1.5,330.0,1.0,288.0,0.5,10.0,,0.0
2023-04-27 21:00:11.0,1682600411000000000,,,,6081.0,0.0,0.0,4.0,6.0,4.5,16.0,6.0,1.0,6.5,1.0,7.0,2.0,2.0,100.0,1.5,330.0,1.0,288.0,0.5,10.0,,0.0
2023-04-27 21:00:24.0,1682600424000000000,,,,6081.0,0.0,0.0,4.0,6.0,4.5,16.0,6.0,19.0,6.5,1.0,7.0,2.0,2.5,18.0,2.0,100.0,1.5,330.0,1.0,288.0,0.5,10.0
2023-04-27 21:00:28.25,1682600428250000000,,,,6081.0,0.0,0.0,4.0,6.0,4.5,16.0,6.0,1.0,6.5,1.0,7.0,2.0,2.0,100.0,1.5,330.0,1.0,288.0,0.5,10.0,,0.0
2023-04-27 21:00:36.25,1682600436250000000,,,,6081.0,0.0,0.0,4.0,6.0,4.5,16.0,6.0,1.0,6.5,1.0,7.0,2.0,2.0,105.0,1.5,330.0,1.0,288.0,0.5,10.0,,0.0
2023-04-27 21:00:48.75,1682600448750000000,,,,6081.0,0.0,0.0,4.0,6.0,4.5,16.0,6.0,1.0,6.5,1.0,7.0,2.0,2.5,1.0,2.0,105.0,1.5,330.0,1.0,288.0,0.5,10.0
2023-04-27 21:00:57.75,1682600457750000000,,,,6081.0,0.0,0.0,4.0,6.0,4.5,16.0,6.0,1.0,6.5,1.0,7.0,2.0,2.5,11.0,2.0,105.0,1.5,330.0,1.0,288.0,0.5,10.0
2023-04-27 21:01:08.0,1682600468000000000,,,,6081.0,0.0,0.0,4.0,6.0,4.5,16.0,6.0,19.0,6.5,1.0,7.0,2.0,2.5,29.0,2.0,105.0,1.5,330.0,1.0,288.0,0.5,10.0
2023-04-27 21:01:09.5,1682600469500000000,,,,6081.0,0.0,0.0,4.0,6.0,4.5,16.0,6.0,1.0,6.5,1.0,7.0,2.0,2.5,11.0,2.0,105.0,1.5,330.0,1.0,288.0,0.5,10.0
2023-04-27 21:01:34.25,1682600494250000000,,,,6081.0,0.0,0.0,3.0,18.0,4.0,6.0,4.5,16.0,6.0,1.0,6.5,1.0,2.5,29.0,2.0,105.0,1.5,330.0,1.0,288.0,0.5,10.0
2023-04-27 21:01:34.5,1682600494500000000,,,,6081.0,0.0,0.0,4.0,6.0,4.5,16.0,6.0,1.0,6.5,1.0,7.0,2.0,2.5,11.0,2.0,105.0,1.5,330.0,1.0,288.0,0.5,10.0
2023-04-27 21:01:59.75,1682600519750000000,,,,6081.0,0.0,0.0,4.0,6.0,4.5,16.0,6.0,1.0,6.5,1.0,7.0,2.0,2.5,1.0,2.0,105.0,1.5,330.0,1.0,288.0,0.5,10.0
2023-04-27 21:02:06.25,1682600526250000000,,,,6081.0,0.0,0.0,3.0,18.0,4.0,6.0,4.5,16.0,6.0,1.0,6.5,1.0,2.5,19.0,2.0,105.0,1.5,330.0,1.0,288.0,0.5,10.0
2023-04-27 21:02:06.5,1682600526500000000,,,,6081.0,0.0,0.0,4.0,6.0,4.5,16.0,6.0,1.0,6.5,1.0,7.0,2.0,2.5,1.0,2.0,105.0,1.5,330.0,1.0,288.0,0.5,10.0
2023-04-27 21:02:25.0,1682600545000000000,,,,6081.0,0.0,0.0,4.0,6.0,4.5,34.0,6.0,1.0,6.5,1.0,7.0,2.0,2.5,1.0,2.0,123.0,1.5,330.0,1.0,288.0,0.5,10.0
2023-04-27 21:02:49.75,1682600569750000000,,,,6081.0,0.0,0.0,4.0,16.0,4.5,34.0,6.0,1.0,6.5,1.0,7.0,2.0,2.5,11.0,2.0,123.0,1.5,330.0,1.0,288.0,0.5,10.0
2023-04-27 21:02:50.0,1682600570000000000,,,,6081.0,0.0,0.0,4.0,34.0,4.5,16.0,6.0,1.0,6.5,1.0,7.0,2.0,2.5,29.0,2.0,105.0,1.5,330.0,1.0,288.0,0.5,10.0
2023-04-27 21:03:03.75,1682600583750000000,,,,6081.0,0.0,0.0,4.0,24.0,4.5,16.0,6.0,1.0,6.5,1.0,7.0,2.0,2.5,19.0,2.0,105.0,1.5,330.0,1.0,288.0,0.5,10.0
2023-04-27 21:03:04.0,1682600584000000000,,,,6081.0,0.0,0.0,4.0,6.0,4.5,34.0,6.0,1.0,6.5,1.0,7.0,2.0,2.5,1.0,2.0,123.0,1.5,330.0,1.0,288.0,0.5,10.0
2023-04-27 21:03:10.5,1682600590500000000,,,,6081.0,0.0,0.0,4.0,6.0,4.5,34.0,6.0,1.0,6.5,1.0,7.0,2.0,2.5,1.0,2.0,124.0,1.5,330.0,1.0,288.0,0.5,10.0
2023-04-27 21:03:12.25,1682600592250000000,,,,6081.0,0.0,0.0,4.0,6.0,4.5,34.0,6.0,1.0,6.5,1.0,7.0,2.0,2.5,1.0,2.0,125.0,1.5,330.0,1.0,288.0,0.5,10.0
2023-04-27 21:03:12.75,1682600592750000000,,,,6081.0,0.0,0.0,4.0,6.0,4.5,34.0,6.0,1.0,6.5,1.0,7.0,2.0,2.5,1.0,2.0,126.0,1.5,330.0,1.0,288.0,0.5,10.0
2023-04-27 21:03:13.5,1682600593500000000,,,,6081.0,0.0,0.0,4.0,6.0,4.5,34.0,6.0,1.0,6.5,1.0,7.0,2.0,2.5,1.0,2.0,127.0,1.5,330.0,1.0,288.0,0.5,10.0
2023-04-27 21:03:14.25,1682600594250000000,,,,6081.0,0.0,0.0,4.0,6.0,4.5,34.0,6.0,1.0,6.5,1.0,7.0,2.0,2.5,1.0,2.0,128.0,1.5,330.0,1.0,288.0,0.5,10.0
2023-04-27 21:03:31.5,1682600611500000000,,,,6081.0,0.0,0.0,4.0,6.0,4.5,35.0,6.0,1.0,6.5,1.0,7.0,2.0,2.5,1.0,2.0,129.0,1.5,330.0,1.0,288.0,0.5,10.0
2023-04-27 21:03:47.25,1682600627250000000,,,,6081.0,0.0,0.0,3.0,18.0,4.0,6.0,4.5,17.0,6.0,1.0,6.5,1.0,2.5,19.0,2.0,111.0,1.5,330.0,1.0,288.0,0.5,10.0
2023-04-27 21:03:47.5,1682600627500000000,,,,6081.0,0.0,0.0,4.0,6.0,4.5,17.0,6.0,1.0,6.5,1.0,7.0,2.0,2.5,1.0,2.0,111.0,1.5,330.0,1.0,288.0,0.5,10.0
2023-04-27 21:04:00.0,1682600640000000000,,,,6081.0,0.0,0.0,4.0,24.0,4.5,17.0,6.0,1.0,6.5,1.0,7.0,2.0,2.5,1.0,2.0,111.0,1.5,348.0,1.0,288.0,0.5,10.0
2023-04-27 21:04:00.75,1682600640750000000,,,,6081.0,0.0,0.0,4.0,25.0,4.5,16.0,6.0,1.0,6.5,1.0,7.0,2.0,2.5,1.0,2.0,111.0,1.5,348.0,1.0,288.0,0.5,10.0
2023-04-27 21:04:02.5,1682600642500000000,,,,6081.0,0.0,0.0,3.0,18.0,4.0,7.0,4.5,16.0,6.0,1.0,6.5,1.0,2.5,19.0,2.0,111.0,1.5,330.0,1.0,288.0,0.5,10.0
2023-04-27 21:04:03.75,1682600643750000000,,,,6081.0,0.0,0.0,3.0,19.0,4.0,6.0,4.5,16.0,6.0,1.0,6.5,1.0,2.5,20.0,2.0,110.0,1.5,330.0,1.0,288.0,0.5,10.0
2023-04-27 21:04:04.5,1682600644500000000,,,,6081.0,0.0,0.0,3.0,1.0,4.0,6.0,4.5,16.0,6.0,1.0,6.5,1.0,2.5,2.0,2.0,110.0,1.5,330.0,1.0,288.0,0.5,10.0
2023-04-27 21:04:04.75,1682600644750000000,,,,6081.0,0.0,0.0,4.0,6.0,4.5,16.0,6.0,1.0,6.5,1.0,7.0,2.0,2.5,1.0,2.0,110.0,1.5,330.0,1.0,288.0,0.5,10.0
2023-04-27 21:04:06.0,1682600646000000000,,,,6081.0,0.0,0.0,4.0,6.0,4.5,17.0,6.0,1.0,6.5,1.0,7.0,2.0,2.5,1.0,2.0,111.0,1.5,330.0,1.0,288.0,0.5,10.0
2023-04-27 21:04:12.5,1682600652500000000,,,,6081.0,0.0,0.0,4.0,6.0,4.5,35.0,6.0,1.0,6.5,1.0,7.0,2.0,2.5,1.0,2.0,129.0,1.5,330.0,1.0,288.0,0.5,10.0
2023-04-27 21:04:26.25,1682600666250000000,,,,6081.0,0.0,0.0,4.0,3.0,4.5,35.0,6.0,1.0,6.5,1.0,7.0,2.0,2.5,1.0,2.0,129.0,1.5,330.0,1.0,288.0,0.5,10.0
2023-04-27 21:04:32.5,1682600672500000000,,,,6081.0,0.0,0.0,4.0,3.0,4.5,35.0,6.0,1.0,6.5,1.0,7.0,5.0,2.5,1.0,2.0,129.0,1.5,330.0,1.0,288.0,0.5,10.0
2023-04-27 21:04:42.0,1682600682000000000,,,,6081.0,0.0,0.0,4.0,3.0,4.5,35.0,6.0,1.0,6.5,1.0,7.0,5.0,2.5,2.0,2.0,129.0,1.5,330.0,1.0,288.0,0.5,10.0
2023-04-27 21:05:00.5,1682600700500000000,,,,6081.0,0.0,0.0,4.0,13.0,4.5,35.0,6.0,1.0,6.5,1.0,7.0,5.0,2.5,12.0,2.0,129.0,1.5,330.0,1.0,288.0,0.5,10.0
2023-04-27 21:05:00.75,1682600700750000000,,,,6081.0,0.0,0.0,4.0,31.0,4.5,17.0,6.0,1.0,6.5,1.0,7.0,5.0,2.5,30.0,2.0,111.0,1.5,330.0,1.0,288.0,0.5,10.0
2023-04-27 21:05:01.25,1682600701250000000,,,,6081.0,0.0,0.0,4.0,32.0,4.5,16.0,6.0,1.0,6.5,1.0,7.0,5.0,2.5,31.0,2.0,110.0,1.5,330.0,1.0,288.0,0.5,10.0
2023-04-27 21:05:55.5,1682600755500000000,,,,6081.0,0.0,0.0,4.0,32.0,4.5,16.0,6.0,1.0,6.5,1.0,7.0,5.0,2.5,31.0,2.0,334.0,1.5,330.0,1.0,288.0,0.5,10.0
2023-04-27 21:06:10.5,1682600770500000000,,,,6081.0,0.0,0.0,4.0,22.0,4.5,16.0,6.0,1.0,6.5,1.0,7.0,5.0,2.5,21.0,2.0,334.0,1.5,330.0,1.0,288.0,0.5,10.0
2023-04-27 21:06:10.75,1682600770750000000,,,,6081.0,0.0,0.0,4.0,4.0,4.5,34.0,6.0,1.0,6.5,1.0,7.0,5.0,2.5,3.0,2.0,352.0,1.5,330.0,1.0,288.0,0.5,10.0
2023-04-27 21:06:11.75,1682600771750000000,,,,6081.0,0.0,0.0,4.0,3.0,4.5,35.0,6.0,1.0,6.5,1.0,7.0,5.0,2.5,2.0,2.0,353.0,1.5,330.0,1.0,288.0,0.5,10.0
2023-04-27 21:06:12.0,1682600772000000000,2.5,2.5,2.5,6081.0,2.0,50.0,4.0,3.0,4.5,35.0,6.0,1.0,6.5,1.0,7.0,5.0,2.0,353.0,1.5,330.0,1.0,288.0,0.5,10.0,,0.0
2023-04-27 21:06:43.5,1682600803500000000,2.5,2.5,2.5,6081.0,2.0,50.0,4.0,13.0,4.5,35.0,6.0,1.0,6.5,1.0,7.0,5.0,2.5,10.0,2.0,353.0,1.5,330.0,1.0,288.0,0.5,10.0
2023-04-27 21:06:43.75,1682600803750000000,2.5,2.5,2.5,6081.0,2.0,50.0,4.0,31.0,4.5,17.0,6.0,1.0,6.5,1.0,7.0,5.0,2.5,28.0,2.0,335.0,1.5,330.0,1.0,288.0,0.5,10.0
2023-04-27 21:06:44.5,1682600804500000000,2.5,2.5,2.5,6081.0,2.0,50.0,4.0,32.0,4.5,16.0,6.0,1.0,6.5,1.0,7.0,5.0,2.5,29.0,2.0,334.0,1.5,330.0,1.0,288.0,0.5,10.0
2023-04-27 21:07:11.25,1682600831250000000,2.5,2.5,2.5,6081.0,2.0,50.0,4.0,32.0,4.5,16.0,6.0,1.0,6.5,1.0,7.0,5.0,2.5,29.0,2.0,334.0,1.5,330.0,1.0,308.0,0.5,10.0
2023-04-27 21:07:24.75,1682600844750000000,2.5,2.5,2.5,6081.0,2.0,50.0,3.5,5.0,4.0,32.0,4.5,16.0,6.0,1.0,6.5,1.0,2.5,29.0,2.0,334.0,1.5,330.0,1.0,308.0,0.5,10.0
2023-04-27 21:07:26.25,1682600846250000000,2.5,2.5,2.5,6081.0,2.0,50.0,3.5,5.0,4.0,32.0,4.5,16.0,6.0,1.0,6.5,1.0,2.5,29.0,2.0,334.0,1.5,330.0,1.0,288.0,0.5,30.0
2023-04-27 21:07:41.75,1682600861750000000,2.5,2.5,2.5,6081.0,2.0,50.0,3.5,21.0,4.0,32.0,6.0,1.0,6.5,1.0,7.0,5.0,2.5,29.0,2.0,334.0,1.5,330.0,1.0,288.0,0.5,30.0
2023-04-27 21:07:42.0,1682600862000000000,2.5,2.5,2.5,6081.0,2.0,50.0,3.5,40.0,4.0,13.0,6.0,1.0,6.5,1.0,7.0,5.0,2.5,29.0,2.0,334.0,1.5,330.0,1.0,288.0,0.5,30.0
2023-04-27 21:08:15.75,1682600895750000000,2.5,2.5,2.5,6081.0,2.0,50.0,3.5,35.0,4.0,13.0,6.0,1.0,6.5,1.0,7.0,5.0,2.5,29.0,2.0,334.0,1.5,330.0,1.0,288.0,0.5,30.0
2023-04-27 21:08:18.25,1682600898250000000,2.5,2.5,2.5,6081.0,2.0,50.0,3.0,18.0,3.5,17.0,4.0,13.0,6.0,1.0,6.5,1.0,2.5,29.0,2.0,334.0,1.5,330.0,1.0,288.0,0.5,30.0
2023-04-27 21:08:19.25,1682600899250000000,2.5,2.5,2.5,6081.0,2.0,50.0,3.0,19.0,3.5,16.0,4.0,13.0,6.0,1.0,6.5,1.0,2.5,29.0,2.0,334.0,1.5,330.0,1.0,288.0,0.5,30.0
2023-04-27 21:12:17.25,1682601137250000000,2.5,2.5,2.5,6081.0,2.0,50.0,3.0,19.0,3.5,16.0,4.0,13.0,6.0,1.0,6.5,1.0,2.5,29.0,2.0,334.0,1.5,330.0,1.0,802.0,0.5,30.0
2023-04-27 21:12:17.5,1682601137500000000,2.5,2.5,2.5,6081.0,2.0,50.0,3.0,19.0,3.5,16.0,4.0,13.0,6.0,1.0,6.5,1.0,2.5,29.0,2.0,334.0,1.5,346.0,1.0,806.0,0.5,10.0
2023-04-27 21:15:24.5,1682601324500000000,2.5,2.5,2.5,6081.0,2.0,50.0,3.0,19.0,3.5,16.0,4.0,13.0,6.0,1.0,6.5,1.0,2.5,49.0,2.0,334.0,1.5,346.0,1.0,806.0,0.5,10.0
2023-04-27 21:15:32.75,1682601332750000000,2.5,2.5,2.5,6081.0,2.0,50.0,3.0,19.0,3.5,16.0,4.0,13.0,6.0,1.0,6.5,1.0,2.5,49.0,2.0,354.0,1.5,346.0,1.0,806.0,0.5,10.0
2023-04-27 21:18:15.25,1682601495250000000,3.0,3.0,2.5,6083.0,4.0,110.0,3.0,17.0,3.5,16.0,4.0,13.0,6.0,1.0,6.5,1.0,2.5,49.0,2.0,354.0,1.5,346.0,1.0,806.0,0.5,10.0
2023-04-27 21:26:21.5,1682601981500000000,3.0,3.0,2.5,6083.0,4.0,110.0,3.0,1.0,3.5,16.0,4.0,13.0,6.0,1.0,6.5,1.0,2.5,31.0,2.0,354.0,1.5,346.0,1.0,806.0,0.5,10.0
2023-04-27 21:26:21.75,1682601981750000000,3.0,3.0,2.5,6083.0,4.0,110.0,3.5,16.0,4.0,13.0,6.0,1.0,6.5,1.0,7.0,5.0,2.5,30.0,2.0,354.0,1.5,366.0,1.0,786.0,0.5,10.0
2023-04-27 21:26:22.5,1682601982500000000,3.0,3.0,2.5,6083.0,4.0,110.0,3.5,17.0,4.0,13.0,6.0,1.0,6.5,1.0,7.0,5.0,2.5,31.0,2.0,354.0,1.5,366.0,1.0,786.0,0.5,10.0
2023-04-27 21:26:22.75,1682601982750000000,3.0,3.0,2.5,6083.0,4.0,110.0,3.5,17.0,4.0,13.0,6.0,1.0,6.5,1.0,7.0,5.0,2.5,31.0,2.0,354.0,1.5,346.0,1.0,806.0,0.5,10.0
2023-04-27 21:26:30.75,1682601990750000000,3.0,3.0,2.5,6083.0,4.0,110.0,3.5,17.0,4.0,13.0,4.5,18.0,6.0,1.0,6.5,1.0,2.5,31.0,2.0,354.0,1.5,364.0,1.0,806.0,0.5,10.0
2023-04-27 21:26:31.75,1682601991750000000,3.0,3.0,2.5,6083.0,4.0,110.0,3.0,18.0,3.5,17.0,4.0,13.0,6.0,1.0,6.5,1.0,2.5,49.0,2.0,354.0,1.5,346.0,1.0,806.0,0.5,10.0
2023-04-27 21:26:33.25,1682601993250000000,3.0,3.0,2.5,6083.0,4.0,110.0,3.0,19.0,3.5,16.0,4.0,13.0,6.0,1.0,6.5,1.0,2.5,49.0,2.0,354.0,1.5,346.0,1.0,806.0,0.5,10.0
2023-04-27 21:28:06.0,1682602086000000000,3.0,3.0,2.5,6083.0,4.0,110.0,3.0,19.0,3.5,16.0,4.0,13.0,6.0,1.0,6.5,1.0,2.5,49.0,2.0,334.0,1.5,366.0,1.0,786.0,0.5,10.0
2023-04-27 21:28:06.25,1682602086250000000,3.0,3.0,2.5,6083.0,4.0,110.0,3.0,19.0,3.5,16.0,4.0,13.0,6.0,1.0,6.5,1.0,2.5,49.0,2.0,334.0,1.5,366.0,1.0,786.0,0.5,10.0
2023-04-27 21:28:17.75,1682602097750000000,3.0,3.0,2.5,6083.0,4.0,110.0,3.0,19.0,3.5,16.0,4.0,13.0,6.0,1.0,6.5,1.0,2.5,29.0,2.0,334.0,1.5,366.0,1.0,786.0,0.5,10.0
2023-04-27 21:28:35.25,1682602115250000000,3.0,3.0,2.5,6102.0,23.0,680.0,3.5,16.0,4.0,13.0,4.5,18.0,6.0,1.0,6.5,1.0,3.0,1.0,2.5,28.0,2.0,334.0,1.5,366.0,1.0,786.0
2023-04-27 21:28:35.5,1682602115500000000,3.0,3.0,2.5,6103.0,24.0,710.0,3.5,16.0,4.0,13.0,4.5,18.0,6.0,1.0,6.5,1.0,2.5,28.0,2.0,334.0,1.5,366.0,1.0,786.0,0.5,10.0
2023-04-27 21:28:36.5,1682602116500000000,3.0,3.0,2.5,6103.0,24.0,710.0,3.5,16.0,4.0,14.0,4.5,18.0,6.0,1.0,6.5,1.0,3.0,1.0,2.5,28.0,2.0,334.0,1.5,366.0,1.0,786.0
2023-04-27 21:28:36.75,1682602116750000000,3.0,3.0,2.5,6103.0,25.0,740.0,3.5,16.0,4.0,13.0,4.5,18.0,6.0,1.0,6.5,1.0,2.5,28.0,2.0,350.0,1.5,350.0,1.0,786.0,0.5,10.0
2023-04-27 21:28:37.5,1682602117500000000,3.0,3.0,2.5,6103.0,25.0,740.0,3.5,17.0,4.0,13.0,4.5,18.0,6.0,1.0,6.5,1.0,2.5,29.0,2.0,350.0,1.5,350.0,1.0,786.0,0.5,10.0
2023-04-27 21:28:41.25,1682602121250000000,3.0,3.0,2.5,6103.0,25.0,740.0,3.0,18.0,3.5,17.0,4.0,13.0,6.0,1.0,6.5,1.0,2.5,29.0,2.0,350.0,1.5,350.0,1.0,786.0,0.5,10.0
2023-04-27 21:28:41.75,1682602121750000000,3.0,3.0,2.5,6103.0,25.0,740.0,3.0,19.0,3.5,16.0,4.0,13.0,6.0,1.0,6.5,1.0,2.5,29.0,2.0,350.0,1.5,350.0,1.0,786.0,0.5,10.0
2023-04-27 21:29:15.25,1682602155250000000,3.0,3.0,2.5,6103.0,25.0,740.0,3.0,19.0,3.5,16.0,4.0,13.0,6.0,1.0,6.5,1.0,2.5,41.0,2.0,350.0,1.5,350.0,1.0,786.0,0.5,10.0
2023-04-27 21:29:17.75,1682602157750000000,3.0,3.0,2.5,6103.0,25.0,740.0,3.0,119.0,3.5,16.0,4.0,13.0,6.0,1.0,6.5,1.0,2.5,141.0,2.0,350.0,1.5,350.0,1.0,786.0,0.5,10.0
2023-04-27 21:32:05.0,1682602325000000000,3.0,3.0,2.5,6103.0,25.0,740.0,3.0,119.0,3.5,16.0,4.0,13.0,6.0,1.0,6.5,1.0,2.5,141.0,2.0,355.0,1.5,350.0,1.0,786.0,0.5,10.0
2023-04-27 21:32:12.0,1682602332000000000,3.0,3.0,2.5,6103.0,25.0,740.0,3.0,101.0,3.5,16.0,4.0,13.0,6.0,1.0,6.5,1.0,2.5,123.0,2.0,355.0,1.5,350.0,1.0,786.0,0.5,10.0
2023-04-27 21:32:27.5,1682602347500000000,3.0,3.0,2.5,6103.0,25.0,740.0,3.0,101.0,3.5,16.0,4.0,31.0,6.0,1.0,6.5,1.0,2.5,123.0,2.0,355.0,1.5,368.0,1.0,786.0,0.5,10.0
2023-04-27 21:32:29.0,1682602349000000000,3.0,3.0,2.5,6103.0,25.0,740.0,3.0,101.0,3.5,16.0,4.0,13.0,6.0,1.0,6.5,1.0,2.5,123.0,2.0,355.0,1.5,350.0,1.0,786.0,0.5,10.0
2023-04-27 21:32:31.0,1682602351000000000,3.0,3.0,2.5,6103.0,25.0,740.0,3.0,119.0,3.5,16.0,4.0,13.0,6.0,1.0,6.5,1.0,2.5,141.0,2.0,355.0,1.5,330.0,1.0,806.0,0.5,10.0
2023-04-27 21:41:34.5,1682602894500000000,3.0,3.0,2.5,6103.0,25.0,740.0,3.0,129.0,3.5,16.0,4.0,13.0,6.0,1.0,6.5,1.0,2.5,151.0,2.0,355.0,1.5,330.0,1.0,806.0,0.5,10.0
2023-04-27 21:41:34.75,1682602894750000000,3.0,3.0,2.5,6103.0,25.0,740.0,3.0,129.0,3.5,16.0,4.0,13.0,6.0,1.0,6.5,1.0,2.5,151.0,2.0,355.0,1.5,350.0,1.0,786.0,0.5,10.0
2023-04-27 21:42:28.75,1682602948750000000,3.0,3.0,2.5,6103.0,25.0,740.0,3.0,129.0,3.5,16.0,4.0,13.0,6.0,1.0,6.5,1.0,2.5,151.0,2.0,355.0,1.5,330.0,1.0,806.0,0.5,10.0
2023-04-27 21:43:37.75,1682603017750000000,3.0,3.0,2.5,6113.0,35.0,1040.0,3.0,10.0,3.5,34.0,4.0,13.0,6.0,1.0,6.5,1.0,2.5,32.0,2.0,355.0,1.5,348.0,1.0,806.0,0.5,10.0
2023-04-27 21:43:38.75,1682603018750000000,3.0,3.0,2.5,6113.0,36.0,1070.0,3.0,9.0,3.5,34.0,4.0,13.0,6.0,1.0,6.5,1.0,2.5,32.0,2.0,355.0,1.5,348.0,1.0,806.0,0.5,10.0
2023-04-27 21:43:39.0,1682603019000000000,3.0,3.0,2.5,6113.0,36.0,1070.0,3.0,10.0,3.5,34.0,4.0,13.0,6.0,1.0,6.5,1.0,2.5,32.0,2.0,355.0,1.5,348.0,1.0,806.0,0.5,10.0
2023-04-27 21:43:40.0,1682603020000000000,3.0,3.0,2.5,6113.0,36.0,1070.0,3.0,11.0,3.5,34.0,4.0,13.0,6.0,1.0,6.5,1.0,2.5,33.0,2.0,355.0,1.5,348.0,1.0,806.0,0.5,10.0
2023-04-27 21:43:42.75,1682603022750000000,3.0,3.0,2.5,6113.0,36.0,1070.0,3.0,111.0,3.5,34.0,4.0,13.0,6.0,1.0,6.5,1.0,2.5,133.0,2.0,355.0,1.5,348.0,1.0,806.0,0.5,10.0
2023-04-27 21:43:43.75,1682603023750000000,3.0,3.0,2.5,6113.0,36.0,1070.0,3.0,129.0,3.5,16.0,4.0,13.0,6.0,1.0,6.5,1.0,2.5,151.0,2.0,355.0,1.5,330.0,1.0,806.0,0.5,10.0
2023-04-27 21:47:19.75,1682603239750000000,3.0,3.0,2.5,6123.0,46.0,1370.0,3.0,101.0,3.5,34.0,4.0,13.0,6.0,1.0,6.5,1.0,2.5,133.0,2.0,355.0,1.5,348.0,1.0,806.0,0.5,10.0
2023-04-27 21:47:20.0,1682603240000000000,3.0,3.0,2.5,6123.0,46.0,1370.0,3.0,111.0,3.5,34.0,4.0,13.0,6.0,1.0,6.5,1.0,2.5,133.0,2.0,355.0,1.5,348.0,1.0,806.0,0.5,10.0
2023-04-27 21:47:25.75,1682603245750000000,3.0,3.0,2.5,6123.0,46.0,1370.0,3.0,129.0,3.5,16.0,4.0,13.0,6.0,1.0,6.5,1.0,2.5,151.0,2.0,355.0,1.5,330.0,1.0,806.0,0.5,10.0
2023-04-27 21:47:31.25,1682603251250000000,3.0,3.0,2.5,6123.0,46.0,1370.0,3.0,111.0,3.5,16.0,4.0,13.0,6.0,1.0,6.5,1.0,2.5,133.0,2.0,355.0,1.5,330.0,1.0,806.0,0.5,10.0
2023-04-27 21:47:31.5,1682603251500000000,3.0,3.0,2.5,6132.0,56.0,1670.0,3.0,10.0,3.5,34.0,4.0,13.0,6.0,1.0,6.5,1.0,2.5,32.0,2.0,355.0,1.5,348.0,1.0,806.0,0.5,10.0
2023-04-27 21:47:32.75,1682603252750000000,3.0,3.0,2.5,6132.0,57.0,1700.0,3.0,9.0,3.5,34.0,4.0,13.0,6.0,1.0,6.5,1.0,2.5,32.0,2.0,355.0,1.5,348.0,1.0,806.0,0.5,10.0
2023-04-27 21:47:33.0,1682603253000000000,3.0,3.0,2.5,6132.0,57.0,1700.0,3.0,10.0,3.5,34.0,4.0,13.0,6.0,1.0,6.5,1.0,2.5,32.0,2.0,355.0,1.5,348.0,1.0,806.0,0.5,10.0
2023-04-27 21:47:33.75,1682603253750000000,3.0,3.0,2.5,6132.0,57.0,1700.0,3.0,11.0,3.5,34.0,4.0,13.0,6.0,1.0,6.5,1.0,2.5,33.0,2.0,355.0,1.5,348.0,1.0,806.0,0.5,10.0
2023-04-27 21:47:36.5,1682603256500000000,3.0,3.0,2.5,6132.0,57.0,1700.0,3.0,111.0,3.5,34.0,4.0,13.0,6.0,1.0,6.5,1.0,2.5,133.0,2.0,355.0,1.5,348.0,1.0,806.0,0.5,10.0
2023-04-27 21:47:37.5,1682603257500000000,3.0,3.0,2.5,6142.0,67.0,2000.0,3.0,101.0,3.5,34.0,4.0,13.0,6.0,1.0,6.5,1.0,2.5,133.0,2.0,355.0,1.5,348.0,1.0,806.0,0.5,10.0
2023-04-27 21:47:37.75,1682603257750000000,3.0,3.0,2.5,6142.0,67.0,2000.0,3.0,101.0,3.5,44.0,4.0,13.0,6.0,1.0,6.5,1.0,2.5,133.0,2.0,355.0,1.5,348.0,1.0,806.0,0.5,10.0
2023-04-27 21:47:43.5,1682603263500000000,3.0,3.0,2.5,6152.0,77.0,2300.0,3.5,44.0,4.0,13.0,6.0,1.0,6.5,1.0,7.0,5.0,2.5,32.0,2.0,355.0,1.5,348.0,1.0,806.0,0.5,10.0
2023-04-27 21:47:43.75,1682603263750000000,3.0,3.0,2.5,6152.0,77.0,2300.0,3.5,34.0,4.0,23.0,6.0,1.0,6.5,1.0,7.0,5.0,2.5,32.0,2.0,355.0,1.5,348.0,1.0,806.0,0.5,10.0
2023-04-27 21:47:44.75,1682603264750000000,3.0,3.0,2.5,6152.0,77.0,2300.0,3.5,34.0,4.0,24.0,6.0,1.0,6.5,1.0,7.0,5.0,3.0,1.0,2.5,32.0,2.0,355.0,1.5,348.0,1.0,806.0
2023-04-27 21:47:45.0,1682603265000000000,3.0,3.0,2.5,6152.0,77.0,2300.0,3.5,34.0,4.0,23.0,6.0,1.0,6.5,1.0,7.0,5.0,3.0,10.0,2.5,22.0,2.0,355.0,1.5,348.0,1.0,806.0
2023-04-27 21:47:45.75,1682603265750000000,3.0,3.0,2.5,6152.0,77.0,2300.0,3.5,35.0,4.0,23.0,6.0,1.0,6.5,1.0,7.0,5.0,3.0,11.0,2.5,22.0,2.0,355.0,1.5,348.0,1.0,806.0
2023-04-27 21:47:49.0,1682603269000000000,3.0,3.0,2.5,6152.0,77.0,2300.0,3.5,135.0,4.0,23.0,6.0,1.0,6.5,1.0,7.0,5.0,3.0,111.0,2.5,22.0,2.0,355.0,1.5,368.0,1.0,786.0
2023-04-27 21:47:49.5,1682603269500000000,3.0,3.0,2.5,6152.0,77.0,2300.0,3.5,135.0,4.0,23.0,6.0,1.0,6.5,1.0,7.0,5.0,3.0,129.0,2.5,22.0,2.0,355.0,1.5,350.0,1.0,786.0
2023-04-27 21:51:25.0,1682603485000000000,3.0,3.0,2.5,6141.0,112.0,3350.0,3.5,34.0,4.0,23.0,6.0,1.0,6.5,1.0,7.0,5.0,3.0,18.0,2.5,22.0,2.0,355.0,1.5,350.0,1.0,786.0
2023-04-27 21:51:25.25,1682603485250000000,3.0,3.0,2.5,6141.0,112.0,3350.0,3.5,44.0,4.0,13.0,6.0,1.0,6.5,1.0,7.0,5.0,3.0,18.0,2.5,32.0,2.0,355.0,1.5,350.0,1.0,786.0
2023-04-27 21:51:25.75,1682603485750000000,3.0,3.0,2.5,6141.0,112.0,3350.0,3.5,45.0,4.0,13.0,6.0,1.0,6.5,1.0,7.0,5.0,3.0,19.0,2.5,32.0,2.0,355.0,1.5,350.0,1.0,786.0
2023-04-27 21:51:30.5,1682603490500000000,3.0,3.0,2.5,6141.0,112.0,3350.0,3.5,145.0,4.0,13.0,6.0,1.0,6.5,1.0,7.0,5.0,3.0,129.0,2.5,22.0,2.0,355.0,1.5,350.0,1.0,786.0
2023-04-27 21:52:21.5,1682603541500000000,3.0,3.0,2.5,6141.0,127.0,3800.0,3.5,145.0,4.0,13.0,6.0,1.0,6.5,1.0,7.0,5.0,3.0,111.0,2.5,22.0,2.0,355.0,1.5,368.0,1.0,786.0
2023-04-27 21:52:27.5,1682603547500000000,3.0,3.0,2.5,6141.0,127.0,3800.0,3.5,145.0,4.0,13.0,6.0,1.0,6.5,1.0,7.0,5.0,3.0,129.0,2.5,22.0,2.0,355.0,1.5,350.0,1.0,786.0
2023-04-27 21:53:08.5,1682603588500000000,3.0,3.0,2.5,6141.0,127.0,3800.0,3.5,145.0,4.0,13.0,6.0,1.0,6.5,1.0,7.0,5.0,3.0,129.0,2.5,22.0,2.0,355.0,1.5,330.0,1.0,806.0
2023-04-27 21:54:42.0,1682603682000000000,3.0,3.0,2.5,6141.0,127.0,3800.0,3.5,146.0,4.0,13.0,6.0,1.0,6.5,1.0,7.0,5.0,3.0,129.0,2.5,22.0,2.0,355.0,1.5,330.0,1.0,806.0
2023-04-27 21:56:52.5,1682603812500000000,3.0,3.0,2.5,6141.0,127.0,3800.0,3.5,146.0,4.0,13.0,6.0,1.0,6.5,1.0,7.0,5.0,3.0,129.0,2.5,22.0,2.0,355.0,1.5,330.0,1.0,807.0
2023-04-27 21:58:28.0,1682603908000000000,3.0,3.0,2.5,6151.0,137.0,4100.0,3.5,45.0,4.0,13.0,6.0,1.0,6.5,1.0,7.0,5.0,3.0,28.0,2.5,22.0,2.0,355.0,1.5,330.0,1.0,807.0
2023-04-27 21:58:29.25,1682603909250000000,3.0,3.0,2.5,6150.0,138.0,4130.0,3.5,45.0,4.0,13.0,6.0,1.0,6.5,1.0,7.0,5.0,3.0,27.0,2.5,22.0,2.0,355.0,1.5,330.0,1.0,807.0
2023-04-27 21:58:29.5,1682603909500000000,3.0,3.0,2.5,6150.0,138.0,4130.0,3.5,45.0,4.0,13.0,6.0,1.0,6.5,1.0,7.0,5.0,3.0,28.0,2.5,22.0,2.0,355.0,1.5,330.0,1.0,807.0
2023-04-27 21:58:30.25,1682603910250000000,3.0,3.0,2.5,6150.0,138.0,4130.0,3.5,46.0,4.0,13.0,6.0,1.0,6.5,1.0,7.0,5.0,3.0,29.0,2.5,22.0,2.0,355.0,1.5,330.0,1.0,807.0
2023-04-27 21:58:33.25,1682603913250000000,3.0,3.0,2.5,6150.0,138.0,4130.0,3.5,146.0,4.0,13.0,6.0,1.0,6.5,1.0,7.0,5.0,3.0,129.0,2.5,22.0,2.0,355.0,1.5,330.0,1.0,807.0
2023-04-27 22:01:05.75,1682604065750000000,3.0,3.0,2.5,6150.0,138.0,4130.0,3.5,128.0,4.0,13.0,6.0,1.0,6.5,1.0,7.0,5.0,3.0,111.0,2.5,22.0,2.0,355.0,1.5,330.0,1.0,807.0
2023-04-27 22:01:06.75,1682604066750000000,3.0,3.0,2.5,6150.0,138.0,4130.0,3.5,146.0,4.0,13.0,6.0,1.0,6.5,1.0,7.0,5.0,3.0,129.0,2.5,22.0,2.0,355.0,1.5,330.0,1.0,807.0
2023-04-27 22:02:47.5,1682604167500000000,3.0,3.0,2.5,6150.0,148.0,4430.0,3.5,128.0,4.0,13.0,4.5,18.0,6.0,1.0,6.5,1.0,3.0,101.0,2.5,40.0,2.0,355.0,1.5,330.0,1.0,807.0
2023-04-27 22:02:47.75,1682604167750000000,3.0,3.0,2.5,6150.0,148.0,4430.0,3.5,128.0,4.0,13.0,4.5,18.0,6.0,1.0,6.5,1.0,3.0,111.0,2.5,40.0,2.0,355.0,1.5,330.0,1.0,807.0
2023-04-27 22:02:53.5,1682604173500000000,3.0,3.0,2.5,6150.0,148.0,4430.0,3.5,146.0,4.0,13.0,6.0,1.0,6.5,1.0,7.0,5.0,3.0,129.0,2.5,22.0,2.0,355.0,1.5,330.0,1.0,807.0
2023-04-27 22:03:14.0,1682604194000000000,3.0,3.0,2.5,6160.0,158.0,4730.0,3.5,27.0,4.0,13.0,4.5,18.0,6.0,1.0,6.5,1.0,3.0,10.0,2.5,40.0,2.0,355.0,1.5,330.0,1.0,807.0
2023-04-27 22:03:15.25,1682604195250000000,3.0,3.0,2.5,6159.0,159.0,4760.0,3.5,27.0,4.0,13.0,4.5,18.0,6.0,1.0,6.5,1.0,3.0,9.0,2.5,40.0,2.0,355.0,1.5,330.0,1.0,807.0
2023-04-27 22:03:15.5,1682604195500000000,3.0,3.0,2.5,6159.0,159.0,4760.0,3.5,27.0,4.0,13.0,4.5,18.0,6.0,1.0,6.5,1.0,3.0,10.0,2.5,40.0,2.0,355.0,1.5,330.0,1.0,807.0
2023-04-27 22:03:16.25,1682604196250000000,3.0,3.0,2.5,6159.0,159.0,4760.0,3.5,28.0,4.0,13.0,4.5,18.0,6.0,1.0,6.5,1.0,3.0,11.0,2.5,40.0,2.0,355.0,1.5,330.0,1.0,807.0
2023-04-27 22:03:19.25,1682604199250000000,3.0,3.0,2.5,6159.0,159.0,4760.0,3.5,128.0,4.0,13.0,4.5,18.0,6.0,1.0,6.5,1.0,3.0,111.0,2.5,40.0,2.0,355.0,1.5,330.0,1.0,807.0
2023-04-27 22:03:20.0,1682604200000000000,3.0,3.0,2.5,6159.0,159.0,4760.0,3.5,146.0,4.0,13.0,6.0,1.0,6.5,1.0,7.0,5.0,3.0,129.0,2.5,22.0,2.0,355.0,1.5,330.0,1.0,807.0
2023-04-27 22:03:38.75,1682604218750000000,3.0,3.0,2.5,6159.0,169.0,5060.0,3.5,128.0,4.0,13.0,4.5,18.0,6.0,1.0,6.5,1.0,3.0,101.0,2.5,40.0,2.0,355.0,1.5,330.0,1.0,807.0
2023-04-27 22:03:39.0,1682604219000000000,3.0,3.0,2.5,6159.0,169.0,5060.0,3.5,128.0,4.0,13.0,4.5,18.0,6.0,1.0,6.5,1.0,3.0,111.0,2.5,40.0,2.0,355.0,1.5,330.0,1.0,807.0
2023-04-27 22:03:44.75,1682604224750000000,3.0,3.0,2.5,6159.0,169.0,5060.0,3.5,146.0,4.0,13.0,6.0,1.0,6.5,1.0,7.0,5.0,3.0,129.0,2.5,22.0,2.0,355.0,1.5,330.0,1.0,807.0
2023-04-27 22:04:41.25,1682604281250000000,3.0,3.0,2.5,6169.0,179.0,5360.0,3.5,27.0,4.0,13.0,4.5,18.0,6.0,1.0,6.5,1.0,3.0,10.0,2.5,40.0,2.0,355.0,1.5,330.0,1.0,807.0
2023-04-27 22:04:42.5,1682604282500000000,3.0,3.0,2.5,6168.0,180.0,5390.0,3.5,27.0,4.0,13.0,4.5,18.0,6.0,1.0,6.5,1.0,3.0,9.0,2.5,40.0,2.0,355.0,1.5,330.0,1.0,807.0
2023-04-27 22:04:42.75,1682604282750000000,3.0,3.0,2.5,6168.0,180.0,5390.0,3.5,27.0,4.0,13.0,4.5,18.0,6.0,1.0,6.5,1.0,3.0,10.0,2.5,40.0,2.0,355.0,1.5,330.0,1.0,807.0
2023-04-27 22:04:43.5,1682604283500000000,3.0,3.0,2.5,6168.0,180.0,5390.0,3.5,28.0,4.0,13.0,4.5,18.0,6.0,1.0,6.5,1.0,3.0,11.0,2.5,40.0,2.0,355.0,1.5,330.0,1.0,807.0
2023-04-27 22:04:46.25,1682604286250000000,3.0,3.0,2.5,6168.0,180.0,5390.0,3.5,128.0,4.0,13.0,4.5,18.0,6.0,1.0,6.5,1.0,3.0,111.0,2.5,40.0,2.0,355.0,1.5,330.0,1.0,807.0
2023-04-27 22:04:47.25,1682604287250000000,3.0,3.0,2.5,6168.0,180.0,5390.0,3.5,146.0,4.0,13.0,6.0,1.0,6.5,1.0,7.0,5.0,3.0,129.0,2.5,22.0,2.0,355.0,1.5,330.0,1.0,807.0
2023-04-27 22:04:47.5,1682604287500000000,3.0,3.0,2.5,6168.0,180.0,5390.0,3.5,128.0,4.0,13.0,6.0,1.0,6.5,1.0,7.0,5.0,3.0,111.0,2.5,22.0,2.0,355.0,1.5,330.0,1.0,807.0
2023-04-27 22:04:47.75,1682604287750000000,3.0,3.0,2.5,6168.0,190.0,5690.0,3.5,128.0,4.0,13.0,4.5,18.0,6.0,1.0,6.5,1.0,3.0,101.0,2.5,40.0,2.0,355.0,1.5,330.0,1.0,807.0
2023-04-27 22:04:48.0,1682604288000000000,3.0,3.0,2.5,6168.0,190.0,5690.0,3.5,128.0,4.0,13.0,4.5,18.0,6.0,1.0,6.5,1.0,3.0,101.0,2.5,50.0,2.0,355.0,1.5,330.0,1.0,807.0
2023-04-27 22:04:53.75,1682604293750000000,3.0,3.0,2.5,6168.0,190.0,5690.0,3.5,146.0,4.0,13.0,6.0,1.0,6.5,1.0,7.0,5.0,3.0,119.0,2.5,32.0,2.0,355.0,1.5,330.0,1.0,807.0
2023-04-27 22:05:50.0,1682604350000000000,3.0,3.0,2.5,6178.0,200.0,5990.0,3.5,45.0,4.0,13.0,6.0,1.0,6.5,1.0,7.0,5.0,3.0,18.0,2.5,32.0,2.0,355.0,1.5,330.0,1.0,807.0
2023-04-27 22:05:51.25,1682604351250000000,3.0,3.0,2.5,6178.0,201.0,6020.0,3.5,45.0,4.0,13.0,6.0,1.0,6.5,1.0,7.0,5.0,3.0,17.0,2.5,32.0,2.0,355.0,1.5,330.0,1.0,807.0
2023-04-27 22:05:52.25,1682604352250000000,3.0,3.0,2.5,6178.0,201.0,6020.0,3.5,46.0,4.0,13.0,6.0,1.0,6.5,1.0,7.0,5.0,3.0,18.0,2.5,32.0,2.0,355.0,1.5,330.0,1.0,807.0
2023-04-27 22:05:54.25,1682604354250000000,3.0,3.0,2.5,6179.0,202.0,6050.0,3.5,27.0,4.0,13.0,4.5,18.0,6.0,1.0,6.5,1.0,2.5,50.0,2.0,355.0,1.5,330.0,1.0,807.0,0.5,10.0
2023-04-27 22:05:54.5,1682604354500000000,3.0,3.0,2.5,6179.0,202.0,6050.0,3.5,27.0,4.0,13.0,4.5,18.0,6.0,1.0,6.5,1.0,2.5,40.0,2.0,365.0,1.5,330.0,1.0,807.0,0.5,10.0
2023-04-27 22:05:55.25,1682604355250000000,3.0,3.0,2.5,6179.0,202.0,6050.0,3.5,127.0,4.0,13.0,4.5,18.0,6.0,1.0,6.5,1.0,2.5,140.0,2.0,365.0,1.5,330.0,1.0,807.0,0.5,10.0
2023-04-27 22:05:55.5,1682604355500000000,3.0,3.0,2.5,6179.0,202.0,6050.0,3.0,1.0,3.5,127.0,4.0,13.0,4.5,18.0,6.0,1.0,2.5,140.0,2.0,366.0,1.5,330.0,1.0,807.0,0.5,10.0
2023-04-27 22:05:55.75,1682604355750000000,3.0,3.0,2.5,6179.0,202.0,6050.0,3.0,110.0,3.5,17.0,4.0,13.0,4.5,18.0,6.0,1.0,2.5,140.0,2.0,365.0,1.5,330.0,1.0,807.0,0.5,10.0
2023-04-27 22:05:56.5,1682604356500000000,3.0,3.0,2.5,6179.0,202.0,6050.0,3.0,111.0,3.5,17.0,4.0,13.0,4.5,18.0,6.0,1.0,2.5,141.0,2.0,365.0,1.5,330.0,1.0,807.0,0.5,10.0
2023-04-27 22:06:00.25,1682604360250000000,3.0,3.0,2.5,6179.0,202.0,6050.0,3.0,129.0,3.5,17.0,4.0,13.0,6.0,1.0,6.5,1.0,2.5,141.0,2.0,365.0,1.5,330.0,1.0,807.0,0.5,10.0
2023-04-27 22:06:16.75,1682604376750000000,3.0,3.0,2.5,6179.0,202.0,6050.0,3.0,129.0,3.5,17.0,4.0,13.0,6.0,1.0,6.5,1.0,2.5,141.0,2.0,365.0,1.5,330.0,1.0,787.0,0.5,30.0
2023-04-27 22:09:37.75,1682604577750000000,3.0,3.0,2.5,6179.0,202.0,6050.0,3.0,129.0,3.5,97.0,4.0,13.0,6.0,1.0,6.5,1.0,2.5,141.0,2.0,365.0,1.5,330.0,1.0,787.0,0.5,30.0
2023-04-27 22:09:38.0,1682604578000000000,3.0,3.0,2.5,6179.0,202.0,6050.0,3.0,129.0,3.5,97.0,4.0,13.0,6.0,1.0,6.5,1.0,2.5,141.0,2.0,365.0,1.5,330.0,1.0,807.0,0.5,10.0
2023-04-27 22:13:53.5,1682604833500000000,3.0,3.0,2.5,6179.0,202.0,6050.0,3.0,129.0,3.5,97.0,4.0,13.0,6.0,1.0,6.5,1.0,2.5,141.0,2.0,365.0,1.5,330.0,1.0,787.0,0.5,30.0
2023-04-27 22:14:41.75,1682604881750000000,3.0,3.0,2.5,6179.0,202.0,6050.0,3.0,111.0,3.5,97.0,4.0,13.0,6.0,1.0,6.5,1.0,2.5,123.0,2.0,365.0,1.5,330.0,1.0,787.0,0.5,30.0
2023-04-27 22:14:55.75,1682604895750000000,3.0,3.0,2.5,6179.0,202.0,6050.0,3.0,111.0,3.5,97.0,4.0,31.0,6.0,1.0,6.5,1.0,2.5,123.0,2.0,365.0,1.5,348.0,1.0,787.0,0.5,30.0
2023-04-27 22:14:56.0,1682604896000000000,3.0,3.0,2.5,6179.0,202.0,6050.0,3.0,111.0,3.5,97.0,4.0,31.0,6.0,1.0,6.5,1.0,2.5,123.0,2.0,365.0,1.5,348.0,1.0,807.0,0.5,10.0
2023-04-27 22:14:56.75,1682604896750000000,3.0,3.0,2.5,6179.0,202.0,6050.0,3.0,129.0,3.5,97.0,4.0,13.0,6.0,1.0,6.5,1.0,2.5,141.0,2.0,365.0,1.5,330.0,1.0,807.0,0.5,10.0
2023-04-27 22:17:37.75,1682605057750000000,3.0,3.0,2.5,6179.0,202.0,6050.0,3.0,129.0,3.5,97.0,4.0,13.0,6.0,1.0,6.5,1.0,2.5,141.0,2.0,365.0,1.5,330.0,1.0,787.0,0.5,30.0
2023-04-27 22:22:48.5,1682605368500000000,3.0,3.0,2.5,6179.0,202.0,6050.0,3.0,129.0,3.5,97.0,4.0,3.0,6.0,1.0,6.5,1.0,2.5,131.0,2.0,365.0,1.5,330.0,1.0,807.0,0.5,10.0
2023-04-27 22:23:59.0,1682605439000000000,3.0,3.0,2.5,6179.0,202.0,6050.0,3.0,129.0,3.5,107.0,4.0,3.0,6.0,1.0,6.5,1.0,2.5,141.0,2.0,365.0,1.5,330.0,1.0,807.0,0.5,10.0
2023-04-27 22:28:02.25,1682605682250000000,3.0,2.5,2.5,6179.0,212.0,6300.0,3.0,129.0,3.5,107.0,4.0,3.0,6.0,1.0,6.5,1.0,2.5,131.0,2.0,365.0,1.5,330.0,1.0,807.0,0.5,10.0
2023-04-27 22:30:43.5,1682605843500000000,3.0,2.5,2.5,6179.0,212.0,6300.0,3.0,209.0,3.5,27.0,4.0,3.0,6.0,1.0,6.5,1.0,2.5,131.0,2.0,365.0,1.5,330.0,1.0,807.0,0.5,10.0
2023-04-27 22:35:25.25,1682606125250000000,3.0,2.5,2.5,6179.0,212.0,6300.0,3.0,191.0,3.5,27.0,4.0,3.0,6.0,1.0,6.5,1.0,2.5,113.0,2.0,365.0,1.5,330.0,1.0,807.0,0.5,10.0
2023-04-27 22:35:25.5,1682606125500000000,3.0,2.5,2.5,6179.0,212.0,6300.0,3.0,191.0,3.5,27.0,4.0,3.0,6.0,1.0,6.5,1.0,2.5,113.0,2.0,385.0,1.5,330.0,1.0,787.0,0.5,10.0
2023-04-27 22:35:27.25,1682606127250000000,3.0,2.5,2.5,6179.0,212.0,6300.0,3.0,191.0,3.5,45.0,4.0,3.0,6.0,1.0,6.5,1.0,2.5,131.0,2.0,385.0,1.5,330.0,1.0,787.0,0.5,10.0
2023-04-27 22:35:29.0,1682606129000000000,3.0,2.5,2.5,6179.0,212.0,6300.0,3.0,191.0,3.5,27.0,4.0,3.0,6.0,1.0,6.5,1.0,2.5,113.0,2.0,385.0,1.5,330.0,1.0,787.0,0.5,10.0
2023-04-27 22:35:29.25,1682606129250000000,3.0,2.5,2.5,6179.0,212.0,6300.0,3.0,209.0,3.5,27.0,4.0,3.0,6.0,1.0,6.5,1.0,2.5,131.0,2.0,385.0,1.5,330.0,1.0,787.0,0.5,10.0
2023-04-27 22:35:35.25,1682606135250000000,3.0,3.0,2.5,6279.0,312.0,9300.0,3.0,99.0,3.5,27.0,4.0,3.0,6.0,1.0,6.5,1.0,2.5,31.0,2.0,385.0,1.5,330.0,1.0,787.0,0.5,10.0
2023-04-27 22:35:35.5,1682606135500000000,3.0,3.0,2.5,6279.0,312.0,9300.0,3.0,109.0,3.5,27.0,4.0,3.0,6.0,1.0,6.5,1.0,2.5,41.0,2.0,375.0,1.5,330.0,1.0,787.0,0.5,10.0
2023-04-27 22:35:39.25,1682606139250000000,3.0,3.0,2.5,6279.0,312.0,9300.0,3.0,109.0,3.5,27.0,4.0,3.0,6.0,1.0,6.5,1.0,2.5,141.0,2.0,375.0,1.5,330.0,1.0,787.0,0.5,10.0
2023-04-27 22:35:40.5,1682606140500000000,3.0,3.0,2.5,6279.0,312.0,9300.0,3.0,209.0,3.5,27.0,4.0,3.0,6.0,1.0,6.5,1.0,2.5,241.0,2.0,375.0,1.5,330.0,1.0,787.0,0.5,10.0
2023-04-27 22:35:44.25,1682606144250000000,3.0,3.0,2.5,6279.0,312.0,9300.0,3.0,209.0,3.5,27.0,4.0,3.0,6.0,1.0,6.5,1.0,2.5,341.0,2.0,375.0,1.5,330.0,1.0,787.0,0.5,10.0
2023-04-27 22:35:51.0,1682606151000000000,3.0,3.0,2.5,6279.0,312.0,9300.0,3.0,209.0,3.5,27.0,4.0,3.0,6.0,1.0,6.5,1.0,2.5,441.0,2.0,375.0,1.5,330.0,1.0,787.0,0.5,10.0
2023-04-27 22:35:53.0,1682606153000000000,3.0,3.0,2.5,6298.0,412.0,12300.0,3.0,109.0,3.5,27.0,4.0,3.0,4.5,18.0,6.0,1.0,2.5,440.0,2.0,375.0,1.5,330.0,1.0,787.0,0.5,10.0
2023-04-27 22:35:53.25,1682606153250000000,3.0,3.0,2.5,6298.0,412.0,12300.0,3.0,111.0,3.5,27.0,4.0,3.0,4.5,18.0,6.0,1.0,2.5,441.0,2.0,375.0,1.5,330.0,1.0,787.0,0.5,10.0
2023-04-27 22:35:54.5,1682606154500000000,3.0,3.0,2.5,6398.0,512.0,15300.0,3.0,11.0,3.5,27.0,4.0,3.0,4.5,18.0,6.0,1.0,2.5,341.0,2.0,375.0,1.5,330.0,1.0,787.0,0.5,10.0
2023-04-27 22:35:56.0,1682606156000000000,3.0,3.0,2.5,6409.0,523.0,15630.0,3.5,27.0,4.0,3.0,4.5,18.0,6.0,1.0,6.5,1.0,3.0,89.0,2.5,340.0,2.0,375.0,1.5,330.0,1.0,787.0
2023-04-27 22:35:56.25,1682606156250000000,3.0,3.0,2.5,6409.0,523.0,15630.0,3.5,27.0,4.0,13.0,4.5,18.0,6.0,1.0,6.5,1.0,3.0,99.0,2.5,330.0,2.0,375.0,1.5,330.0,1.0,787.0
2023-04-27 22:35:57.25,1682606157250000000,3.0,3.0,2.5,6409.0,523.0,15630.0,3.5,28.0,4.0,13.0,4.5,18.0,6.0,1.0,6.5,1.0,3.0,200.0,2.5,330.0,2.0,375.0,1.5,330.0,1.0,787.0
2023-04-27 22:35:59.0,1682606159000000000,3.0,3.0,2.5,6409.0,523.0,15630.0,3.5,46.0,4.0,13.0,6.0,1.0,6.5,1.0,7.0,5.0,3.0,218.0,2.5,312.0,2.0,375.0,1.5,330.0,1.0,787.0
2023-04-27 22:35:59.25,1682606159250000000,3.0,3.0,2.5,6409.0,523.0,15630.0,3.5,56.0,4.0,3.0,6.0,1.0,6.5,1.0,7.0,5.0,3.0,218.0,2.5,312.0,2.0,375.0,1.5,330.0,1.0,787.0
2023-04-27 22:36:18.25,1682606178250000000,3.0,3.0,2.5,6409.0,523.0,15630.0,3.5,156.0,4.0,3.0,6.0,1.0,6.5,1.0,7.0,5.0,3.0,318.0,2.5,312.0,2.0,375.0,1.5,330.0,1.0,787.0
2023-04-27 22:37:31.0,1682606251000000000,3.0,3.0,2.5,6409.0,523.0,15630.0,3.5,156.0,4.0,3.0,6.0,1.0,6.5,1.0,7.0,5.0,3.0,318.0,2.5,412.0,2.0,375.0,1.5,330.0,1.0,787.0
2023-04-27 22:37:34.25,1682606254250000000,3.0,3.0,2.5,6409.0,523.0,15630.0,3.5,156.0,4.0,3.0,6.0,1.0,6.5,1.0,7.0,5.0,3.0,318.0,2.5,512.0,2.0,375.0,1.5,330.0,1.0,787.0
2023-04-27 22:37:37.5,1682606257500000000,3.0,3.0,2.5,6409.0,523.0,15630.0,3.5,156.0,4.0,3.0,6.0,1.0,6.5,1.0,7.0,5.0,3.0,318.0,2.5,612.0,2.0,375.0,1.5,330.0,1.0,787.0
2023-04-27 22:37:40.75,1682606260750000000,3.0,3.0,2.5,6409.0,523.0,15630.0,3.5,156.0,4.0,3.0,6.0,1.0,6.5,1.0,7.0,5.0,3.0,318.0,2.5,712.0,2.0,375.0,1.5,330.0,1.0,787.0
2023-04-27 22:37:44.0,1682606264000000000,3.0,3.0,2.5,6409.0,523.0,15630.0,3.5,156.0,4.0,3.0,6.0,1.0,6.5,1.0,7.0,5.0,3.0,318.0,2.5,812.0,2.0,375.0,1.5,330.0,1.0,787.0
2023-04-27 22:43:26.25,1682606606250000000,3.0,3.0,2.5,6409.0,523.0,15630.0,3.5,138.0,4.0,3.0,6.0,1.0,6.5,1.0,7.0,5.0,3.0,300.0,2.5,812.0,2.0,375.0,1.5,330.0,1.0,787.0
2023-04-27 22:43:54.25,1682606634250000000,3.0,3.0,2.5,6419.0,533.0,15930.0,3.5,138.0,4.0,3.0,6.0,1.0,6.5,1.0,7.0,5.0,3.0,290.0,2.5,812.0,2.0,375.0,1.5,330.0,1.0,787.0
2023-04-27 22:44:41.0,1682606681000000000,3.0,3.0,2.5,6419.0,533.0,15930.0,3.5,138.0,4.0,3.0,4.5,18.0,6.0,1.0,6.5,1.0,3.0,290.0,2.5,812.0,2.0,393.0,1.5,330.0,1.0,787.0
2023-04-27 22:44:41.5,1682606681500000000,3.0,3.0,2.5,6419.0,533.0,15930.0,3.5,138.0,4.0,3.0,6.0,1.0,6.5,1.0,7.0,5.0,3.0,290.0,2.5,812.0,2.0,375.0,1.5,330.0,1.0,787.0
2023-04-27 22:44:43.5,1682606683500000000,3.0,3.0,2.5,6419.0,533.0,15930.0,3.5,156.0,4.0,3.0,6.0,1.0,6.5,1.0,7.0,5.0,3.0,308.0,2.5,812.0,2.0,375.0,1.5,330.0,1.0,787.0
2023-04-27 22:47:51.0,1682606871000000000,3.0,3.0,2.5,6419.0,533.0,15930.0,3.5,138.0,4.0,3.0,6.0,1.0,6.5,1.0,7.0,5.0,3.0,290.0,2.5,812.0,2.0,375.0,1.5,330.0,1.0,787.0
2023-04-27 22:48:21.0,1682606901000000000,3.0,3.0,2.5,6419.0,533.0,15930.0,3.5,138.0,4.0,3.0,4.5,18.0,6.0,1.0,6.5,1.0,3.0,290.0,2.5,812.0,2.0,393.0,1.5,330.0,1.0,787.0
2023-04-27 22:48:21.75,1682606901750000000,3.0,3.0,2.5,6419.0,533.0,15930.0,3.5,138.0,4.0,3.0,6.0,1.0,6.5,1.0,7.0,5.0,3.0,290.0,2.5,812.0,2.0,375.0,1.5,330.0,1.0,787.0
2023-04-27 22:48:23.75,1682606903750000000,3.0,3.0,2.5,6419.0,533.0,15930.0,3.5,156.0,4.0,3.0,6.0,1.0,6.5,1.0,7.0,5.0,3.0,308.0,2.5,812.0,2.0,375.0,1.5,330.0,1.0,787.0
2023-04-27 22:51:04.5,1682607064500000000,3.0,3.0,2.5,6449.0,563.0,16830.0,3.5,156.0,4.0,3.0,6.0,1.0,6.5,1.0,7.0,5.0,3.0,278.0,2.5,812.0,2.0,375.0,1.5,330.0,1.0,787.0
2023-04-27 22:54:49.0,1682607289000000000,3.0,3.0,2.5,6449.0,563.0,16830.0,3.5,156.0,4.0,3.0,6.0,1.0,6.5,1.0,7.0,5.0,3.0,278.0,2.5,810.0,2.0,375.0,1.5,330.0,1.0,787.0
2023-04-27 22:55:06.75,1682607306750000000,3.0,3.0,2.5,6449.0,563.0,16830.0,3.5,156.0,4.0,3.0,6.0,1.0,6.5,1.0,7.0,5.0,3.0,260.0,2.5,828.0,2.0,375.0,1.5,330.0,1.0,787.0
2023-04-27 22:55:23.75,1682607323750000000,3.0,3.0,2.5,6449.0,563.0,16830.0,3.5,156.0,4.0,3.0,6.0,1.0,6.5,1.0,7.0,5.0,3.0,278.0,2.5,810.0,2.0,375.0,1.5,330.0,1.0,787.0
2023-04-27 22:56:32.25,1682607392250000000,3.0,3.0,2.5,6449.0,563.0,16830.0,3.5,156.0,4.0,3.0,6.0,1.0,6.5,1.0,7.0,5.0,3.0,280.0,2.5,810.0,2.0,375.0,1.5,330.0,1.0,787.0
2023-04-27 22:56:36.25,1682607396250000000,3.0,3.0,2.5,6449.0,563.0,16830.0,3.5,140.0,4.0,3.0,6.0,1.0,6.5,1.0,7.0,5.0,3.0,280.0,2.5,810.0,2.0,359.0,1.5,330.0,1.0,787.0
2023-04-27 22:57:20.75,1682607440750000000,3.0,3.0,2.5,6449.0,563.0,16830.0,3.5,140.0,4.0,3.0,6.0,1.0,6.5,1.0,7.0,5.0,3.0,280.0,2.5,810.0,2.0,339.0,1.5,330.0,1.0,787.0
2023-04-27 22:58:21.75,1682607501750000000,3.0,3.0,2.5,6449.0,563.0,16830.0,3.5,122.0,4.0,3.0,6.0,1.0,6.5,1.0,7.0,5.0,3.0,262.0,2.5,810.0,2.0,339.0,1.5,330.0,1.0,787.0
2023-04-27 22:58:44.5,1682607524500000000,3.0,3.0,2.5,6449.0,563.0,16830.0,3.5,22.0,4.0,3.0,6.0,1.0,6.5,1.0,7.0,5.0,3.0,162.0,2.5,810.0,2.0,339.0,1.5,330.0,1.0,787.0
2023-04-27 22:58:57.5,1682607537500000000,3.0,3.0,2.5,6449.0,563.0,16830.0,3.5,21.0,4.0,3.0,6.0,1.0,6.5,1.0,7.0,5.0,3.0,161.0,2.5,810.0,2.0,339.0,1.5,330.0,1.0,787.0
2023-04-27 22:59:01.75,1682607541750000000,3.0,3.0,2.5,6449.0,563.0,16830.0,3.5,11.0,4.0,3.0,6.0,1.0,6.5,1.0,7.0,5.0,3.0,161.0,2.5,800.0,2.0,339.0,1.5,330.0,1.0,787.0
2023-04-27 22:59:02.0,1682607542000000000,3.0,3.0,2.5,6449.0,563.0,16830.0,3.5,21.0,4.0,3.0,6.0,1.0,6.5,1.0,7.0,5.0,3.0,161.0,2.5,810.0,2.0,339.0,1.5,330.0,1.0,787.0
2023-04-27 22:59:31.5,1682607571500000000,3.0,3.0,2.5,6449.0,563.0,16830.0,3.5,11.0,4.0,3.0,6.0,1.0,6.5,1.0,7.0,5.0,3.0,161.0,2.5,800.0,2.0,339.0,1.5,330.0,1.0,787.0
2023-04-27 22:59:31.75,1682607571750000000,3.0,3.0,2.5,6449.0,563.0,16830.0,3.5,1.0,4.0,3.0,6.0,1.0,6.5,1.0,7.0,5.0,3.0,151.0,2.5,800.0,2.0,339.0,1.5,330.0,1.0,787.0
2023-04-27 22:59:54.5,1682607594500000000,3.5,3.5,2.5,6449.0,564.0,16865.0,4.0,3.0,6.0,1.0,6.5,1.0,7.0,5.0,7.5,4.0,3.5,2.0,3.0,151.0,2.5,800.0,2.0,339.0,1.5,330.0
2023-04-28 08:55:00.0,1682643300000000000,3.5,3.5,2.5,6449.0,564.0,16865.0,4.0,3.0,6.0,1.0,6.5,1.0,7.0,5.0,7.5,4.0,3.5,2.0,3.0,151.0,2.5,800.0,2.0,339.0,1.5,330.0
2023-04-28 09:00:00.75,1682643600750000000,3.5,3.5,2.5,6451.0,566.0,16935.0,4.0,3.0,6.0,1.0,6.5,1.0,7.0,5.0,7.5,4.0,3.0,151.0,2.5,800.0,2.0,339.0,1.5,330.0,1.0,787.0
2023-04-28 09:00:02.75,1682643602750000000,3.5,3.5,2.5,6451.0,566.0,16935.0,4.0,3.0,5.0,16.0,6.0,1.0,6.5,1.0,7.0,5.0,3.0,151.0,2.5,800.0,2.0,339.0,1.5,346.0,1.0,787.0
2023-04-28 09:01:34.75,1682643694750000000,3.5,3.5,2.5,6451.0,566.0,16935.0,4.0,3.0,5.0,16.0,5.5,18.0,6.0,1.0,6.5,1.0,3.0,151.0,2.5,818.0,2.0,339.0,1.5,346.0,1.0,787.0
2023-04-28 09:01:35.0,1682643695000000000,3.5,3.5,2.5,6451.0,566.0,16935.0,4.0,3.0,5.0,16.0,5.5,28.0,6.0,1.0,6.5,1.0,3.0,161.0,2.5,818.0,2.0,339.0,1.5,346.0,1.0,787.0
2023-04-28 09:02:08.5,1682643728500000000,3.5,3.5,2.5,6451.0,566.0,16935.0,4.0,3.0,5.0,34.0,5.5,10.0,6.0,1.0,6.5,1.0,3.0,179.0,2.5,800.0,2.0,339.0,1.5,346.0,1.0,787.0
2023-04-28 09:02:08.75,1682643728750000000,3.5,3.5,2.5,6451.0,566.0,16935.0,4.0,3.0,5.0,44.0,6.0,1.0,6.5,1.0,7.0,5.0,3.0,179.0,2.5,800.0,2.0,339.0,1.5,346.0,1.0,787.0
2023-04-28 09:03:14.25,1682643794250000000,3.5,3.5,2.5,6451.0,566.0,16935.0,4.0,103.0,5.0,44.0,6.0,1.0,6.5,1.0,7.0,5.0,3.0,179.0,2.5,800.0,2.0,339.0,1.5,346.0,1.0,787.0
2023-04-28 09:03:14.5,1682643794500000000,3.5,3.5,2.5,6451.0,566.0,16935.0,4.0,131.0,5.0,16.0,6.0,1.0,6.5,1.0,7.0,5.0,3.0,179.0,2.5,800.0,2.0,339.0,1.5,346.0,1.0,787.0
2023-04-28 09:03:15.5,1682643795500000000,3.5,3.0,2.5,6551.0,666.0,19935.0,4.0,131.0,5.0,16.0,6.0,1.0,6.5,1.0,7.0,5.0,3.0,79.0,2.5,800.0,2.0,339.0,1.5,346.0,1.0,787.0
2023-04-28 09:03:22.75,1682643802750000000,3.5,3.0,2.5,6620.0,745.0,22305.0,3.0,21.0,3.5,10.0,4.0,113.0,5.0,16.0,6.0,1.0,2.5,810.0,2.0,339.0,1.5,346.0,1.0,787.0,0.5,10.0
2023-04-28 09:03:23.0,1682643803000000000,3.5,3.0,2.5,6620.0,745.0,22305.0,3.0,21.0,3.5,38.0,4.0,103.0,5.0,16.0,6.0,1.0,2.5,820.0,2.0,339.0,1.5,364.0,1.0,787.0,0.5,10.0
2023-04-28 09:03:28.75,1682643808750000000,3.5,3.0,2.5,6620.0,745.0,22305.0,3.0,21.0,3.5,20.0,4.0,103.0,5.0,16.0,6.0,1.0,2.5,820.0,2.0,339.0,1.5,346.0,1.0,787.0,0.5,10.0
2023-04-28 09:03:29.0,1682643809000000000,3.5,3.0,2.5,6620.0,745.0,22305.0,3.0,21.0,3.5,38.0,4.0,103.0,5.0,16.0,6.0,1.0,2.5,838.0,2.0,339.0,1.5,346.0,1.0,787.0,0.5,10.0
2023-04-28 09:03:29.25,1682643809250000000,3.5,3.0,2.5,6620.0,745.0,22305.0,3.0,39.0,3.5,20.0,4.0,103.0,5.0,16.0,6.0,1.0,2.5,838.0,2.0,339.0,1.5,346.0,1.0,787.0,0.5,10.0
2023-04-28 09:03:29.5,1682643809500000000,3.5,3.0,2.5,6620.0,745.0,22305.0,3.0,49.0,3.5,10.0,4.0,103.0,5.0,16.0,6.0,1.0,2.5,838.0,2.0,339.0,1.5,346.0,1.0,787.0,0.5,10.0
2023-04-28 09:03:44.5,1682643824500000000,3.5,3.0,2.5,6620.0,745.0,22305.0,3.0,50.0,3.5,10.0,4.0,103.0,5.0,16.0,6.0,1.0,2.5,839.0,2.0,339.0,1.5,346.0,1.0,787.0,0.5,10.0
2023-04-28 09:05:02.0,1682643902000000000,3.5,3.0,2.5,6620.0,745.0,22305.0,3.0,50.0,3.5,10.0,4.0,103.0,4.5,16.0,6.0,1.0,2.5,839.0,2.0,339.0,1.5,346.0,1.0,787.0,0.5,10.0
2023-04-28 09:05:44.75,1682643944750000000,3.5,3.0,2.5,6620.0,745.0,22305.0,3.0,50.0,3.5,10.0,4.0,3.0,4.5,16.0,6.0,1.0,2.5,839.0,2.0,339.0,1.5,346.0,1.0,787.0,0.5,10.0
2023-04-28 09:06:09.75,1682643969750000000,3.5,3.0,2.5,6620.0,745.0,22305.0,3.0,32.0,3.5,10.0,4.0,3.0,4.5,16.0,6.0,1.0,2.5,821.0,2.0,339.0,1.5,346.0,1.0,787.0,0.5,10.0
2023-04-28 09:06:10.0,1682643970000000000,3.5,3.0,2.5,6630.0,755.0,22605.0,3.0,22.0,3.5,28.0,4.0,3.0,4.5,16.0,6.0,1.0,2.5,821.0,2.0,339.0,1.5,364.0,1.0,787.0,0.5,10.0
2023-04-28 09:06:16.0,1682643976000000000,3.5,3.0,2.5,6630.0,755.0,22605.0,3.0,40.0,3.5,10.0,4.0,3.0,4.5,16.0,6.0,1.0,2.5,839.0,2.0,339.0,1.5,346.0,1.0,787.0,0.5,10.0
2023-04-28 09:06:20.75,1682643980750000000,3.5,3.0,2.5,6630.0,755.0,22605.0,3.0,40.0,3.5,10.0,4.0,3.0,4.5,16.0,6.0,1.0,2.5,859.0,2.0,339.0,1.5,346.0,1.0,787.0,0.5,10.0
2023-04-28 09:06:22.0,1682643982000000000,3.5,3.0,2.5,6640.0,765.0,22905.0,3.0,12.0,3.5,28.0,4.0,3.0,4.5,16.0,6.0,1.0,2.5,841.0,2.0,339.0,1.5,364.0,1.0,787.0,0.5,10.0
2023-04-28 09:06:28.0,1682643988000000000,3.5,3.0,2.5,6640.0,765.0,22905.0,3.0,30.0,3.5,10.0,4.0,3.0,4.5,16.0,6.0,1.0,2.5,859.0,2.0,339.0,1.5,346.0,1.0,787.0,0.5,10.0
2023-04-28 09:07:20.5,1682644040500000000,3.5,3.0,2.5,6650.0,775.0,23205.0,3.0,2.0,3.5,28.0,4.0,3.0,4.5,16.0,6.0,1.0,2.5,841.0,2.0,339.0,1.5,364.0,1.0,787.0,0.5,10.0
2023-04-28 09:07:20.75,1682644040750000000,3.5,3.0,2.5,6650.0,775.0,23205.0,3.0,11.0,3.5,28.0,4.0,3.0,4.5,16.0,6.0,1.0,2.5,841.0,2.0,339.0,1.5,364.0,1.0,787.0,0.5,10.0
2023-04-28 09:07:26.5,1682644046500000000,3.5,3.0,2.5,6650.0,775.0,23205.0,3.0,29.0,3.5,10.0,4.0,3.0,4.5,16.0,6.0,1.0,2.5,859.0,2.0,339.0,1.5,346.0,1.0,787.0,0.5,10.0
2023-04-28 09:07:31.0,1682644051000000000,3.5,3.0,2.5,6660.0,785.0,23505.0,3.0,1.0,3.5,28.0,4.0,3.0,4.5,16.0,6.0,1.0,2.5,840.0,2.0,339.0,1.5,364.0,1.0,787.0,0.5,10.0
2023-04-28 09:07:31.25,1682644051250000000,3.5,3.0,2.5,6660.0,785.0,23505.0,3.0,10.0,3.5,28.0,4.0,3.0,4.5,16.0,6.0,1.0,2.5,840.0,2.0,339.0,1.5,364.0,1.0,787.0,0.5,10.0
2023-04-28 09:07:32.25,1682644052250000000,3.5,3.0,2.5,6660.0,786.0,23535.0,3.0,9.0,3.5,28.0,4.0,3.0,4.5,16.0,6.0,1.0,2.5,840.0,2.0,339.0,1.5,364.0,1.0,787.0,0.5,10.0
2023-04-28 09:07:32.5,1682644052500000000,3.5,3.0,2.5,6660.0,786.0,23535.0,3.0,10.0,3.5,28.0,4.0,3.0,4.5,16.0,6.0,1.0,2.5,840.0,2.0,339.0,1.5,364.0,1.0,787.0,0.5,10.0
2023-04-28 09:07:33.25,1682644053250000000,3.5,3.0,2.5,6660.0,786.0,23535.0,3.0,11.0,3.5,28.0,4.0,3.0,4.5,16.0,6.0,1.0,2.5,841.0,2.0,339.0,1.5,364.0,1.0,787.0,0.5,10.0
2023-04-28 09:07:37.0,1682644057000000000,3.5,3.0,2.5,6660.0,786.0,23535.0,3.0,29.0,3.5,10.0,4.0,3.0,4.5,16.0,6.0,1.0,2.5,859.0,2.0,339.0,1.5,346.0,1.0,787.0,0.5,10.0
2023-04-28 09:07:42.75,1682644062750000000,3.5,3.0,2.5,6670.0,796.0,23835.0,3.0,1.0,3.5,28.0,4.0,3.0,4.5,16.0,6.0,1.0,2.5,841.0,2.0,339.0,1.5,364.0,1.0,787.0,0.5,10.0
2023-04-28 09:07:43.0,1682644063000000000,3.5,3.0,2.5,6670.0,796.0,23835.0,3.5,28.0,4.0,13.0,4.5,16.0,6.0,1.0,6.5,1.0,2.5,840.0,2.0,339.0,1.5,364.0,1.0,787.0,0.5,10.0
2023-04-28 09:07:43.75,1682644063750000000,3.5,3.0,2.5,6670.0,796.0,23835.0,3.5,29.0,4.0,13.0,4.5,16.0,6.0,1.0,6.5,1.0,2.5,841.0,2.0,339.0,1.5,364.0,1.0,787.0,0.5,10.0
2023-04-28 09:07:48.75,1682644068750000000,3.5,3.0,2.5,6670.0,796.0,23835.0,3.0,19.0,3.5,10.0,4.0,13.0,4.5,16.0,6.0,1.0,2.5,859.0,2.0,339.0,1.5,346.0,1.0,787.0,0.5,10.0
2023-04-28 09:08:00.0,1682644080000000000,3.5,3.0,2.5,6671.0,797.0,23865.0,3.5,28.0,4.0,13.0,4.5,16.0,6.0,1.0,6.5,1.0,2.5,840.0,2.0,339.0,1.5,364.0,1.0,787.0,0.5,10.0
2023-04-28 09:08:01.25,1682644081250000000,3.5,3.0,2.5,6671.0,797.0,23865.0,3.5,28.0,4.0,14.0,4.5,16.0,6.0,1.0,6.5,1.0,3.0,1.0,2.5,840.0,2.0,339.0,1.5,364.0,1.0,787.0
2023-04-28 09:08:01.5,1682644081500000000,3.5,3.0,2.5,6671.0,797.0,23865.0,3.5,28.0,4.0,13.0,4.5,16.0,6.0,1.0,6.5,1.0,2.5,840.0,2.0,339.0,1.5,364.0,1.0,787.0,0.5,10.0
2023-04-28 09:08:02.25,1682644082250000000,3.5,3.0,2.5,6671.0,797.0,23865.0,3.5,28.0,4.0,14.0,4.5,16.0,6.0,1.0,6.5,1.0,3.0,1.0,2.5,840.0,2.0,339.0,1.5,364.0,1.0,787.0
2023-04-28 09:08:02.5,1682644082500000000,3.5,3.0,2.5,6671.0,797.0,23865.0,3.5,28.0,4.0,13.0,4.5,16.0,6.0,1.0,6.5,1.0,3.0,20.0,2.5,820.0,2.0,339.0,1.5,364.0,1.0,787.0
2023-04-28 09:08:03.25,1682644083250000000,3.5,3.0,2.5,6671.0,797.0,23865.0,3.5,29.0,4.0,13.0,4.5,16.0,6.0,1.0,6.5,1.0,3.0,21.0,2.5,820.0,2.0,339.0,1.5,364.0,1.0,787.0
2023-04-28 09:08:06.0,1682644086000000000,3.5,3.0,2.5,6671.0,797.0,23865.0,3.5,29.0,4.0,13.0,4.5,16.0,6.0,1.0,6.5,1.0,3.0,49.0,2.5,810.0,2.0,339.0,1.5,346.0,1.0,787.0
2023-04-28 09:08:10.0,1682644090000000000,3.5,3.0,2.5,6671.0,797.0,23865.0,3.5,129.0,4.0,13.0,4.5,16.0,6.0,1.0,6.5,1.0,3.0,49.0,2.5,810.0,2.0,339.0,1.5,346.0,1.0,787.0
2023-04-28 09:08:10.25,1682644090250000000,3.5,3.0,2.5,6671.0,797.0,23865.0,3.5,139.0,4.0,3.0,4.5,16.0,6.0,1.0,6.5,1.0,3.0,29.0,2.5,830.0,2.0,339.0,1.5,346.0,1.0,787.0
2023-04-28 09:10:18.25,1682644218250000000,3.5,3.0,2.5,6671.0,797.0,23865.0,3.5,149.0,4.0,3.0,4.5,16.0,6.0,1.0,6.5,1.0,3.0,39.0,2.5,830.0,2.0,339.0,1.5,346.0,1.0,787.0
2023-04-28 09:20:24.5,1682644824500000000,3.5,3.0,2.5,6671.0,797.0,23865.0,3.5,149.0,4.0,3.0,4.5,16.0,6.0,1.0,6.5,1.0,3.0,39.0,2.5,830.0,2.0,339.0,1.5,346.0,1.0,787.0
2023-04-28 09:23:17.0,1682644997000000000,3.5,3.0,2.5,6671.0,797.0,23865.0,3.5,131.0,4.0,3.0,4.5,16.0,6.0,1.0,6.5,1.0,3.0,21.0,2.5,830.0,2.0,339.0,1.5,346.0,1.0,787.0
2023-04-28 09:23:17.25,1682644997250000000,3.5,3.0,2.5,6671.0,807.0,24165.0,3.5,130.0,4.0,3.0,4.5,34.0,6.0,1.0,6.5,1.0,3.0,31.0,2.5,828.0,2.0,339.0,1.5,346.0,1.0,787.0
2023-04-28 09:23:17.5,1682644997500000000,3.5,3.0,2.5,6671.0,807.0,24165.0,3.5,130.0,4.0,3.0,4.5,34.0,6.0,1.0,6.5,1.0,3.0,40.0,2.5,828.0,2.0,339.0,1.5,346.0,1.0,787.0
2023-04-28 09:23:18.0,1682644998000000000,3.5,3.0,2.5,6671.0,807.0,24165.0,3.5,131.0,4.0,3.0,4.5,34.0,6.0,1.0,6.5,1.0,3.0,41.0,2.5,828.0,2.0,339.0,1.5,346.0,1.0,787.0
2023-04-28 09:23:23.25,1682645003250000000,3.5,3.0,2.5,6671.0,807.0,24165.0,3.5,149.0,4.0,3.0,4.5,16.0,6.0,1.0,6.5,1.0,3.0,59.0,2.5,810.0,2.0,339.0,1.5,346.0,1.0,787.0
2023-04-28 09:23:40.25,1682645020250000000,3.5,3.0,2.5,6671.0,807.0,24165.0,3.5,149.0,4.0,3.0,4.5,16.0,6.0,1.0,6.5,1.0,3.0,39.0,2.5,830.0,2.0,339.0,1.5,346.0,1.0,787.0
2023-04-28 09:23:42.25,1682645022250000000,3.5,3.0,2.5,6671.0,807.0,24165.0,3.5,149.0,4.0,3.0,4.5,16.0,6.0,1.0,6.5,1.0,3.0,39.0,2.5,830.0,2.0,339.0,1.5,346.0,1.0,787.0
2023-04-28 09:29:49.0,1682645389000000000,3.5,3.0,2.5,6671.0,807.0,24165.0,3.5,149.0,4.0,3.0,4.5,16.0,6.0,1.0,6.5,1.0,3.0,59.0,2.5,810.0,2.0,339.0,1.5,346.0,1.0,787.0
2023-04-28 09:34:50.5,1682645690500000000,3.5,3.0,2.5,6729.0,886.0,26535.0,3.0,21.0,3.5,138.0,4.0,3.0,4.5,16.0,6.0,1.0,2.5,830.0,2.0,339.0,1.5,364.0,1.0,787.0,0.5,10.0
2023-04-28 09:34:50.75,1682645690750000000,3.5,3.0,2.5,6730.0,887.0,26565.0,3.0,20.0,3.5,138.0,4.0,3.0,4.5,16.0,6.0,1.0,2.5,840.0,2.0,339.0,1.5,364.0,1.0,787.0,0.5,10.0
2023-04-28 09:34:52.0,1682645692000000000,3.5,3.0,2.5,6730.0,887.0,26565.0,3.0,21.0,3.5,138.0,4.0,3.0,4.5,16.0,6.0,1.0,2.5,841.0,2.0,339.0,1.5,364.0,1.0,787.0,0.5,10.0
2023-04-28 09:34:56.5,1682645696500000000,3.5,3.0,2.5,6730.0,887.0,26565.0,3.0,39.0,3.5,120.0,4.0,3.0,4.5,16.0,6.0,1.0,2.5,859.0,2.0,339.0,1.5,346.0,1.0,787.0,0.5,10.0
2023-04-28 09:34:56.75,1682645696750000000,3.5,3.0,2.5,6730.0,887.0,26565.0,3.0,49.0,3.5,110.0,4.0,3.0,4.5,16.0,6.0,1.0,2.5,859.0,2.0,339.0,1.5,346.0,1.0,787.0,0.5,10.0
2023-04-28 09:35:21.25,1682645721250000000,3.5,3.0,2.5,6730.0,887.0,26565.0,3.0,59.0,3.5,110.0,4.0,3.0,4.5,16.0,6.0,1.0,2.5,869.0,2.0,339.0,1.5,346.0,1.0,787.0,0.5,10.0
2023-04-28 09:36:29.25,1682645789250000000,3.5,3.0,2.5,6730.0,887.0,26565.0,3.0,41.0,3.5,110.0,4.0,3.0,4.5,16.0,6.0,1.0,2.5,851.0,2.0,339.0,1.5,346.0,1.0,787.0,0.5,10.0
2023-04-28 09:38:21.25,1682645901250000000,3.5,3.0,2.5,6730.0,887.0,26565.0,3.0,41.0,3.5,110.0,4.0,21.0,4.5,16.0,6.0,1.0,2.5,851.0,2.0,339.0,1.5,364.0,1.0,787.0,0.5,10.0
2023-04-28 09:38:22.75,1682645902750000000,3.5,3.0,2.5,6730.0,887.0,26565.0,3.0,41.0,3.5,110.0,4.0,3.0,4.5,16.0,6.0,1.0,2.5,851.0,2.0,339.0,1.5,346.0,1.0,787.0,0.5,10.0
2023-04-28 09:38:24.75,1682645904750000000,3.5,3.0,2.5,6730.0,887.0,26565.0,3.0,59.0,3.5,110.0,4.0,3.0,4.5,16.0,6.0,1.0,2.5,869.0,2.0,339.0,1.5,346.0,1.0,787.0,0.5,10.0
2023-04-28 09:39:30.0,1682645970000000000,3.5,3.0,2.5,6730.0,887.0,26565.0,3.0,59.0,3.5,100.0,4.0,3.0,4.5,16.0,6.0,1.0,2.5,859.0,2.0,339.0,1.5,346.0,1.0,787.0,0.5,10.0
2023-04-28 09:39:30.75,1682645970750000000,3.5,3.0,2.5,6730.0,887.0,26565.0,3.0,59.0,3.5,110.0,4.0,3.0,4.5,16.0,6.0,1.0,2.5,869.0,2.0,339.0,1.5,346.0,1.0,787.0,0.5,10.0
2023-04-28 09:45:49.75,1682646349750000000,3.5,3.0,2.5,6730.0,887.0,26565.0,3.0,49.0,3.5,110.0,4.0,3.0,4.5,16.0,6.0,1.0,2.5,859.0,2.0,339.0,1.5,346.0,1.0,787.0,0.5,10.0
2023-04-28 09:45:57.5,1682646357500000000,3.5,3.0,2.5,6730.0,887.0,26565.0,3.0,59.0,3.5,110.0,4.0,3.0,4.5,16.0,6.0,1.0,2.5,869.0,2.0,339.0,1.5,346.0,1.0,787.0,0.5,10.0
2023-04-28 09:59:38.0,1682647178000000000,3.5,3.0,2.5,6730.0,887.0,26565.0,3.0,59.0,3.5,110.0,4.0,3.0,4.5,16.0,6.0,1.0,2.5,869.0,2.0,338.0,1.5,346.0,1.0,787.0,0.5,10.0
2023-04-28 09:59:39.25,1682647179250000000,3.5,3.0,2.5,6730.0,887.0,26565.0,3.0,59.0,3.5,110.0,4.0,3.0,4.5,16.0,6.0,1.0,2.5,869.0,2.0,337.0,1.5,346.0,1.0,787.0,0.5,10.0
2023-04-28 09:59:41.0,1682647181000000000,3.5,3.0,2.5,6730.0,887.0,26565.0,3.0,59.0,3.5,110.0,4.0,3.0,4.5,16.0,6.0,1.0,2.5,869.0,2.0,336.0,1.5,346.0,1.0,787.0,0.5,10.0
2023-04-28 09:59:42.5,1682647182500000000,3.5,3.0,2.5,6730.0,887.0,26565.0,3.0,59.0,3.5,110.0,4.0,3.0,4.5,16.0,6.0,1.0,2.5,869.0,2.0,335.0,1.5,346.0,1.0,787.0,0.5,10.0
2023-04-28 09:59:44.25,1682647184250000000,3.5,3.0,2.5,6730.0,887.0,26565.0,3.0,59.0,3.5,110.0,4.0,3.0,4.5,16.0,6.0,1.0,2.5,869.0,2.0,334.0,1.5,346.0,1.0,787.0,0.5,10.0
2023-04-28 10:01:09.75,1682647269750000000,3.5,3.0,2.5,6730.0,887.0,26565.0,3.0,59.0,3.5,110.0,4.0,3.0,4.5,16.0,6.0,1.0,2.5,874.0,2.0,334.0,1.5,346.0,1.0,787.0,0.5,10.0
2023-04-28 10:04:12.25,1682647452250000000,3.5,3.0,2.5,6730.0,887.0,26565.0,3.0,59.0,3.5,110.0,4.0,3.0,4.5,16.0,6.0,1.0,2.5,874.0,2.0,334.0,1.5,346.0,1.0,787.0,0.5,10.0
2023-04-28 10:14:02.0,1682648042000000000,3.5,3.0,2.5,6730.0,887.0,26565.0,3.0,59.0,3.5,100.0,4.0,3.0,4.5,16.0,6.0,1.0,2.5,864.0,2.0,334.0,1.5,346.0,1.0,787.0,0.5,10.0
2023-04-28 10:14:02.25,1682648042250000000,3.5,3.0,2.5,6730.0,887.0,26565.0,3.0,59.0,3.5,110.0,4.0,3.0,4.5,16.0,6.0,1.0,2.5,874.0,2.0,334.0,1.5,346.0,1.0,787.0,0.5,10.0
2023-04-28 10:14:25.0,1682648065000000000,3.5,3.0,2.5,6730.0,887.0,26565.0,3.0,59.0,3.5,110.0,4.0,3.0,4.5,16.0,6.0,1.0,2.5,854.0,2.0,334.0,1.5,346.0,1.0,787.0,0.5,10.0
2023-04-28 10:14:30.0,1682648070000000000,3.5,3.0,2.5,6730.0,887.0,26565.0,3.0,49.0,3.5,110.0,4.0,3.0,4.5,16.0,6.0,1.0,2.5,844.0,2.0,334.0,1.5,346.0,1.0,787.0,0.5,10.0
2023-04-28 10:14:31.5,1682648071500000000,3.5,3.0,2.5,6730.0,887.0,26565.0,3.0,31.0,3.5,110.0,4.0,3.0,4.5,16.0,6.0,1.0,2.5,826.0,2.0,334.0,1.5,346.0,1.0,787.0,0.5,10.0
2023-04-28 10:14:46.25,1682648086250000000,3.5,3.0,2.5,6730.0,887.0,26565.0,3.0,21.0,3.5,110.0,4.0,3.0,4.5,16.0,6.0,1.0,2.5,816.0,2.0,334.0,1.5,346.0,1.0,787.0,0.5,10.0
2023-04-28 10:14:57.5,1682648097500000000,3.5,3.0,2.5,6730.0,887.0,26565.0,3.0,20.0,3.5,110.0,4.0,3.0,4.5,16.0,6.0,1.0,2.5,815.0,2.0,334.0,1.5,346.0,1.0,787.0,0.5,10.0
2023-04-28 10:15:00.0,1682648100000000000,3.5,3.0,2.5,6730.0,887.0,26565.0,3.0,20.0,3.5,110.0,4.0,3.0,4.5,16.0,6.0,1.0,2.5,815.0,2.0,334.0,1.5,346.0,1.0,787.0,0.5,10.0
2023-04-28 10:30:27.25,1682649027250000000,3.5,3.0,2.5,6750.0,907.0,27165.0,3.5,110.0,4.0,3.0,4.5,16.0,6.0,1.0,6.5,1.0,2.5,815.0,2.0,334.0,1.5,346.0,1.0,787.0,0.5,10.0
2023-04-28 10:30:27.5,1682649027500000000,3.5,3.0,2.5,6750.0,907.0,27165.0,3.5,120.0,4.0,3.0,4.5,16.0,6.0,1.0,6.5,1.0,2.5,825.0,2.0,334.0,1.5,346.0,1.0,787.0,0.5,10.0
2023-04-28 10:30:31.5,1682649031500000000,3.5,3.0,2.5,6750.0,907.0,27165.0,3.5,120.0,4.0,3.0,4.5,34.0,6.0,1.0,6.5,1.0,2.5,825.0,2.0,334.0,1.5,364.0,1.0,787.0,0.5,10.0
2023-04-28 10:30:47.0,1682649047000000000,3.5,3.0,2.5,6750.0,907.0,27165.0,3.5,120.0,4.0,3.0,4.5,16.0,6.0,1.0,6.5,1.0,2.5,825.0,2.0,334.0,1.5,346.0,1.0,787.0,0.5,10.0
2023-04-28 10:30:47.25,1682649047250000000,3.5,3.0,2.5,6750.0,907.0,27165.0,3.0,18.0,3.5,120.0,4.0,3.0,4.5,16.0,6.0,1.0,2.5,843.0,2.0,334.0,1.5,346.0,1.0,787.0,0.5,10.0
2023-04-28 10:31:12.5,1682649072500000000,3.5,3.0,2.5,6750.0,907.0,27165.0,3.0,19.0,3.5,120.0,4.0,3.0,4.5,16.0,6.0,1.0,2.5,844.0,2.0,334.0,1.5,346.0,1.0,787.0,0.5,10.0
2023-04-28 10:32:35.0,1682649155000000000,3.5,3.0,2.5,6750.0,907.0,27165.0,3.0,29.0,3.5,120.0,4.0,3.0,4.5,16.0,6.0,1.0,2.5,854.0,2.0,334.0,1.5,346.0,1.0,787.0,0.5,10.0
2023-04-28 10:43:31.0,1682649811000000000,3.5,3.0,2.5,6750.0,907.0,27165.0,3.0,11.0,3.5,120.0,4.0,3.0,4.5,16.0,6.0,1.0,2.5,836.0,2.0,334.0,1.5,346.0,1.0,787.0,0.5,10.0
2023-04-28 10:46:31.0,1682649991000000000,3.5,3.0,2.5,6750.0,907.0,27165.0,3.0,29.0,3.5,120.0,4.0,3.0,4.5,16.0,6.0,1.0,2.5,854.0,2.0,334.0,1.5,346.0,1.0,787.0,0.5,10.0
2023-04-28 10:47:43.75,1682650063750000000,3.5,3.0,2.5,6750.0,907.0,27165.0,3.0,29.0,3.5,110.0,4.0,3.0,4.5,16.0,6.0,1.0,2.5,844.0,2.0,334.0,1.5,346.0,1.0,787.0,0.5,10.0
2023-04-28 10:50:02.25,1682650202250000000,3.5,3.0,2.5,6750.0,907.0,27165.0,3.0,29.0,3.5,120.0,4.0,3.0,4.5,16.0,6.0,1.0,2.5,854.0,2.0,334.0,1.5,346.0,1.0,787.0,0.5,10.0
2023-04-28 10:50:49.25,1682650249250000000,3.5,3.0,2.5,6750.0,917.0,27465.0,3.5,138.0,4.0,3.0,4.5,16.0,6.0,1.0,6.5,1.0,2.5,825.0,2.0,334.0,1.5,364.0,1.0,787.0,0.5,10.0
2023-04-28 10:50:50.0,1682650250000000000,3.5,3.0,2.5,6750.0,917.0,27465.0,3.5,139.0,4.0,3.0,4.5,16.0,6.0,1.0,6.5,1.0,2.5,826.0,2.0,334.0,1.5,364.0,1.0,787.0,0.5,10.0
2023-04-28 10:50:54.5,1682650254500000000,3.5,3.0,2.5,6750.0,917.0,27465.0,3.5,149.0,4.0,3.0,4.5,16.0,6.0,1.0,6.5,1.0,2.5,836.0,2.0,334.0,1.5,364.0,1.0,787.0,0.5,10.0
2023-04-28 10:50:55.25,1682650255250000000,3.5,3.0,2.5,6750.0,917.0,27465.0,3.5,149.0,4.0,3.0,4.5,16.0,6.0,1.0,6.5,1.0,3.0,18.0,2.5,836.0,2.0,334.0,1.5,346.0,1.0,787.0
2023-04-28 10:50:55.5,1682650255500000000,3.5,3.0,2.5,6750.0,917.0,27465.0,3.5,149.0,4.0,3.0,4.5,16.0,6.0,1.0,6.5,1.0,3.0,29.0,2.5,825.0,2.0,334.0,1.5,346.0,1.0,787.0
2023-04-28 10:51:06.5,1682650266500000000,3.5,3.5,2.5,6750.0,1017.0,30965.0,3.5,49.0,4.0,3.0,4.5,16.0,6.0,1.0,6.5,1.0,3.0,29.0,2.5,825.0,2.0,334.0,1.5,346.0,1.0,787.0
2023-04-28 10:51:07.75,1682650267750000000,3.5,3.5,2.5,6748.0,1058.0,32400.0,4.0,3.0,4.5,16.0,5.0,18.0,6.0,1.0,6.5,1.0,3.5,59.0,3.0,18.0,2.5,825.0,2.0,334.0,1.5,346.0
2023-04-28 10:51:08.0,1682650268000000000,3.5,3.5,2.5,6698.0,1108.0,34150.0,4.0,13.0,4.5,16.0,5.0,28.0,6.0,1.0,6.5,1.0,3.5,19.0,3.0,28.0,2.5,805.0,2.0,334.0,1.5,346.0
2023-04-28 10:51:09.0,1682650269000000000,3.5,3.5,2.5,6698.0,1108.0,34150.0,4.0,14.0,4.5,16.0,5.0,28.0,6.0,1.0,6.5,1.0,3.5,19.0,3.0,29.0,2.5,805.0,2.0,334.0,1.5,346.0
2023-04-28 10:51:09.25,1682650269250000000,3.5,3.5,2.5,6698.0,1108.0,34150.0,4.0,14.0,4.5,26.0,5.0,18.0,6.0,1.0,6.5,1.0,3.5,19.0,3.0,29.0,2.5,805.0,2.0,334.0,1.5,346.0
2023-04-28 10:51:09.75,1682650269750000000,3.5,3.5,2.5,6698.0,1108.0,34150.0,4.0,14.0,4.5,26.0,5.0,18.0,6.0,1.0,6.5,1.0,3.5,119.0,3.0,29.0,2.5,805.0,2.0,334.0,1.5,346.0
2023-04-28 10:51:11.0,1682650271000000000,3.5,3.5,2.5,6698.0,1108.0,34150.0,4.0,14.0,4.5,26.0,5.0,18.0,6.0,1.0,6.5,1.0,3.5,219.0,3.0,29.0,2.5,805.0,2.0,334.0,1.5,346.0
2023-04-28 10:51:13.0,1682650273000000000,3.5,3.5,2.5,6698.0,1108.0,34150.0,4.0,24.0,4.5,26.0,5.0,18.0,6.0,1.0,6.5,1.0,3.5,229.0,3.0,29.0,2.5,805.0,2.0,334.0,1.5,346.0
2023-04-28 10:51:13.75,1682650273750000000,3.5,3.5,2.5,6698.0,1118.0,34500.0,4.0,24.0,4.5,26.0,5.0,18.0,6.0,1.0,6.5,1.0,3.5,219.0,3.0,29.0,2.5,805.0,2.0,334.0,1.5,346.0
2023-04-28 10:51:14.0,1682650274000000000,3.5,3.5,2.5,6698.0,1118.0,34500.0,4.0,24.0,4.5,26.0,5.0,18.0,6.0,1.0,6.5,1.0,3.5,220.0,3.0,29.0,2.5,805.0,2.0,334.0,1.5,346.0
2023-04-28 10:51:20.0,1682650280000000000,3.5,3.5,2.5,6698.0,1128.0,34850.0,4.0,24.0,4.5,26.0,5.0,18.0,6.0,1.0,6.5,1.0,3.5,210.0,3.0,29.0,2.5,805.0,2.0,334.0,1.5,346.0
2023-04-28 10:51:21.75,1682650281750000000,3.5,3.5,2.5,6698.0,1128.0,34850.0,4.0,24.0,4.5,26.0,5.0,18.0,6.0,1.0,6.5,1.0,3.5,227.0,3.0,29.0,2.5,805.0,2.0,334.0,1.5,346.0
2023-04-28 10:51:26.0,1682650286000000000,3.5,3.5,2.5,6698.0,1138.0,35200.0,4.0,24.0,4.5,26.0,5.0,18.0,6.0,1.0,6.5,1.0,3.5,218.0,3.0,28.0,2.5,805.0,2.0,334.0,1.5,346.0
2023-04-28 10:51:32.0,1682650292000000000,3.5,3.5,2.5,6698.0,1148.0,35550.0,4.0,24.0,4.5,26.0,5.0,18.0,6.0,1.0,6.5,1.0,3.5,208.0,3.0,28.0,2.5,805.0,2.0,334.0,1.5,346.0
2023-04-28 10:51:38.0,1682650298000000000,3.5,3.5,2.5,6698.0,1158.0,35900.0,4.0,24.0,4.5,26.0,5.0,18.0,6.0,1.0,6.5,1.0,3.5,198.0,3.0,28.0,2.5,805.0,2.0,334.0,1.5,346.0
2023-04-28 10:51:44.0,1682650304000000000,3.5,3.5,2.5,6698.0,1168.0,36250.0,4.0,24.0,4.5,26.0,5.0,18.0,6.0,1.0,6.5,1.0,3.5,188.0,3.0,28.0,2.5,805.0,2.0,334.0,1.5,346.0
2023-04-28 10:51:50.0,1682650310000000000,3.5,3.5,2.5,6698.0,1168.0,36250.0,4.0,42.0,4.5,26.0,6.0,1.0,6.5,1.0,7.0,5.0,3.5,206.0,3.0,10.0,2.5,805.0,2.0,334.0,1.5,346.0
2023-04-28 10:51:50.25,1682650310250000000,3.5,3.5,2.5,6698.0,1168.0,36250.0,4.0,52.0,4.5,16.0,6.0,1.0,6.5,1.0,7.0,5.0,3.5,206.0,3.0,10.0,2.5,805.0,2.0,334.0,1.5,346.0
2023-04-28 10:51:51.75,1682650311750000000,3.5,3.5,2.5,6698.0,1178.0,36600.0,4.0,34.0,4.5,16.0,6.0,1.0,6.5,1.0,7.0,5.0,3.5,178.0,3.0,10.0,2.5,805.0,2.0,334.0,1.5,346.0
2023-04-28 10:51:53.75,1682650313750000000,3.5,3.5,2.5,6698.0,1178.0,36600.0,4.0,34.0,4.5,16.0,5.0,18.0,6.0,1.0,6.5,1.0,3.5,178.0,3.0,28.0,2.5,805.0,2.0,334.0,1.5,346.0
2023-04-28 10:51:57.75,1682650317750000000,3.5,3.5,2.5,6698.0,1178.0,36600.0,4.0,34.0,4.5,16.0,6.0,1.0,6.5,1.0,7.0,5.0,3.5,178.0,3.0,10.0,2.5,805.0,2.0,334.0,1.5,346.0
2023-04-28 10:51:59.75,1682650319750000000,3.5,3.5,2.5,6698.0,1178.0,36600.0,4.0,52.0,4.5,16.0,6.0,1.0,6.5,1.0,7.0,5.0,3.5,196.0,3.0,10.0,2.5,805.0,2.0,334.0,1.5,346.0
2023-04-28 10:52:18.25,1682650338250000000,3.5,3.5,2.5,6698.0,1178.0,36600.0,4.0,152.0,4.5,16.0,6.0,1.0,6.5,1.0,7.0,5.0,3.5,196.0,3.0,10.0,2.5,805.0,2.0,334.0,1.5,346.0
2023-04-28 10:53:06.5,1682650386500000000,3.5,3.5,2.5,6698.0,1178.0,36600.0,4.0,152.0,4.5,16.0,6.0,1.0,6.5,1.0,7.0,5.0,3.5,196.0,3.0,10.0,2.5,806.0,2.0,334.0,1.5,346.0
2023-04-28 10:53:18.0,1682650398000000000,3.5,3.5,2.5,6698.0,1178.0,36600.0,4.0,142.0,4.5,16.0,6.0,1.0,6.5,1.0,7.0,5.0,3.5,196.0,2.5,806.0,2.0,334.0,1.5,346.0,1.0,787.0
2023-04-28 10:53:18.75,1682650398750000000,3.5,3.5,2.5,6698.0,1178.0,36600.0,4.0,152.0,4.5,16.0,6.0,1.0,6.5,1.0,7.0,5.0,3.5,196.0,3.0,10.0,2.5,806.0,2.0,334.0,1.5,346.0
2023-04-28 10:53:29.25,1682650409250000000,3.5,3.5,2.5,6698.0,1203.0,37475.0,4.0,152.0,4.5,16.0,6.0,1.0,6.5,1.0,7.0,5.0,3.5,171.0,3.0,10.0,2.5,806.0,2.0,334.0,1.5,346.0
2023-04-28 10:53:36.75,1682650416750000000,3.5,3.5,2.5,6698.0,1203.0,37475.0,4.0,142.0,4.5,16.0,6.0,1.0,6.5,1.0,7.0,5.0,3.5,171.0,2.5,806.0,2.0,334.0,1.5,346.0,1.0,787.0
2023-04-28 10:53:37.5,1682650417500000000,3.5,3.5,2.5,6698.0,1203.0,37475.0,4.0,152.0,4.5,16.0,6.0,1.0,6.5,1.0,7.0,5.0,3.5,171.0,3.0,10.0,2.5,806.0,2.0,334.0,1.5,346.0
2023-04-28 10:53:50.5,1682650430500000000,3.5,3.5,2.5,6698.0,1203.0,37475.0,4.0,142.0,4.5,16.0,6.0,1.0,6.5,1.0,7.0,5.0,3.5,171.0,2.5,806.0,2.0,334.0,1.5,346.0,1.0,787.0
2023-04-28 10:53:51.25,1682650431250000000,3.5,3.5,2.5,6698.0,1203.0,37475.0,4.0,152.0,4.5,16.0,6.0,1.0,6.5,1.0,7.0,5.0,3.5,171.0,3.0,10.0,2.5,806.0,2.0,334.0,1.5,346.0
2023-04-28 10:54:04.25,1682650444250000000,3.5,3.5,2.5,6698.0,1203.0,37475.0,4.0,142.0,4.5,16.0,6.0,1.0,6.5,1.0,7.0,5.0,3.5,171.0,2.5,806.0,2.0,334.0,1.5,346.0,1.0,787.0
2023-04-28 10:54:05.25,1682650445250000000,3.5,3.5,2.5,6698.0,1203.0,37475.0,4.0,152.0,4.5,16.0,6.0,1.0,6.5,1.0,7.0,5.0,3.5,171.0,3.0,10.0,2.5,806.0,2.0,334.0,1.5,346.0
2023-04-28 10:55:13.5,1682650513500000000,3.5,3.5,2.5,6698.0,1303.0,40975.0,4.0,152.0,4.5,16.0,6.0,1.0,6.5,1.0,7.0,5.0,3.5,71.0,3.0,10.0,2.5,806.0,2.0,334.0,1.5,346.0
2023-04-28 10:55:55.0,1682650555000000000,3.5,3.5,2.5,6698.0,1313.0,41325.0,4.0,134.0,4.5,16.0,5.0,18.0,6.0,1.0,6.5,1.0,3.5,43.0,3.0,28.0,2.5,806.0,2.0,334.0,1.5,346.0
2023-04-28 10:56:01.0,1682650561000000000,3.5,3.5,2.5,6698.0,1323.0,41675.0,4.0,124.0,4.5,16.0,5.0,18.0,6.0,1.0,6.5,1.0,3.5,28.0,3.0,28.0,2.5,806.0,2.0,334.0,1.5,346.0
2023-04-28 10:56:06.25,1682650566250000000,3.5,3.5,2.5,6698.0,1323.0,41675.0,4.0,134.0,4.5,16.0,5.0,18.0,6.0,1.0,6.5,1.0,3.5,38.0,3.0,28.0,2.5,806.0,2.0,334.0,1.5,346.0
2023-04-28 10:56:07.0,1682650567000000000,3.5,3.5,2.5,6698.0,1333.0,42025.0,4.0,134.0,4.5,16.0,5.0,18.0,6.0,1.0,6.5,1.0,3.5,28.0,3.0,28.0,2.5,806.0,2.0,334.0,1.5,346.0
2023-04-28 10:56:13.0,1682650573000000000,3.5,3.5,2.5,6699.0,1343.0,42375.0,4.0,133.0,4.5,16.0,5.0,18.0,6.0,1.0,6.5,1.0,3.5,18.0,3.0,28.0,2.5,806.0,2.0,334.0,1.5,346.0
2023-04-28 10:56:13.25,1682650573250000000,3.5,3.5,2.5,6699.0,1343.0,42375.0,4.0,133.0,4.5,16.0,5.0,18.0,6.0,1.0,6.5,1.0,3.5,20.0,3.0,28.0,2.5,806.0,2.0,334.0,1.5,346.0
2023-04-28 10:56:13.75,1682650573750000000,3.5,3.5,2.5,6699.0,1343.0,42375.0,4.0,134.0,4.5,16.0,5.0,18.0,6.0,1.0,6.5,1.0,3.5,21.0,3.0,28.0,2.5,806.0,2.0,334.0,1.5,346.0
2023-04-28 10:56:19.0,1682650579000000000,3.5,3.5,2.5,6699.0,1353.0,42725.0,4.0,124.0,4.5,16.0,5.0,18.0,6.0,1.0,6.5,1.0,3.5,11.0,3.0,28.0,2.5,806.0,2.0,334.0,1.5,346.0
2023-04-28 10:56:24.5,1682650584500000000,3.5,3.5,2.5,6699.0,1364.0,43110.0,3.5,39.0,4.0,123.0,4.5,16.0,5.0,18.0,6.0,1.0,3.0,28.0,2.5,806.0,2.0,334.0,1.5,346.0,1.0,787.0
2023-04-28 10:56:24.75,1682650584750000000,3.5,3.5,2.5,6699.0,1364.0,43110.0,3.5,49.0,4.0,113.0,4.5,16.0,5.0,18.0,6.0,1.0,3.0,28.0,2.5,816.0,2.0,334.0,1.5,346.0,1.0,787.0
2023-04-28 10:56:25.0,1682650585000000000,3.5,3.5,2.5,6699.0,1364.0,43110.0,3.5,67.0,4.0,113.0,4.5,16.0,6.0,1.0,6.5,1.0,3.0,28.0,2.5,816.0,2.0,334.0,1.5,346.0,1.0,787.0
2023-04-28 10:56:25.75,1682650585750000000,3.5,3.5,2.5,6699.0,1364.0,43110.0,3.5,68.0,4.0,113.0,4.5,16.0,6.0,1.0,6.5,1.0,3.0,29.0,2.5,816.0,2.0,334.0,1.5,346.0,1.0,787.0
2023-04-28 10:56:29.25,1682650589250000000,3.5,3.5,2.5,6699.0,1364.0,43110.0,3.5,29.0,4.0,113.0,4.5,16.0,6.0,1.0,6.5,1.0,3.0,29.0,2.5,816.0,2.0,334.0,1.5,346.0,1.0,787.0
2023-04-28 10:56:42.25,1682650602250000000,3.5,3.5,2.5,6699.0,1364.0,43110.0,3.5,39.0,4.0,113.0,4.5,16.0,6.0,1.0,6.5,1.0,3.0,49.0,2.5,806.0,2.0,334.0,1.5,346.0,1.0,787.0
2023-04-28 10:56:42.5,1682650602500000000,3.5,3.5,2.5,6699.0,1364.0,43110.0,3.5,39.0,4.0,113.0,4.5,16.0,6.0,1.0,6.5,1.0,3.0,49.0,2.5,806.0,2.0,334.0,1.5,346.0,1.0,787.0
2023-04-28 11:03:03.0,1682650983000000000,3.5,3.5,2.5,6699.0,1364.0,43110.0,3.5,89.0,4.0,113.0,4.5,16.0,6.0,1.0,6.5,1.0,3.0,49.0,2.5,806.0,2.0,334.0,1.5,346.0,1.0,787.0
2023-04-28 11:03:10.0,1682650990000000000,3.5,3.5,2.5,6699.0,1364.0,43110.0,3.5,139.0,4.0,113.0,4.5,16.0,6.0,1.0,6.5,1.0,3.0,49.0,2.5,806.0,2.0,334.0,1.5,346.0,1.0,787.0
2023-04-28 11:04:50.5,1682651090500000000,3.5,3.0,2.5,6689.0,1374.0,43410.0,3.5,139.0,4.0,113.0,4.5,16.0,6.0,1.0,6.5,1.0,3.0,39.0,2.5,806.0,2.0,334.0,1.5,346.0,1.0,787.0
2023-04-28 11:04:50.75,1682651090750000000,3.5,3.0,2.5,6689.0,1374.0,43410.0,3.5,139.0,4.0,113.0,4.5,16.0,6.0,1.0,6.5,1.0,3.0,49.0,2.5,806.0,2.0,334.0,1.5,346.0,1.0,787.0
2023-04-28 11:23:16.25,1682652196250000000,3.5,3.0,2.5,6689.0,1374.0,43410.0,3.5,139.0,4.0,113.0,4.5,16.0,6.0,1.0,6.5,1.0,3.0,49.0,2.5,806.0,2.0,334.0,1.5,316.0,1.0,727.0
2023-04-28 11:27:23.75,1682652443750000000,3.5,3.0,2.5,6689.0,1374.0,43410.0,3.5,139.0,4.0,13.0,4.5,16.0,6.0,1.0,6.5,1.0,3.0,49.0,2.5,806.0,2.0,334.0,1.5,316.0,1.0,727.0
2023-04-28 11:28:28.0,1682652508000000000,3.5,3.0,2.5,6689.0,1374.0,43410.0,3.5,121.0,4.0,13.0,4.5,16.0,6.0,1.0,6.5,1.0,3.0,31.0,2.5,806.0,2.0,334.0,1.5,316.0,1.0,727.0
2023-04-28 11:28:57.75,1682652537750000000,3.5,3.0,2.5,6689.0,1374.0,43410.0,3.5,120.0,4.0,13.0,4.5,16.0,6.0,1.0,6.5,1.0,3.0,30.0,2.5,806.0,2.0,334.0,1.5,316.0,1.0,727.0
2023-04-28 11:29:00.0,1682652540000000000,3.5,3.0,2.5,6689.0,1374.0,43410.0,3.5,110.0,4.0,13.0,4.5,16.0,6.0,1.0,6.5,1.0,3.0,20.0,2.5,806.0,2.0,334.0,1.5,316.0,1.0,727.0
2023-04-28 11:29:02.0,1682652542000000000,3.5,3.0,2.5,6689.0,1374.0,43410.0,3.5,110.0,4.0,3.0,4.5,16.0,6.0,1.0,6.5,1.0,3.0,10.0,2.5,806.0,2.0,334.0,1.5,316.0,1.0,727.0
2023-04-28 11:29:02.25,1682652542250000000,3.5,3.0,2.5,6689.0,1374.0,43410.0,3.5,120.0,4.0,3.0,4.5,16.0,6.0,1.0,6.5,1.0,3.0,20.0,2.5,806.0,2.0,334.0,1.5,316.0,1.0,727.0
2023-04-28 11:29:32.0,1682652572000000000,3.5,3.0,2.5,6689.0,1374.0,43410.0,3.5,110.0,4.0,3.0,4.5,16.0,6.0,1.0,6.5,1.0,3.0,10.0,2.5,806.0,2.0,334.0,1.5,316.0,1.0,727.0
2023-04-28 11:29:32.5,1682652572500000000,3.5,3.0,2.5,6689.0,1374.0,43410.0,3.5,100.0,4.0,3.0,4.5,16.0,6.0,1.0,6.5,1.0,2.5,806.0,2.0,334.0,1.5,316.0,1.0,727.0,0.5,10.0
2023-04-28 11:30:00.0,1682652600000000000,3.5,3.0,2.5,6689.0,1374.0,43410.0,3.5,100.0,4.0,3.0,4.5,16.0,6.0,1.0,6.5,1.0,2.5,806.0,2.0,334.0,1.5,316.0,1.0,727.0,0.5,10.0
2023-04-28 13:30:08.75,1682659808750000000,3.5,3.0,2.5,6689.0,1374.0,43410.0,3.5,100.0,4.0,3.0,4.5,34.0,6.0,1.0,6.5,1.0,2.5,806.0,2.0,334.0,1.5,334.0,1.0,727.0,0.5,10.0
2023-04-28 13:30:09.5,1682659809500000000,3.5,3.0,2.5,6689.0,1374.0,43410.0,3.5,100.0,4.0,3.0,4.5,16.0,6.0,1.0,6.5,1.0,2.5,806.0,2.0,334.0,1.5,316.0,1.0,727.0,0.5,10.0
2023-04-28 13:30:33.0,1682659833000000000,3.5,3.0,2.5,6689.0,1374.0,43410.0,3.5,110.0,4.0,3.0,4.5,16.0,6.0,1.0,6.5,1.0,2.5,816.0,2.0,334.0,1.5,316.0,1.0,727.0,0.5,10.0
2023-04-28 13:31:01.25,1682659861250000000,3.5,3.0,2.5,6689.0,1374.0,43410.0,3.5,110.0,4.0,3.0,4.5,34.0,6.0,1.0,6.5,1.0,2.5,816.0,2.0,334.0,1.5,334.0,1.0,727.0,0.5,10.0
2023-04-28 13:31:02.0,1682659862000000000,3.5,3.0,2.5,6689.0,1374.0,43410.0,3.5,110.0,4.0,3.0,4.5,16.0,6.0,1.0,6.5,1.0,2.5,816.0,2.0,334.0,1.5,316.0,1.0,727.0,0.5,10.0
2023-04-28 13:31:04.0,1682659864000000000,3.5,3.0,2.5,6689.0,1374.0,43410.0,3.5,128.0,4.0,3.0,4.5,16.0,6.0,1.0,6.5,1.0,2.5,834.0,2.0,334.0,1.5,316.0,1.0,727.0,0.5,10.0
2023-04-28 13:31:42.5,1682659902500000000,3.5,3.0,2.5,6689.0,1374.0,43410.0,3.0,18.0,3.5,110.0,4.0,3.0,4.5,16.0,6.0,1.0,2.5,834.0,2.0,334.0,1.5,316.0,1.0,727.0,0.5,10.0
2023-04-28 13:31:44.5,1682659904500000000,3.5,3.0,2.5,6689.0,1374.0,43410.0,3.0,19.0,3.5,110.0,4.0,3.0,4.5,16.0,6.0,1.0,2.5,835.0,2.0,334.0,1.5,316.0,1.0,727.0,0.5,10.0
2023-04-28 13:32:03.0,1682659923000000000,3.5,3.0,2.5,6689.0,1374.0,43410.0,3.0,19.0,3.5,120.0,4.0,3.0,4.5,16.0,6.0,1.0,2.5,845.0,2.0,334.0,1.5,316.0,1.0,727.0,0.5,10.0
2023-04-28 13:33:27.5,1682660007500000000,3.5,3.0,2.5,6689.0,1375.0,43440.0,3.5,138.0,4.0,3.0,4.5,16.0,6.0,1.0,6.5,1.0,2.5,826.0,2.0,334.0,1.5,334.0,1.0,727.0,0.5,10.0
2023-04-28 13:33:28.75,1682660008750000000,3.5,3.0,2.5,6689.0,1375.0,43440.0,3.5,139.0,4.0,3.0,4.5,16.0,6.0,1.0,6.5,1.0,2.5,827.0,2.0,334.0,1.5,334.0,1.0,727.0,0.5,10.0
2023-04-28 13:33:33.5,1682660013500000000,3.5,3.0,2.5,6689.0,1375.0,43440.0,3.0,19.0,3.5,120.0,4.0,3.0,4.5,16.0,6.0,1.0,2.5,845.0,2.0,334.0,1.5,316.0,1.0,727.0,0.5,10.0
2023-04-28 13:34:05.75,1682660045750000000,3.5,3.0,2.5,6689.0,1375.0,43440.0,3.0,1.0,3.5,120.0,4.0,3.0,4.5,16.0,6.0,1.0,2.5,827.0,2.0,334.0,1.5,316.0,1.0,727.0,0.5,10.0
2023-04-28 13:34:06.0,1682660046000000000,3.5,3.0,2.5,6689.0,1375.0,43440.0,3.5,120.0,4.0,3.0,4.5,16.0,6.0,1.0,6.5,1.0,2.5,826.0,2.0,334.0,1.5,316.0,1.0,727.0,0.5,10.0
2023-04-28 13:34:06.5,1682660046500000000,3.5,3.0,2.5,6689.0,1375.0,43440.0,3.5,121.0,4.0,3.0,4.5,16.0,6.0,1.0,6.5,1.0,2.5,827.0,2.0,334.0,1.5,316.0,1.0,727.0,0.5,10.0
2023-04-28 13:34:08.0,1682660048000000000,3.5,3.0,2.5,6689.0,1375.0,43440.0,3.0,19.0,3.5,120.0,4.0,3.0,4.5,16.0,6.0,1.0,2.5,845.0,2.0,334.0,1.5,316.0,1.0,727.0,0.5,10.0
2023-04-28 13:34:08.75,1682660048750000000,3.5,3.0,2.5,6689.0,1375.0,43440.0,3.0,19.0,3.5,120.0,4.0,3.0,4.5,16.0,6.0,1.0,2.5,845.0,2.0,334.0,1.5,316.0,1.0,727.0,0.5,10.0
2023-04-28 13:41:27.5,1682660487500000000,3.5,3.0,2.5,6689.0,1375.0,43440.0,3.0,1.0,3.5,120.0,4.0,3.0,4.5,16.0,6.0,1.0,2.5,827.0,2.0,334.0,1.5,316.0,1.0,727.0,0.5,10.0
2023-04-28 13:41:27.75,1682660487750000000,3.5,3.0,2.5,6689.0,1375.0,43440.0,3.5,120.0,4.0,3.0,4.5,16.0,6.0,1.0,6.5,1.0,2.5,826.0,2.0,334.0,1.5,316.0,1.0,727.0,0.5,10.0
2023-04-28 13:41:28.75,1682660488750000000,3.5,3.0,2.5,6689.0,1375.0,43440.0,3.5,121.0,4.0,3.0,4.5,16.0,6.0,1.0,6.5,1.0,2.5,827.0,2.0,334.0,1.5,316.0,1.0,727.0,0.5,10.0
2023-04-28 13:42:06.25,1682660526250000000,3.5,3.0,2.5,6689.0,1375.0,43440.0,3.0,19.0,3.5,120.0,4.0,3.0,4.5,16.0,6.0,1.0,2.5,845.0,2.0,334.0,1.5,316.0,1.0,727.0,0.5,10.0
2023-04-28 13:42:57.5,1682660577500000000,3.5,3.0,2.5,6689.0,1394.0,44010.0,3.5,120.0,4.0,3.0,4.5,34.0,6.0,1.0,6.5,1.0,2.5,844.0,2.0,334.0,1.5,316.0,1.0,727.0,0.5,10.0
2023-04-28 13:42:59.0,1682660579000000000,3.5,3.0,2.5,6689.0,1394.0,44010.0,3.5,120.0,4.0,4.0,4.5,34.0,6.0,1.0,6.5,1.0,3.0,1.0,2.5,844.0,2.0,334.0,1.5,316.0,1.0,727.0
2023-04-28 13:42:59.25,1682660579250000000,3.5,3.0,2.5,6689.0,1395.0,44040.0,3.5,120.0,4.0,3.0,4.5,34.0,6.0,1.0,6.5,1.0,2.5,844.0,2.0,334.0,1.5,316.0,1.0,727.0,0.5,10.0
2023-04-28 13:43:00.0,1682660580000000000,3.5,3.0,2.5,6689.0,1395.0,44040.0,3.5,121.0,4.0,3.0,4.5,34.0,6.0,1.0,6.5,1.0,2.5,845.0,2.0,334.0,1.5,316.0,1.0,727.0,0.5,10.0
2023-04-28 13:43:03.5,1682660583500000000,3.5,3.0,2.5,6689.0,1395.0,44040.0,3.0,19.0,3.5,120.0,4.0,3.0,4.5,16.0,6.0,1.0,2.5,845.0,2.0,334.0,1.5,316.0,1.0,727.0,0.5,10.0
2023-04-28 13:43:17.25,1682660597250000000,3.5,3.0,2.5,6689.0,1395.0,44040.0,3.0,1.0,3.5,120.0,4.0,3.0,4.5,16.0,6.0,1.0,2.5,827.0,2.0,334.0,1.5,316.0,1.0,727.0,0.5,10.0
2023-04-28 13:43:17.5,1682660597500000000,3.5,3.0,2.5,6689.0,1395.0,44040.0,3.5,120.0,4.0,3.0,4.5,16.0,6.0,1.0,6.5,1.0,2.5,826.0,2.0,334.0,1.5,316.0,1.0,727.0,0.5,10.0
2023-04-28 13:43:18.25,1682660598250000000,3.5,3.0,2.5,6689.0,1395.0,44040.0,3.5,121.0,4.0,3.0,4.5,16.0,6.0,1.0,6.5,1.0,2.5,827.0,2.0,334.0,1.5,316.0,1.0,727.0,0.5,10.0
2023-04-28 13:43:28.75,1682660608750000000,3.5,2.5,2.5,6689.0,1405.0,44290.0,3.5,121.0,4.0,3.0,4.5,16.0,6.0,1.0,6.5,1.0,2.5,817.0,2.0,334.0,1.5,316.0,1.0,727.0,0.5,10.0
2023-04-28 13:47:09.25,1682660829250000000,3.5,2.5,2.5,6689.0,1405.0,44290.0,3.0,19.0,3.5,120.0,4.0,3.0,4.5,16.0,6.0,1.0,2.5,835.0,2.0,334.0,1.5,316.0,1.0,727.0,0.5,10.0
2023-04-28 13:47:10.5,1682660830500000000,3.5,2.5,2.5,6689.0,1405.0,44290.0,3.0,19.0,3.5,120.0,4.0,3.0,4.5,16.0,6.0,1.0,2.5,835.0,2.0,334.0,1.5,316.0,1.0,727.0,0.5,10.0
2023-04-28 13:49:17.5,1682660957500000000,3.5,3.0,2.5,6708.0,1424.0,44860.0,3.5,120.0,4.0,3.0,4.5,16.0,6.0,1.0,6.5,1.0,2.5,816.0,2.0,334.0,1.5,316.0,1.0,727.0,0.5,10.0
2023-04-28 13:49:18.75,1682660958750000000,3.5,3.0,2.5,6708.0,1424.0,44860.0,3.5,120.0,4.0,4.0,4.5,16.0,6.0,1.0,6.5,1.0,3.0,1.0,2.5,816.0,2.0,334.0,1.5,316.0,1.0,727.0
2023-04-28 13:49:19.0,1682660959000000000,3.5,3.0,2.5,6708.0,1424.0,44860.0,3.5,120.0,4.0,3.0,4.5,16.0,6.0,1.0,6.5,1.0,2.5,816.0,2.0,334.0,1.5,316.0,1.0,727.0,0.5,10.0
2023-04-28 13:49:19.5,1682660959500000000,3.5,3.0,2.5,6708.0,1424.0,44860.0,3.5,120.0,4.0,3.0,4.5,34.0,6.0,1.0,6.5,1.0,2.5,834.0,2.0,334.0,1.5,316.0,1.0,727.0,0.5,10.0
2023-04-28 13:49:19.75,1682660959750000000,3.5,3.0,2.5,6708.0,1424.0,44860.0,3.5,120.0,4.0,4.0,4.5,34.0,6.0,1.0,6.5,1.0,3.0,1.0,2.5,834.0,2.0,334.0,1.5,316.0,1.0,727.0
2023-04-28 13:49:20.0,1682660960000000000,3.5,3.0,2.5,6708.0,1424.0,44860.0,3.5,120.0,4.0,3.0,4.5,34.0,6.0,1.0,6.5,1.0,2.5,834.0,2.0,334.0,1.5,316.0,1.0,727.0,0.5,10.0
2023-04-28 13:49:21.0,1682660961000000000,3.5,3.0,2.5,6708.0,1424.0,44860.0,3.5,120.0,4.0,4.0,4.5,34.0,6.0,1.0,6.5,1.0,3.0,1.0,2.5,834.0,2.0,334.0,1.5,316.0,1.0,727.0
2023-04-28 13:49:21.25,1682660961250000000,3.5,3.0,2.5,6708.0,1424.0,44860.0,3.5,120.0,4.0,3.0,4.5,34.0,6.0,1.0,6.5,1.0,2.5,834.0,2.0,334.0,1.5,316.0,1.0,727.0,0.5,10.0
2023-04-28 13:49:22.0,1682660962000000000,3.5,3.0,2.5,6708.0,1424.0,44860.0,3.5,120.0,4.0,4.0,4.5,34.0,6.0,1.0,6.5,1.0,3.0,1.0,2.5,834.0,2.0,334.0,1.5,316.0,1.0,727.0
2023-04-28 13:49:22.25,1682660962250000000,3.5,3.0,2.5,6708.0,1424.0,44860.0,3.5,120.0,4.0,3.0,4.5,34.0,6.0,1.0,6.5,1.0,2.5,834.0,2.0,334.0,1.5,316.0,1.0,727.0,0.5,10.0
2023-04-28 13:49:23.0,1682660963000000000,3.5,3.0,2.5,6708.0,1424.0,44860.0,3.5,120.0,4.0,4.0,4.5,34.0,6.0,1.0,6.5,1.0,3.0,1.0,2.5,834.0,2.0,334.0,1.5,316.0,1.0,727.0
2023-04-28 13:49:23.25,1682660963250000000,3.5,3.0,2.5,6708.0,1424.0,44860.0,3.5,120.0,4.0,3.0,4.5,34.0,6.0,1.0,6.5,1.0,2.5,834.0,2.0,334.0,1.5,316.0,1.0,727.0,0.5,10.0
2023-04-28 13:49:23.5,1682660963500000000,3.5,3.0,2.5,6708.0,1424.0,44860.0,3.0,18.0,3.5,120.0,4.0,3.0,4.5,16.0,6.0,1.0,2.5,834.0,2.0,334.0,1.5,316.0,1.0,727.0,0.5,10.0
2023-04-28 13:49:24.25,1682660964250000000,3.5,3.0,2.5,6708.0,1425.0,44890.0,3.0,17.0,3.5,120.0,4.0,3.0,4.5,16.0,6.0,1.0,2.5,834.0,2.0,334.0,1.5,316.0,1.0,727.0,0.5,10.0
2023-04-28 13:49:25.25,1682660965250000000,3.5,3.0,2.5,6708.0,1425.0,44890.0,3.0,18.0,3.5,120.0,4.0,3.0,4.5,16.0,6.0,1.0,2.5,835.0,2.0,334.0,1.5,316.0,1.0,727.0,0.5,10.0
2023-04-28 13:52:24.0,1682661144000000000,3.5,3.0,2.5,6708.0,1425.0,44890.0,3.0,48.0,3.5,120.0,4.0,3.0,4.5,16.0,6.0,1.0,2.5,835.0,2.0,334.0,1.5,316.0,1.0,727.0,0.5,10.0
2023-04-28 13:52:24.25,1682661144250000000,3.5,3.0,2.5,6708.0,1425.0,44890.0,3.0,58.0,3.5,110.0,4.0,3.0,4.5,16.0,6.0,1.0,2.5,935.0,2.0,334.0,1.5,316.0,1.0,727.0,0.5,10.0
2023-04-28 13:52:45.25,1682661165250000000,3.5,3.0,2.5,6708.0,1425.0,44890.0,3.0,58.0,3.5,110.0,4.0,3.0,4.5,16.0,6.0,1.0,2.5,975.0,2.0,334.0,1.5,316.0,1.0,727.0,0.5,10.0
2023-04-28 13:53:01.0,1682661181000000000,3.5,3.0,2.5,6708.0,1425.0,44890.0,3.0,58.0,3.5,110.0,4.0,3.0,4.5,16.0,6.0,1.0,2.5,935.0,2.0,334.0,1.5,316.0,1.0,727.0,0.5,10.0
2023-04-28 13:53:02.5,1682661182500000000,3.5,3.0,2.5,6708.0,1425.0,44890.0,3.0,58.0,3.5,110.0,4.0,3.0,4.5,16.0,6.0,1.0,2.5,835.0,2.0,334.0,1.5,316.0,1.0,727.0,0.5,10.0
2023-04-28 13:53:46.5,1682661226500000000,3.5,3.0,2.5,6708.0,1425.0,44890.0,3.0,41.0,3.5,110.0,4.0,3.0,4.5,16.0,6.0,1.0,2.5,817.0,2.0,334.0,1.5,316.0,1.0,727.0,0.5,10.0
2023-04-28 13:54:02.0,1682661242000000000,3.5,3.0,2.5,6708.0,1425.0,44890.0,3.0,41.0,3.5,110.0,4.0,21.0,4.5,16.0,6.0,1.0,2.5,817.0,2.0,334.0,1.5,334.0,1.0,727.0,0.5,10.0
2023-04-28 13:54:02.75,1682661242750000000,3.5,3.0,2.5,6708.0,1425.0,44890.0,3.0,41.0,3.5,110.0,4.0,3.0,4.5,16.0,6.0,1.0,2.5,817.0,2.0,334.0,1.5,316.0,1.0,727.0,0.5,10.0
2023-04-28 13:54:05.0,1682661245000000000,3.5,3.0,2.5,6708.0,1425.0,44890.0,3.0,59.0,3.5,110.0,4.0,3.0,4.5,16.0,6.0,1.0,2.5,835.0,2.0,334.0,1.5,316.0,1.0,727.0,0.5,10.0
2023-04-28 13:56:22.25,1682661382250000000,3.5,3.0,2.5,6708.0,1425.0,44890.0,3.0,59.0,3.5,110.0,4.0,3.0,4.5,16.0,6.0,1.0,2.5,817.0,2.0,352.0,1.5,316.0,1.0,727.0,0.5,10.0
2023-04-28 13:56:39.0,1682661399000000000,3.5,3.0,2.5,6708.0,1425.0,44890.0,3.0,41.0,3.5,110.0,4.0,3.0,4.5,16.0,6.0,1.0,2.5,817.0,2.0,334.0,1.5,316.0,1.0,727.0,0.5,10.0
2023-04-28 13:56:39.25,1682661399250000000,3.5,3.0,2.5,6708.0,1425.0,44890.0,3.0,59.0,3.5,110.0,4.0,3.0,4.5,16.0,6.0,1.0,2.5,835.0,2.0,334.0,1.5,316.0,1.0,727.0,0.5,10.0
2023-04-28 14:13:04.75,1682662384750000000,3.5,3.0,2.5,6709.0,1426.0,44920.0,3.0,58.0,3.5,110.0,4.0,3.0,4.5,16.0,6.0,1.0,2.5,834.0,2.0,334.0,1.5,316.0,1.0,727.0,0.5,10.0
2023-04-28 14:13:06.0,1682662386000000000,3.5,3.0,2.5,6708.0,1427.0,44950.0,3.0,57.0,3.5,110.0,4.0,3.0,4.5,16.0,6.0,1.0,2.5,834.0,2.0,334.0,1.5,316.0,1.0,727.0,0.5,10.0
2023-04-28 14:13:06.75,1682662386750000000,3.5,3.0,2.5,6708.0,1428.0,44980.0,3.0,56.0,3.5,110.0,4.0,3.0,4.5,16.0,6.0,1.0,2.5,834.0,2.0,334.0,1.5,316.0,1.0,727.0,0.5,10.0
2023-04-28 14:13:07.0,1682662387000000000,3.5,3.0,2.5,6708.0,1428.0,44980.0,3.0,57.0,3.5,110.0,4.0,3.0,4.5,16.0,6.0,1.0,2.5,835.0,2.0,334.0,1.5,316.0,1.0,727.0,0.5,10.0
2023-04-28 14:13:08.5,1682662388500000000,3.5,3.0,2.5,6708.0,1429.0,45010.0,3.0,56.0,3.5,110.0,4.0,3.0,4.5,16.0,6.0,1.0,2.5,835.0,2.0,334.0,1.5,316.0,1.0,727.0,0.5,10.0
2023-04-28 14:13:09.75,1682662389750000000,3.5,3.0,2.5,6708.0,1430.0,45040.0,3.0,55.0,3.5,110.0,4.0,3.0,4.5,16.0,6.0,1.0,2.5,835.0,2.0,334.0,1.5,316.0,1.0,727.0,0.5,10.0
2023-04-28 14:13:11.0,1682662391000000000,3.5,3.0,2.5,6708.0,1431.0,45070.0,3.0,54.0,3.5,110.0,4.0,3.0,4.5,16.0,6.0,1.0,2.5,835.0,2.0,334.0,1.5,316.0,1.0,727.0,0.5,10.0
2023-04-28 14:13:12.0,1682662392000000000,3.5,3.0,2.5,6708.0,1432.0,45100.0,3.0,53.0,3.5,110.0,4.0,3.0,4.5,16.0,6.0,1.0,2.5,835.0,2.0,334.0,1.5,316.0,1.0,727.0,0.5,10.0
2023-04-28 14:13:13.5,1682662393500000000,3.5,3.0,2.5,6708.0,1433.0,45130.0,3.0,52.0,3.5,110.0,4.0,3.0,4.5,16.0,6.0,1.0,2.5,835.0,2.0,334.0,1.5,316.0,1.0,727.0,0.5,10.0
2023-04-28 14:13:15.75,1682662395750000000,3.5,3.0,2.5,6708.0,1434.0,45160.0,3.0,51.0,3.5,110.0,4.0,3.0,4.5,16.0,6.0,1.0,2.5,835.0,2.0,334.0,1.5,316.0,1.0,727.0,0.5,10.0
2023-04-28 14:19:34.25,1682662774250000000,3.5,3.0,2.5,6708.0,1434.0,45160.0,3.0,61.0,3.5,110.0,4.0,3.0,4.5,16.0,6.0,1.0,2.5,845.0,2.0,334.0,1.5,316.0,1.0,727.0,0.5,10.0
2023-04-28 14:26:19.75,1682663179750000000,3.5,3.0,2.5,6708.0,1434.0,45160.0,3.0,43.0,3.5,110.0,4.0,3.0,4.5,16.0,6.0,1.0,2.5,827.0,2.0,334.0,1.5,316.0,1.0,727.0,0.5,10.0
2023-04-28 14:27:24.75,1682663244750000000,3.5,3.0,2.5,6708.0,1434.0,45160.0,3.0,43.0,3.5,110.0,4.0,3.0,4.5,16.0,6.0,1.0,2.5,827.0,2.0,334.0,1.5,316.0,1.0,727.0,0.5,10.0
2023-04-28 14:28:20.75,1682663300750000000,3.5,3.0,2.5,6708.0,1434.0,45160.0,3.0,61.0,3.5,110.0,4.0,3.0,4.5,16.0,6.0,1.0,2.5,845.0,2.0,334.0,1.5,316.0,1.0,727.0,0.5,10.0
2023-04-28 14:28:21.0,1682663301000000000,3.5,3.0,2.5,6708.0,1434.0,45160.0,3.0,43.0,3.5,110.0,4.0,3.0,4.5,16.0,6.0,1.0,2.5,827.0,2.0,334.0,1.5,316.0,1.0,727.0,0.5,10.0
2023-04-28 14:29:19.25,1682663359250000000,3.5,3.0,2.5,6708.0,1434.0,45160.0,3.0,61.0,3.5,110.0,4.0,3.0,4.5,16.0,6.0,1.0,2.5,845.0,2.0,334.0,1.5,316.0,1.0,727.0,0.5,10.0
2023-04-28 14:29:21.5,1682663361500000000,3.5,3.0,2.5,6708.0,1434.0,45160.0,3.0,43.0,3.5,110.0,4.0,3.0,4.5,16.0,6.0,1.0,2.5,827.0,2.0,334.0,1.5,316.0,1.0,727.0,0.5,10.0
2023-04-28 14:29:54.25,1682663394250000000,3.5,3.0,2.5,6708.0,1434.0,45160.0,3.0,61.0,3.5,110.0,4.0,3.0,4.5,16.0,6.0,1.0,2.5,845.0,2.0,334.0,1.5,316.0,1.0,727.0,0.5,10.0
2023-04-28 14:29:55.0,1682663395000000000,3.5,3.0,2.5,6708.0,1434.0,45160.0,3.0,43.0,3.5,110.0,4.0,3.0,4.5,16.0,6.0,1.0,2.5,827.0,2.0,334.0,1.5,316.0,1.0,727.0,0.5,10.0
2023-04-28 14:32:47.25,1682663567250000000,3.5,3.0,2.5,6708.0,1434.0,45160.0,3.0,61.0,3.5,110.0,4.0,3.0,4.5,16.0,6.0,1.0,2.5,845.0,2.0,334.0,1.5,316.0,1.0,727.0,0.5,10.0
2023-04-28 14:33:16.5,1682663596500000000,3.5,3.0,2.5,6708.0,1434.0,45160.0,3.0,81.0,3.5,110.0,4.0,3.0,4.5,16.0,6.0,1.0,2.5,845.0,2.0,354.0,1.5,316.0,1.0,727.0,0.5,10.0
2023-04-28 14:33:52.0,1682663632000000000,3.5,3.0,2.5,6708.0,1434.0,45160.0,3.0,61.0,3.5,110.0,4.0,3.0,4.5,16.0,6.0,1.0,2.5,845.0,2.0,334.0,1.5,316.0,1.0,727.0,0.5,10.0
2023-04-28 14:34:50.0,1682663690000000000,3.5,3.0,2.5,6708.0,1435.0,45190.0,3.0,60.0,3.5,110.0,4.0,3.0,4.5,16.0,6.0,1.0,2.5,845.0,2.0,334.0,1.5,316.0,1.0,727.0,0.5,10.0
2023-04-28 14:34:51.25,1682663691250000000,3.5,3.0,2.5,6708.0,1436.0,45220.0,3.0,59.0,3.5,110.0,4.0,3.0,4.5,16.0,6.0,1.0,2.5,845.0,2.0,334.0,1.5,316.0,1.0,727.0,0.5,10.0
2023-04-28 14:34:52.5,1682663692500000000,3.5,3.0,2.5,6708.0,1437.0,45250.0,3.0,58.0,3.5,110.0,4.0,3.0,4.5,16.0,6.0,1.0,2.5,845.0,2.0,334.0,1.5,316.0,1.0,727.0,0.5,10.0
2023-04-28 14:34:54.0,1682663694000000000,3.5,3.0,2.5,6708.0,1438.0,45280.0,3.0,57.0,3.5,110.0,4.0,3.0,4.5,16.0,6.0,1.0,2.5,845.0,2.0,334.0,1.5,316.0,1.0,727.0,0.5,10.0
2023-04-28 14:34:55.25,1682663695250000000,3.5,3.0,2.5,6708.0,1439.0,45310.0,3.0,56.0,3.5,110.0,4.0,3.0,4.5,16.0,6.0,1.0,2.5,845.0,2.0,334.0,1.5,316.0,1.0,727.0,0.5,10.0
2023-04-28 14:34:57.0,1682663697000000000,3.5,3.0,2.5,6708.0,1440.0,45340.0,3.0,55.0,3.5,110.0,4.0,3.0,4.5,16.0,6.0,1.0,2.5,845.0,2.0,334.0,1.5,316.0,1.0,727.0,0.5,10.0
2023-04-28 14:34:58.25,1682663698250000000,3.5,3.0,2.5,6708.0,1441.0,45370.0,3.0,54.0,3.5,110.0,4.0,3.0,4.5,16.0,6.0,1.0,2.5,845.0,2.0,334.0,1.5,316.0,1.0,727.0,0.5,10.0
2023-04-28 14:34:59.25,1682663699250000000,3.5,3.0,2.5,6708.0,1442.0,45400.0,3.0,53.0,3.5,110.0,4.0,3.0,4.5,16.0,6.0,1.0,2.5,845.0,2.0,334.0,1.5,316.0,1.0,727.0,0.5,10.0
2023-04-28 14:35:00.5,1682663700500000000,3.5,3.0,2.5,6708.0,1443.0,45430.0,3.0,52.0,3.5,110.0,4.0,3.0,4.5,16.0,6.0,1.0,2.5,845.0,2.0,334.0,1.5,316.0,1.0,727.0,0.5,10.0
2023-04-28 14:35:02.0,1682663702000000000,3.5,3.0,2.5,6708.0,1444.0,45460.0,3.0,51.0,3.5,110.0,4.0,3.0,4.5,16.0,6.0,1.0,2.5,845.0,2.0,334.0,1.5,316.0,1.0,727.0,0.5,10.0
2023-04-28 14:35:03.25,1682663703250000000,3.5,3.0,2.5,6708.0,1445.0,45490.0,3.0,50.0,3.5,110.0,4.0,3.0,4.5,16.0,6.0,1.0,2.5,845.0,2.0,334.0,1.5,316.0,1.0,727.0,0.5,10.0
2023-04-28 14:35:04.5,1682663704500000000,3.5,3.0,2.5,6708.0,1446.0,45520.0,3.0,49.0,3.5,110.0,4.0,3.0,4.5,16.0,6.0,1.0,2.5,845.0,2.0,334.0,1.5,316.0,1.0,727.0,0.5,10.0
2023-04-28 14:35:05.75,1682663705750000000,3.5,3.0,2.5,6708.0,1447.0,45550.0,3.0,48.0,3.5,110.0,4.0,3.0,4.5,16.0,6.0,1.0,2.5,845.0,2.0,334.0,1.5,316.0,1.0,727.0,0.5,10.0
2023-04-28 14:35:07.0,1682663707000000000,3.5,3.0,2.5,6708.0,1448.0,45580.0,3.0,47.0,3.5,110.0,4.0,3.0,4.5,16.0,6.0,1.0,2.5,845.0,2.0,334.0,1.5,316.0,1.0,727.0,0.5,10.0
2023-04-28 14:35:08.25,1682663708250000000,3.5,3.0,2.5,6708.0,1449.0,45610.0,3.0,46.0,3.5,110.0,4.0,3.0,4.5,16.0,6.0,1.0,2.5,845.0,2.0,334.0,1.5,316.0,1.0,727.0,0.5,10.0
2023-04-28 14:35:09.25,1682663709250000000,3.5,3.0,2.5,6708.0,1450.0,45640.0,3.0,45.0,3.5,110.0,4.0,3.0,4.5,16.0,6.0,1.0,2.5,845.0,2.0,334.0,1.5,316.0,1.0,727.0,0.5,10.0
2023-04-28 14:35:10.75,1682663710750000000,3.5,3.0,2.5,6708.0,1451.0,45670.0,3.0,44.0,3.5,110.0,4.0,3.0,4.5,16.0,6.0,1.0,2.5,845.0,2.0,334.0,1.5,316.0,1.0,727.0,0.5,10.0
2023-04-28 14:35:12.25,1682663712250000000,3.5,3.0,2.5,6708.0,1452.0,45700.0,3.0,43.0,3.5,110.0,4.0,3.0,4.5,16.0,6.0,1.0,2.5,845.0,2.0,334.0,1.5,316.0,1.0,727.0,0.5,10.0
2023-04-28 14:35:39.75,1682663739750000000,3.5,3.0,2.5,6708.0,1452.0,45700.0,3.0,25.0,3.5,110.0,4.0,3.0,4.5,16.0,6.0,1.0,2.5,827.0,2.0,334.0,1.5,216.0,1.0,727.0,0.5,10.0
2023-04-28 14:36:01.75,1682663761750000000,3.5,3.0,2.5,6708.0,1452.0,45700.0,3.0,43.0,3.5,110.0,4.0,3.0,4.5,16.0,6.0,1.0,2.5,845.0,2.0,334.0,1.5,216.0,1.0,727.0,0.5,10.0
2023-04-28 14:36:03.75,1682663763750000000,3.5,3.0,2.5,6708.0,1452.0,45700.0,3.0,25.0,3.5,110.0,4.0,3.0,4.5,16.0,6.0,1.0,2.5,827.0,2.0,334.0,1.5,216.0,1.0,727.0,0.5,10.0
2023-04-28 14:37:07.25,1682663827250000000,3.5,3.0,2.5,6708.0,1452.0,45700.0,3.0,24.0,3.5,110.0,4.0,3.0,4.5,16.0,6.0,1.0,2.5,826.0,2.0,334.0,1.5,216.0,1.0,727.0,0.5,10.0
2023-04-28 14:37:21.5,1682663841500000000,3.5,3.0,2.5,6708.0,1452.0,45700.0,3.0,42.0,3.5,110.0,4.0,3.0,4.5,16.0,6.0,1.0,2.5,844.0,2.0,334.0,1.5,216.0,1.0,727.0,0.5,10.0
2023-04-28 14:37:22.5,1682663842500000000,3.5,3.0,2.5,6708.0,1452.0,45700.0,3.0,24.0,3.5,110.0,4.0,3.0,4.5,16.0,6.0,1.0,2.5,826.0,2.0,334.0,1.5,216.0,1.0,727.0,0.5,10.0
2023-04-28 14:38:08.25,1682663888250000000,3.5,3.0,2.5,6708.0,1452.0,45700.0,3.0,42.0,3.5,110.0,4.0,3.0,4.5,16.0,6.0,1.0,2.5,844.0,2.0,334.0,1.5,216.0,1.0,727.0,0.5,10.0
2023-04-28 14:38:10.75,1682663890750000000,3.5,3.0,2.5,6708.0,1452.0,45700.0,3.0,24.0,3.5,110.0,4.0,3.0,4.5,16.0,6.0,1.0,2.5,826.0,2.0,334.0,1.5,216.0,1.0,727.0,0.5,10.0
2023-04-28 14:38:15.5,1682663895500000000,3.5,3.0,2.5,6708.0,1452.0,45700.0,3.0,42.0,3.5,110.0,4.0,3.0,4.5,16.0,6.0,1.0,2.5,844.0,2.0,334.0,1.5,216.0,1.0,727.0,0.5,10.0
2023-04-28 14:39:59.25,1682663999250000000,3.5,3.0,2.5,6708.0,1452.0,45700.0,3.0,24.0,3.5,110.0,4.0,3.0,4.5,16.0,6.0,1.0,2.5,826.0,2.0,334.0,1.5,216.0,1.0,727.0,0.5,10.0
2023-04-28 14:41:01.75,1682664061750000000,3.5,3.0,2.5,6708.0,1452.0,45700.0,3.0,42.0,3.5,110.0,4.0,3.0,4.5,16.0,6.0,1.0,2.5,844.0,2.0,334.0,1.5,216.0,1.0,727.0,0.5,10.0
2023-04-28 14:41:02.5,1682664062500000000,3.5,3.0,2.5,6708.0,1452.0,45700.0,3.0,24.0,3.5,110.0,4.0,3.0,4.5,16.0,6.0,1.0,2.5,826.0,2.0,334.0,1.5,216.0,1.0,727.0,0.5,10.0
2023-04-28 14:41:20.75,1682664080750000000,3.5,3.0,2.5,6708.0,1452.0,45700.0,3.0,42.0,3.5,110.0,4.0,3.0,4.5,16.0,6.0,1.0,2.5,844.0,2.0,334.0,1.5,216.0,1.0,727.0,0.5,10.0
2023-04-28 14:44:54.0,1682664294000000000,3.5,3.0,2.5,6708.0,1456.0,45820.0,3.0,38.0,3.5,110.0,4.0,3.0,4.5,16.0,6.0,1.0,2.5,844.0,2.0,334.0,1.5,216.0,1.0,727.0,0.5,10.0
2023-04-28 14:45:35.75,1682664335750000000,3.5,3.0,2.5,6712.0,1460.0,45940.0,3.0,34.0,3.5,110.0,4.0,3.0,4.5,16.0,6.0,1.0,2.5,844.0,2.0,334.0,1.5,216.0,1.0,727.0,0.5,10.0
2023-04-28 14:45:36.0,1682664336000000000,3.5,3.0,2.5,6712.0,1460.0,45940.0,3.0,38.0,3.5,110.0,4.0,3.0,4.5,16.0,6.0,1.0,2.5,844.0,2.0,334.0,1.5,216.0,1.0,727.0,0.5,10.0
2023-04-28 14:47:09.25,1682664429250000000,3.5,3.0,2.5,6740.0,1498.0,47080.0,3.5,110.0,4.0,3.0,4.5,16.0,6.0,1.0,6.5,1.0,3.0,12.0,2.5,826.0,2.0,334.0,1.5,216.0,1.0,727.0
2023-04-28 14:47:09.5,1682664429500000000,3.5,3.0,2.5,6752.0,1510.0,47440.0,3.5,110.0,4.0,13.0,4.5,16.0,5.0,18.0,6.0,1.0,3.0,10.0,2.5,824.0,2.0,334.0,1.5,216.0,1.0,727.0
2023-04-28 14:47:09.75,1682664429750000000,3.5,3.0,2.5,6752.0,1520.0,47740.0,3.5,110.0,4.0,13.0,4.5,16.0,5.0,18.0,6.0,1.0,2.5,824.0,2.0,334.0,1.5,216.0,1.0,727.0,0.5,10.0
2023-04-28 14:47:10.0,1682664430000000000,3.5,3.0,2.5,6752.0,1520.0,47740.0,3.5,120.0,4.0,3.0,4.5,16.0,5.0,18.0,6.0,1.0,3.0,10.0,2.5,824.0,2.0,334.0,1.5,216.0,1.0,727.0
2023-04-28 14:47:10.25,1682664430250000000,3.5,3.0,2.5,6752.0,1530.0,48040.0,3.5,120.0,4.0,3.0,4.5,16.0,5.0,18.0,6.0,1.0,2.5,824.0,2.0,334.0,1.5,216.0,1.0,727.0,0.5,10.0
2023-04-28 14:47:10.5,1682664430500000000,3.5,3.0,2.5,6752.0,1530.0,48040.0,3.5,120.0,4.0,3.0,4.5,16.0,5.0,18.0,6.0,1.0,2.5,834.0,2.0,334.0,1.5,216.0,1.0,727.0,0.5,10.0
2023-04-28 14:47:14.5,1682664434500000000,3.5,3.0,2.5,6752.0,1530.0,48040.0,3.5,130.0,4.0,3.0,4.5,16.0,5.0,18.0,6.0,1.0,2.5,844.0,2.0,334.0,1.5,216.0,1.0,727.0,0.5,10.0
2023-04-28 14:47:15.25,1682664435250000000,3.5,3.0,2.5,6752.0,1530.0,48040.0,3.5,130.0,4.0,3.0,4.5,16.0,6.0,1.0,6.5,1.0,2.5,826.0,2.0,334.0,1.5,216.0,1.0,727.0,0.5,10.0
2023-04-28 14:47:15.5,1682664435500000000,3.5,3.0,2.5,6752.0,1530.0,48040.0,3.5,148.0,4.0,3.0,4.5,16.0,6.0,1.0,6.5,1.0,3.0,50.0,2.5,844.0,2.0,334.0,1.5,216.0,1.0,727.0
2023-04-28 14:47:15.75,1682664435750000000,3.5,3.0,2.5,6752.0,1530.0,48040.0,3.5,148.0,4.0,3.0,4.5,16.0,6.0,1.0,6.5,1.0,3.0,88.0,2.5,806.0,2.0,334.0,1.5,216.0,1.0,727.0
2023-04-28 14:47:38.0,1682664458000000000,3.5,3.0,2.5,6752.0,1564.0,49060.0,3.5,148.0,4.0,3.0,4.5,16.0,6.0,1.0,6.5,1.0,3.0,54.0,2.5,806.0,2.0,334.0,1.5,216.0,1.0,727.0
2023-04-28 14:48:30.5,1682664510500000000,3.5,3.0,2.5,6752.0,1564.0,49060.0,3.5,130.0,4.0,3.0,4.5,16.0,6.0,1.0,6.5,1.0,3.0,36.0,2.5,806.0,2.0,334.0,1.5,216.0,1.0,727.0
2023-04-28 14:48:39.0,1682664519000000000,3.5,3.0,2.5,6752.0,1564.0,49060.0,3.5,148.0,4.0,3.0,4.5,16.0,6.0,1.0,6.5,1.0,3.0,54.0,2.5,806.0,2.0,334.0,1.5,216.0,1.0,727.0
2023-04-28 14:49:57.0,1682664597000000000,3.5,3.0,2.5,6786.0,1618.0,50680.0,3.0,46.0,3.5,130.0,4.0,3.0,4.5,16.0,6.0,1.0,2.5,806.0,2.0,334.0,1.5,216.0,1.0,727.0,0.5,10.0
2023-04-28 14:49:57.25,1682664597250000000,3.5,3.0,2.5,6786.0,1618.0,50680.0,3.0,156.0,3.5,128.0,4.0,3.0,4.5,16.0,6.0,1.0,2.5,816.0,2.0,334.0,1.5,216.0,1.0,745.0,0.5,10.0
2023-04-28 14:50:02.25,1682664602250000000,3.5,3.0,2.5,6786.0,1618.0,50680.0,3.0,166.0,3.5,128.0,4.0,3.0,4.5,16.0,6.0,1.0,2.5,826.0,2.0,334.0,1.5,216.0,1.0,745.0,0.5,10.0
2023-04-28 14:50:03.0,1682664603000000000,3.5,3.0,2.5,6786.0,1618.0,50680.0,3.0,166.0,3.5,110.0,4.0,3.0,4.5,16.0,6.0,1.0,2.5,826.0,2.0,334.0,1.5,216.0,1.0,727.0,0.5,10.0
2023-04-28 14:50:03.25,1682664603250000000,3.5,3.0,2.5,6786.0,1618.0,50680.0,3.0,184.0,3.5,110.0,4.0,3.0,4.5,16.0,6.0,1.0,2.5,844.0,2.0,334.0,1.5,216.0,1.0,727.0,0.5,10.0
2023-04-28 14:50:27.25,1682664627250000000,3.5,3.0,2.5,6787.0,1619.0,50710.0,3.0,183.0,3.5,110.0,4.0,3.0,4.5,16.0,6.0,1.0,2.5,844.0,2.0,334.0,1.5,216.0,1.0,727.0,0.5,10.0
2023-04-28 14:50:29.75,1682664629750000000,3.5,3.0,2.5,6788.0,1620.0,50740.0,3.0,182.0,3.5,110.0,4.0,3.0,4.5,16.0,6.0,1.0,2.5,844.0,2.0,334.0,1.5,216.0,1.0,727.0,0.5,10.0
2023-04-28 14:50:32.5,1682664632500000000,3.5,3.0,2.5,6789.0,1621.0,50770.0,3.0,181.0,3.5,110.0,4.0,3.0,4.5,16.0,6.0,1.0,2.5,844.0,2.0,334.0,1.5,216.0,1.0,727.0,0.5,10.0
2023-04-28 14:50:34.75,1682664634750000000,3.5,3.0,2.5,6790.0,1622.0,50800.0,3.0,180.0,3.5,110.0,4.0,3.0,4.5,16.0,6.0,1.0,2.5,844.0,2.0,334.0,1.5,216.0,1.0,727.0,0.5,10.0
2023-04-28 14:50:36.25,1682664636250000000,3.5,3.0,2.5,6791.0,1623.0,50830.0,3.0,179.0,3.5,110.0,4.0,3.0,4.5,16.0,6.0,1.0,2.5,844.0,2.0,334.0,1.5,216.0,1.0,727.0,0.5,10.0
2023-04-28 14:50:38.0,1682664638000000000,3.5,3.0,2.5,6792.0,1624.0,50860.0,3.0,178.0,3.5,110.0,4.0,3.0,4.5,16.0,6.0,1.0,2.5,844.0,2.0,334.0,1.5,216.0,1.0,727.0,0.5,10.0
2023-04-28 14:51:35.0,1682664695000000000,3.5,3.0,2.5,6793.0,1625.0,50890.0,3.0,177.0,3.5,110.0,4.0,3.0,4.5,16.0,6.0,1.0,2.5,844.0,2.0,334.0,1.5,216.0,1.0,727.0,0.5,10.0
2023-04-28 14:51:36.5,1682664696500000000,3.5,3.0,2.5,6794.0,1626.0,50920.0,3.0,176.0,3.5,110.0,4.0,3.0,4.5,16.0,6.0,1.0,2.5,844.0,2.0,334.0,1.5,216.0,1.0,727.0,0.5,10.0
2023-04-28 14:51:38.0,1682664698000000000,3.5,3.0,2.5,6795.0,1627.0,50950.0,3.0,175.0,3.5,110.0,4.0,3.0,4.5,16.0,6.0,1.0,2.5,844.0,2.0,334.0,1.5,216.0,1.0,727.0,0.5,10.0
2023-04-28 14:51:39.75,1682664699750000000,3.5,3.0,2.5,6796.0,1628.0,50980.0,3.0,174.0,3.5,110.0,4.0,3.0,4.5,16.0,6.0,1.0,2.5,844.0,2.0,334.0,1.5,216.0,1.0,727.0,0.5,10.0
2023-04-28 14:53:47.75,1682664827750000000,3.5,3.0,2.5,6796.0,1628.0,50980.0,3.0,156.0,3.5,110.0,4.0,3.0,4.5,16.0,6.0,1.0,2.5,826.0,2.0,334.0,1.5,216.0,1.0,727.0,0.5,10.0
2023-04-28 14:53:49.75,1682664829750000000,3.5,3.0,2.5,6796.0,1643.0,51430.0,3.0,141.0,3.5,110.0,4.0,3.0,4.5,16.0,6.0,1.0,2.5,826.0,2.0,334.0,1.5,216.0,1.0,727.0,0.5,10.0
2023-04-28 14:53:57.0,1682664837000000000,3.5,3.0,2.5,6796.0,1643.0,51430.0,3.0,159.0,3.5,110.0,4.0,3.0,4.5,16.0,6.0,1.0,2.5,844.0,2.0,334.0,1.5,216.0,1.0,727.0,0.5,10.0
2023-04-28 14:54:36.0,1682664876000000000,3.5,3.0,2.5,6796.0,1643.0,51430.0,3.0,149.0,3.5,120.0,4.0,3.0,4.5,16.0,6.0,1.0,2.5,834.0,2.0,344.0,1.5,216.0,1.0,727.0,0.5,10.0
2023-04-28 14:54:38.75,1682664878750000000,3.5,3.0,2.5,6796.0,1643.0,51430.0,3.0,159.0,3.5,110.0,4.0,3.0,4.5,16.0,6.0,1.0,2.5,844.0,2.0,334.0,1.5,216.0,1.0,727.0,0.5,10.0
2023-04-28 14:56:32.0,1682664992000000000,3.5,3.0,2.5,6796.0,1643.0,51430.0,3.0,159.0,3.5,100.0,4.0,3.0,4.5,16.0,6.0,1.0,2.5,834.0,2.0,334.0,1.5,216.0,1.0,727.0,0.5,10.0
2023-04-28 14:58:38.5,1682665118500000000,3.5,3.0,2.5,6796.0,1643.0,51430.0,3.0,149.0,3.5,100.0,4.0,3.0,4.5,16.0,6.0,1.0,2.5,824.0,2.0,334.0,1.5,216.0,1.0,727.0,0.5,10.0
2023-04-28 14:59:04.0,1682665144000000000,3.5,3.0,2.5,6796.0,1643.0,51430.0,3.0,131.0,3.5,100.0,4.0,3.0,4.5,16.0,6.0,1.0,2.5,806.0,2.0,334.0,1.5,216.0,1.0,727.0,0.5,10.0
2023-04-28 14:59:11.0,1682665151000000000,3.5,3.0,2.5,6796.0,1643.0,51430.0,3.0,149.0,3.5,100.0,4.0,3.0,4.5,16.0,6.0,1.0,2.5,824.0,2.0,334.0,1.5,216.0,1.0,727.0,0.5,10.0
2023-04-28 14:59:19.25,1682665159250000000,3.5,3.0,2.5,6796.0,1643.0,51430.0,3.0,131.0,3.5,100.0,4.0,3.0,4.5,16.0,6.0,1.0,2.5,806.0,2.0,334.0,1.5,216.0,1.0,727.0,0.5,10.0
2023-04-28 14:59:21.25,1682665161250000000,3.5,3.0,2.5,6796.0,1643.0,51430.0,3.0,131.0,3.5,100.0,4.0,3.0,4.5,16.0,6.0,1.0,2.5,806.0,2.0,334.0,1.5,116.0,1.0,527.0,0.5,10.0
2023-04-28 14:59:31.0,1682665171000000000,3.5,3.0,2.5,6796.0,1643.0,51430.0,3.0,121.0,3.5,100.0,4.0,3.0,4.5,16.0,6.0,1.0,2.5,796.0,2.0,334.0,1.5,116.0,1.0,527.0,0.5,10.0
2023-04-28 14:59:55.75,1682665195750000000,3.5,3.0,2.5,6796.0,1643.0,51430.0,3.0,121.0,3.5,100.0,4.0,3.0,4.5,16.0,6.0,1.0,2.5,796.0,2.0,334.0,1.5,16.0,1.0,527.0,0.5,10.0
