datetime,datetime_nano,highest,last_price,lowest,open_interest,volume,amount,ask_price1,ask_volume1,ask_price2,ask_volume2,ask_price3,ask_volume3,ask_price4,ask_volume4,ask_price5,ask_volume5,bid_price1,bid_volume1,bid_price2,bid_volume2,bid_price3,bid_volume3,bid_price4,bid_volume4,bid_price5,bid_volume5
2023-04-27 20:55:58.75,1682600158750000000,,,,3135.0,0.0,0.0,,0.0,,0.0,,0.0,,0.0,,0.0,,0.0,,0.0,,0.0,,0.0,,0.0
2023-04-27 20:59:00.0,1682600340000000000,,,,3135.0,0.0,0.0,,0.0,,0.0,,0.0,,0.0,,0.0,157.0,1.0,111.0,10.0,110.0,6.0,66.0,2.0,50.0,1.0
2023-04-27 21:00:00.0,1682600400000000000,,,,3135.0,0.0,0.0,,0.0,,0.0,,0.0,,0.0,,0.0,550.0,1.0,157.0,1.0,111.0,10.0,110.0,6.0,66.0,2.0
2023-04-27 21:00:00.25,1682600400250000000,,,,3135.0,0.0,0.0,1085.5,1.0,,0.0,,0.0,,0.0,,0.0,551.5,1.0,550.0,1.0,157.0,1.0,111.0,10.0,110.0,6.0
2023-04-27 21:00:04.5,1682600404500000000,,,,3135.0,0.0,0.0,758.5,16.0,1085.5,1.0,,0.0,,0.0,,0.0,551.5,1.0,550.0,1.0,157.0,1.0,111.0,10.0,110.0,6.0
2023-04-27 21:00:05.0,1682600405000000000,,,,3135.0,0.0,0.0,758.0,10.0,758.5,16.0,1085.5,1.0,,0.0,,0.0,551.5,1.0,550.0,1.0,157.0,1.0,111.0,10.0,110.0,6.0
2023-04-27 21:00:05.25,1682600405250000000,,,,3135.0,0.0,0.0,758.0,10.0,758.5,16.0,,0.0,,0.0,,0.0,551.5,1.0,550.0,1.0,157.0,1.0,111.0,10.0,110.0,6.0
2023-04-27 21:00:05.5,1682600405500000000,,,,3135.0,0.0,0.0,724.0,16.0,756.5,1.0,758.0,10.0,,0.0,,0.0,584.0,16.0,551.5,1.0,550.0,1.0,157.0,1.0,111.0,10.0
2023-04-27 21:00:05.75,1682600405750000000,,,,3135.0,0.0,0.0,724.0,16.0,756.5,1.0,,0.0,,0.0,,0.0,584.0,16.0,551.5,1.0,550.0,1.0,157.0,1.0,111.0,10.0
2023-04-27 21:00:06.0,1682600406000000000,,,,3135.0,0.0,0.0,723.5,10.0,724.0,16.0,756.5,1.0,,0.0,,0.0,584.0,16.0,551.5,1.0,550.0,1.0,157.0,1.0,111.0,10.0
2023-04-27 21:00:06.25,1682600406250000000,,,,3135.0,0.0,0.0,723.5,10.0,724.0,16.0,,0.0,,0.0,,0.0,584.0,16.0,550.0,1.0,157.0,1.0,111.0,10.0,110.0,6.0
2023-04-27 21:00:08.0,1682600408000000000,,,,3135.0,0.0,0.0,724.0,16.0,,0.0,,0.0,,0.0,,0.0,584.0,16.0,550.0,1.0,157.0,1.0,111.0,10.0,110.0,6.0
2023-04-27 21:00:09.0,1682600409000000000,,,,3135.0,0.0,0.0,724.0,16.0,747.5,16.0,,0.0,,0.0,,0.0,584.0,16.0,550.0,1.0,183.5,1.0,157.0,1.0,111.0,10.0
2023-04-27 21:00:09.25,1682600409250000000,,,,3135.0,0.0,0.0,723.5,10.0,724.0,16.0,747.5,16.0,,0.0,,0.0,584.0,16.0,550.0,1.0,183.5,1.0,157.0,1.0,111.0,10.0
2023-04-27 21:00:10.0,1682600410000000000,,,,3135.0,0.0,0.0,689.5,16.0,722.0,1.0,723.5,10.0,724.0,16.0,,0.0,584.0,16.0,550.0,1.0,183.5,1.0,157.0,1.0,111.0,10.0
2023-04-27 21:00:10.25,1682600410250000000,,,,3135.0,0.0,0.0,689.5,16.0,724.0,16.0,,0.0,,0.0,,0.0,584.0,16.0,550.0,1.0,183.5,1.0,157.0,1.0,111.0,10.0
2023-04-27 21:00:10.5,1682600410500000000,,,,3135.0,0.0,0.0,689.0,10.0,689.5,16.0,724.0,16.0,,0.0,,0.0,584.0,16.0,550.0,1.0,183.5,1.0,157.0,1.0,111.0,10.0
2023-04-27 21:00:12.5,1682600412500000000,,,,3135.0,0.0,0.0,689.0,10.0,689.5,16.0,,0.0,,0.0,,0.0,584.0,16.0,550.0,1.0,183.5,1.0,157.0,1.0,111.0,10.0
2023-04-27 21:00:12.75,1682600412750000000,,,,3135.0,0.0,0.0,687.5,1.0,689.0,10.0,689.5,16.0,,0.0,,0.0,584.0,16.0,550.0,1.0,183.5,1.0,157.0,1.0,111.0,10.0
2023-04-27 21:00:13.0,1682600413000000000,,,,3135.0,0.0,0.0,687.5,1.0,689.5,16.0,,0.0,,0.0,,0.0,584.0,16.0,550.0,1.0,183.5,1.0,157.0,1.0,111.0,10.0
2023-04-27 21:00:13.25,1682600413250000000,,,,3135.0,0.0,0.0,687.0,10.0,687.5,1.0,689.5,16.0,,0.0,,0.0,584.0,16.0,550.0,1.0,183.5,1.0,157.0,1.0,111.0,10.0
2023-04-27 21:00:13.5,1682600413500000000,,,,3135.0,0.0,0.0,653.5,16.0,687.0,10.0,687.5,1.0,,0.0,,0.0,584.0,16.0,550.0,1.0,183.5,1.0,157.0,1.0,111.0,10.0
2023-04-27 21:00:13.75,1682600413750000000,,,,3135.0,0.0,0.0,653.5,16.0,,0.0,,0.0,,0.0,,0.0,584.0,16.0,550.0,1.0,183.5,1.0,157.0,1.0,111.0,10.0
2023-04-27 21:00:47.0,1682600447000000000,,,,3135.0,0.0,0.0,653.5,16.0,,0.0,,0.0,,0.0,,0.0,584.0,16.0,183.5,1.0,157.0,1.0,111.0,10.0,110.0,6.0
2023-04-27 21:00:52.5,1682600452500000000,,,,3135.0,0.0,0.0,653.5,16.0,,0.0,,0.0,,0.0,,0.0,460.0,16.0,183.5,1.0,157.0,1.0,111.0,10.0,110.0,6.0
2023-04-27 21:00:53.75,1682600453750000000,,,,3135.0,0.0,0.0,653.5,16.0,,0.0,,0.0,,0.0,,0.0,461.5,1.0,460.0,16.0,183.5,1.0,157.0,1.0,111.0,10.0
2023-04-27 21:00:54.0,1682600454000000000,,,,3135.0,0.0,0.0,653.5,16.0,,0.0,,0.0,,0.0,,0.0,495.5,16.0,461.5,1.0,183.5,1.0,157.0,1.0,111.0,10.0
2023-04-27 21:00:54.25,1682600454250000000,,,,3135.0,0.0,0.0,653.5,16.0,,0.0,,0.0,,0.0,,0.0,495.5,16.0,183.5,1.0,157.0,1.0,111.0,10.0,110.0,6.0
2023-04-27 21:00:56.25,1682600456250000000,,,,3135.0,0.0,0.0,653.5,16.0,,0.0,,0.0,,0.0,,0.0,497.0,1.0,495.5,16.0,183.5,1.0,157.0,1.0,111.0,10.0
2023-04-27 21:00:56.5,1682600456500000000,,,,3135.0,0.0,0.0,653.5,16.0,,0.0,,0.0,,0.0,,0.0,531.0,16.0,497.0,1.0,183.5,1.0,157.0,1.0,111.0,10.0
2023-04-27 21:00:56.75,1682600456750000000,,,,3135.0,0.0,0.0,653.5,16.0,,0.0,,0.0,,0.0,,0.0,531.0,16.0,183.5,1.0,157.0,1.0,111.0,10.0,110.0,6.0
2023-04-27 21:00:59.75,1682600459750000000,,,,3135.0,0.0,0.0,653.5,16.0,,0.0,,0.0,,0.0,,0.0,532.5,1.0,531.0,16.0,183.5,1.0,157.0,1.0,111.0,10.0
2023-04-27 21:01:00.0,1682600460000000000,,,,3135.0,0.0,0.0,653.5,16.0,,0.0,,0.0,,0.0,,0.0,566.5,16.0,532.5,1.0,183.5,1.0,157.0,1.0,111.0,10.0
2023-04-27 21:01:00.25,1682600460250000000,,,,3135.0,0.0,0.0,653.5,16.0,,0.0,,0.0,,0.0,,0.0,566.5,16.0,183.5,1.0,157.0,1.0,111.0,10.0,110.0,6.0
2023-04-27 21:01:34.25,1682600494250000000,,,,3135.0,0.0,0.0,607.5,10.0,653.5,16.0,,0.0,,0.0,,0.0,600.5,10.0,566.5,16.0,183.5,1.0,157.0,1.0,111.0,10.0
2023-04-27 21:01:34.5,1682600494500000000,607.5,607.5,607.5,3135.0,10.0,60750.0,653.5,16.0,,0.0,,0.0,,0.0,,0.0,566.5,16.0,183.5,1.0,157.0,1.0,111.0,10.0,110.0,6.0
2023-04-27 21:01:35.5,1682600495500000000,607.5,607.5,607.5,3135.0,10.0,60750.0,653.0,1.0,653.5,16.0,,0.0,,0.0,,0.0,567.0,1.0,566.5,16.0,183.5,1.0,157.0,1.0,111.0,10.0
2023-04-27 21:01:38.75,1682600498750000000,607.5,607.5,607.5,3135.0,10.0,60750.0,634.0,16.0,653.0,1.0,,0.0,,0.0,,0.0,567.0,1.0,566.5,16.0,183.5,1.0,157.0,1.0,111.0,10.0
2023-04-27 21:02:06.25,1682600526250000000,607.5,607.5,607.5,3135.0,10.0,60750.0,607.0,10.0,634.0,16.0,653.0,1.0,,0.0,,0.0,599.5,10.0,567.0,1.0,566.5,16.0,183.5,1.0,157.0,1.0
2023-04-27 21:02:06.5,1682600526500000000,607.5,607.5,607.5,3135.0,10.0,60750.0,634.0,16.0,653.0,1.0,,0.0,,0.0,,0.0,567.0,1.0,566.5,16.0,183.5,1.0,157.0,1.0,111.0,10.0
2023-04-27 21:02:09.75,1682600529750000000,607.5,607.5,607.5,3135.0,10.0,60750.0,634.0,16.0,653.0,1.0,988.0,1.0,,0.0,,0.0,567.0,1.0,566.5,16.0,183.5,1.0,157.0,1.0,111.0,10.0
2023-04-27 21:03:47.25,1682600627250000000,607.5,607.5,607.5,3135.0,10.0,60750.0,611.5,10.0,634.0,16.0,653.0,1.0,988.0,1.0,,0.0,605.0,10.0,567.0,1.0,566.5,16.0,183.5,1.0,157.0,1.0
2023-04-27 21:03:47.5,1682600627500000000,607.5,607.5,607.5,3135.0,10.0,60750.0,634.0,16.0,653.0,1.0,988.0,1.0,,0.0,,0.0,567.0,1.0,566.5,16.0,183.5,1.0,157.0,1.0,111.0,10.0
2023-04-27 21:04:00.0,1682600640000000000,607.5,607.5,607.5,3135.0,10.0,60750.0,620.0,10.0,634.0,16.0,653.0,1.0,988.0,1.0,,0.0,596.5,10.0,567.0,1.0,566.5,16.0,183.5,1.0,157.0,1.0
2023-04-27 21:04:02.5,1682600642500000000,607.5,607.5,607.5,3135.0,10.0,60750.0,610.5,10.0,634.0,16.0,653.0,1.0,988.0,1.0,,0.0,603.0,10.0,567.0,1.0,566.5,16.0,183.5,1.0,157.0,1.0
2023-04-27 21:04:03.0,1682600643000000000,607.5,607.5,607.5,3135.0,10.0,60750.0,634.0,16.0,653.0,1.0,988.0,1.0,,0.0,,0.0,567.0,1.0,566.5,16.0,183.5,1.0,157.0,1.0,111.0,10.0
2023-04-27 21:04:03.75,1682600643750000000,607.5,607.5,607.5,3135.0,10.0,60750.0,612.0,10.0,634.0,16.0,653.0,1.0,988.0,1.0,,0.0,604.5,10.0,567.0,1.0,566.5,16.0,183.5,1.0,157.0,1.0
2023-04-27 21:04:04.5,1682600644500000000,607.5,607.5,607.5,3135.0,10.0,60750.0,634.0,16.0,653.0,1.0,988.0,1.0,,0.0,,0.0,567.0,1.0,566.5,16.0,183.5,1.0,157.0,1.0,111.0,10.0
2023-04-27 21:04:08.25,1682600648250000000,607.5,607.5,607.5,3135.0,10.0,60750.0,634.0,16.0,653.0,1.0,988.0,1.0,,0.0,,0.0,586.0,16.0,567.0,1.0,183.5,1.0,157.0,1.0,111.0,10.0
2023-04-27 21:05:50.0,1682600750000000000,607.5,607.5,607.5,3135.0,10.0,60750.0,634.0,16.0,634.5,2.0,653.0,1.0,988.0,1.0,,0.0,586.0,16.0,567.0,1.0,183.5,1.0,157.0,1.0,111.0,10.0
2023-04-27 21:06:56.0,1682600816000000000,607.5,607.5,607.5,3135.0,10.0,60750.0,634.0,16.0,634.5,2.0,653.0,1.0,988.0,1.0,,0.0,586.0,16.0,567.0,1.0,183.5,1.0,157.0,1.0,120.0,4.0
2023-04-27 21:08:05.0,1682600885000000000,607.5,607.5,607.5,3135.0,10.0,60750.0,633.5,10.0,634.0,16.0,634.5,2.0,653.0,1.0,988.0,1.0,586.0,16.0,567.0,1.0,183.5,1.0,157.0,1.0,120.0,4.0
2023-04-27 21:08:18.25,1682600898250000000,607.5,607.5,607.5,3135.0,10.0,60750.0,613.0,10.0,633.5,10.0,634.0,16.0,634.5,2.0,653.0,1.0,606.0,10.0,586.0,16.0,567.0,1.0,183.5,1.0,157.0,1.0
2023-04-27 21:08:18.5,1682600898500000000,607.5,607.5,607.5,3135.0,10.0,60750.0,613.0,10.0,634.0,16.0,634.5,2.0,653.0,1.0,988.0,1.0,606.0,10.0,586.0,16.0,567.0,1.0,183.5,1.0,157.0,1.0
2023-04-27 21:08:23.25,1682600903250000000,607.5,607.5,607.5,3135.0,10.0,60750.0,611.5,10.0,634.0,16.0,634.5,2.0,653.0,1.0,988.0,1.0,604.5,10.0,586.0,16.0,567.0,1.0,183.5,1.0,157.0,1.0
2023-04-27 21:08:24.75,1682600904750000000,607.5,607.5,607.5,3135.0,10.0,60750.0,610.5,10.0,634.0,16.0,634.5,2.0,653.0,1.0,988.0,1.0,602.5,10.0,586.0,16.0,567.0,1.0,183.5,1.0,157.0,1.0
2023-04-27 21:08:30.0,1682600910000000000,607.5,607.5,607.5,3135.0,10.0,60750.0,609.0,10.0,634.0,16.0,634.5,2.0,653.0,1.0,988.0,1.0,602.0,10.0,586.0,16.0,567.0,1.0,183.5,1.0,157.0,1.0
2023-04-27 21:08:33.25,1682600913250000000,607.5,607.5,607.5,3135.0,10.0,60750.0,634.0,16.0,634.5,2.0,653.0,1.0,988.0,1.0,,0.0,586.0,16.0,567.0,1.0,183.5,1.0,157.0,1.0,120.0,4.0
2023-04-27 21:08:33.5,1682600913500000000,607.5,607.5,607.5,3135.0,10.0,60750.0,610.0,10.0,633.5,10.0,634.0,16.0,634.5,2.0,653.0,1.0,603.0,10.0,586.0,16.0,567.0,1.0,183.5,1.0,157.0,1.0
2023-04-27 21:08:33.75,1682600913750000000,607.5,607.5,607.5,3135.0,10.0,60750.0,610.0,10.0,634.0,16.0,634.5,2.0,653.0,1.0,988.0,1.0,603.0,10.0,586.0,16.0,567.0,1.0,183.5,1.0,157.0,1.0
2023-04-27 21:08:34.75,1682600914750000000,607.5,607.5,607.5,3135.0,10.0,60750.0,611.5,10.0,634.0,16.0,634.5,2.0,653.0,1.0,988.0,1.0,604.5,10.0,586.0,16.0,567.0,1.0,183.5,1.0,157.0,1.0
2023-04-27 21:08:46.5,1682600926500000000,607.5,607.5,607.5,3135.0,10.0,60750.0,611.0,10.0,634.0,16.0,634.5,2.0,653.0,1.0,988.0,1.0,603.0,10.0,586.0,16.0,567.0,1.0,183.5,1.0,157.0,1.0
2023-04-27 21:08:51.5,1682600931500000000,607.5,607.5,607.5,3135.0,10.0,60750.0,634.0,16.0,634.5,2.0,653.0,1.0,988.0,1.0,,0.0,586.0,16.0,567.0,1.0,183.5,1.0,157.0,1.0,120.0,4.0
2023-04-27 21:08:51.75,1682600931750000000,607.5,607.5,607.5,3135.0,10.0,60750.0,610.0,10.0,633.5,10.0,634.0,16.0,634.5,2.0,653.0,1.0,603.0,10.0,586.0,16.0,567.0,1.0,183.5,1.0,157.0,1.0
2023-04-27 21:08:52.0,1682600932000000000,607.5,607.5,607.5,3135.0,10.0,60750.0,610.0,10.0,634.0,16.0,634.5,2.0,653.0,1.0,988.0,1.0,603.0,10.0,586.0,16.0,567.0,1.0,183.5,1.0,157.0,1.0
2023-04-27 21:08:59.25,1682600939250000000,607.5,607.5,607.5,3135.0,10.0,60750.0,611.5,10.0,634.0,16.0,634.5,2.0,653.0,1.0,988.0,1.0,604.5,10.0,586.0,16.0,567.0,1.0,183.5,1.0,157.0,1.0
2023-04-27 21:09:00.5,1682600940500000000,607.5,607.5,607.5,3135.0,10.0,60750.0,613.0,10.0,634.0,16.0,634.5,2.0,653.0,1.0,988.0,1.0,606.0,10.0,586.0,16.0,567.0,1.0,183.5,1.0,157.0,1.0
2023-04-27 21:09:02.25,1682600942250000000,607.5,607.5,607.5,3135.0,10.0,60750.0,612.0,10.0,634.0,16.0,634.5,2.0,653.0,1.0,988.0,1.0,604.5,10.0,586.0,16.0,567.0,1.0,183.5,1.0,157.0,1.0
2023-04-27 21:09:04.5,1682600944500000000,607.5,607.5,607.5,3135.0,10.0,60750.0,612.5,10.0,634.0,16.0,634.5,2.0,653.0,1.0,988.0,1.0,605.5,10.0,586.0,16.0,567.0,1.0,183.5,1.0,157.0,1.0
2023-04-27 21:09:06.0,1682600946000000000,607.5,607.5,607.5,3135.0,10.0,60750.0,610.5,10.0,634.0,16.0,634.5,2.0,653.0,1.0,988.0,1.0,603.5,10.0,586.0,16.0,567.0,1.0,183.5,1.0,157.0,1.0
2023-04-27 21:09:06.75,1682600946750000000,607.5,607.5,607.5,3135.0,10.0,60750.0,634.0,16.0,634.5,2.0,653.0,1.0,988.0,1.0,,0.0,586.0,16.0,567.0,1.0,183.5,1.0,157.0,1.0,120.0,4.0
2023-04-27 21:09:07.0,1682600947000000000,607.5,607.5,607.5,3135.0,10.0,60750.0,612.5,10.0,633.5,10.0,634.0,16.0,634.5,2.0,653.0,1.0,605.5,10.0,586.0,16.0,567.0,1.0,183.5,1.0,157.0,1.0
2023-04-27 21:09:07.25,1682600947250000000,607.5,607.5,607.5,3135.0,10.0,60750.0,612.5,10.0,634.0,16.0,634.5,2.0,653.0,1.0,988.0,1.0,605.5,10.0,586.0,16.0,567.0,1.0,183.5,1.0,157.0,1.0
2023-04-27 21:09:08.5,1682600948500000000,607.5,607.5,607.5,3135.0,10.0,60750.0,611.0,10.0,634.0,16.0,634.5,2.0,653.0,1.0,988.0,1.0,603.5,10.0,586.0,16.0,567.0,1.0,183.5,1.0,157.0,1.0
2023-04-27 21:09:12.0,1682600952000000000,607.5,607.5,607.5,3135.0,10.0,60750.0,612.0,10.0,634.0,16.0,634.5,2.0,653.0,1.0,988.0,1.0,605.0,10.0,586.0,16.0,567.0,1.0,183.5,1.0,157.0,1.0
2023-04-27 21:09:24.25,1682600964250000000,607.5,607.5,607.5,3135.0,10.0,60750.0,634.0,16.0,634.5,2.0,653.0,1.0,988.0,1.0,,0.0,586.0,16.0,567.0,1.0,183.5,1.0,157.0,1.0,120.0,4.0
2023-04-27 21:09:24.5,1682600964500000000,607.5,607.5,607.5,3135.0,10.0,60750.0,633.5,10.0,634.0,16.0,634.5,2.0,653.0,1.0,988.0,1.0,586.0,16.0,567.0,1.0,183.5,1.0,157.0,1.0,120.0,4.0
2023-04-27 21:09:25.0,1682600965000000000,607.5,607.5,607.5,3135.0,10.0,60750.0,611.5,10.0,633.5,10.0,634.0,16.0,634.5,2.0,653.0,1.0,603.5,10.0,586.0,16.0,567.0,1.0,183.5,1.0,157.0,1.0
2023-04-27 21:09:25.25,1682600965250000000,607.5,607.5,607.5,3135.0,10.0,60750.0,611.5,10.0,634.0,16.0,634.5,2.0,653.0,1.0,988.0,1.0,603.5,10.0,586.0,16.0,567.0,1.0,183.5,1.0,157.0,1.0
2023-04-27 21:09:25.75,1682600965750000000,607.5,607.5,607.5,3135.0,10.0,60750.0,611.5,10.0,634.0,16.0,634.5,2.0,653.0,1.0,988.0,1.0,604.5,10.0,586.0,16.0,567.0,1.0,183.5,1.0,157.0,1.0
2023-04-27 21:09:34.5,1682600974500000000,607.5,607.5,607.5,3135.0,10.0,60750.0,610.0,10.0,634.0,16.0,634.5,2.0,653.0,1.0,988.0,1.0,603.0,10.0,586.0,16.0,567.0,1.0,183.5,1.0,157.0,1.0
2023-04-27 21:09:36.75,1682600976750000000,607.5,607.5,607.5,3135.0,10.0,60750.0,609.0,10.0,634.0,16.0,634.5,2.0,653.0,1.0,988.0,1.0,602.0,10.0,586.0,16.0,567.0,1.0,183.5,1.0,157.0,1.0
2023-04-27 21:09:43.25,1682600983250000000,607.5,607.5,607.5,3135.0,10.0,60750.0,609.0,10.0,634.0,16.0,634.5,2.0,653.0,1.0,988.0,1.0,602.0,10.0,586.0,16.0,567.0,1.0,183.5,1.0,120.0,4.0
2023-04-27 21:09:49.5,1682600989500000000,607.5,607.5,607.5,3135.0,10.0,60750.0,607.5,10.0,634.0,16.0,634.5,2.0,653.0,1.0,988.0,1.0,601.0,10.0,586.0,16.0,567.0,1.0,183.5,1.0,120.0,4.0
2023-04-27 21:09:54.5,1682600994500000000,607.5,607.5,607.5,3135.0,10.0,60750.0,608.5,10.0,634.0,16.0,634.5,2.0,653.0,1.0,988.0,1.0,601.0,10.0,586.0,16.0,567.0,1.0,183.5,1.0,120.0,4.0
2023-04-27 21:09:59.75,1682600999750000000,607.5,607.5,607.5,3135.0,10.0,60750.0,609.5,10.0,634.0,16.0,634.5,2.0,653.0,1.0,988.0,1.0,602.5,10.0,586.0,16.0,567.0,1.0,183.5,1.0,120.0,4.0
2023-04-27 21:10:04.25,1682601004250000000,607.5,607.5,607.5,3135.0,10.0,60750.0,610.5,10.0,634.0,16.0,634.5,2.0,653.0,1.0,988.0,1.0,603.5,10.0,586.0,16.0,567.0,1.0,183.5,1.0,120.0,4.0
2023-04-27 21:10:05.25,1682601005250000000,607.5,607.5,607.5,3135.0,10.0,60750.0,611.5,10.0,634.0,16.0,634.5,2.0,653.0,1.0,988.0,1.0,604.5,10.0,586.0,16.0,567.0,1.0,183.5,1.0,120.0,4.0
2023-04-27 21:10:06.75,1682601006750000000,607.5,607.5,607.5,3135.0,10.0,60750.0,612.5,10.0,634.0,16.0,634.5,2.0,653.0,1.0,988.0,1.0,605.5,10.0,586.0,16.0,567.0,1.0,183.5,1.0,120.0,4.0
2023-04-27 21:10:09.5,1682601009500000000,607.5,607.5,607.5,3135.0,10.0,60750.0,613.5,10.0,634.0,16.0,634.5,2.0,653.0,1.0,988.0,1.0,606.5,10.0,586.0,16.0,567.0,1.0,183.5,1.0,120.0,4.0
2023-04-27 21:10:12.25,1682601012250000000,607.5,607.5,607.5,3135.0,10.0,60750.0,614.5,10.0,634.0,16.0,634.5,2.0,653.0,1.0,988.0,1.0,607.5,10.0,586.0,16.0,567.0,1.0,183.5,1.0,120.0,4.0
2023-04-27 21:10:12.5,1682601012500000000,607.5,607.5,607.5,3135.0,10.0,60750.0,634.0,16.0,634.5,2.0,653.0,1.0,988.0,1.0,,0.0,586.0,16.0,567.0,1.0,183.5,1.0,120.0,4.0,111.0,10.0
2023-04-27 21:10:12.75,1682601012750000000,607.5,607.5,607.5,3135.0,10.0,60750.0,633.5,10.0,634.0,16.0,634.5,2.0,653.0,1.0,988.0,1.0,586.0,16.0,567.0,1.0,183.5,1.0,120.0,4.0,111.0,10.0
2023-04-27 21:10:14.0,1682601014000000000,607.5,607.5,607.5,3135.0,10.0,60750.0,617.0,10.0,633.5,10.0,634.0,16.0,634.5,2.0,653.0,1.0,610.0,10.0,586.0,16.0,567.0,1.0,183.5,1.0,120.0,4.0
2023-04-27 21:10:14.25,1682601014250000000,607.5,607.5,607.5,3135.0,10.0,60750.0,617.0,10.0,634.0,16.0,634.5,2.0,653.0,1.0,988.0,1.0,610.0,10.0,586.0,16.0,567.0,1.0,183.5,1.0,120.0,4.0
2023-04-27 21:10:14.5,1682601014500000000,607.5,607.5,607.5,3135.0,10.0,60750.0,634.0,16.0,634.5,2.0,653.0,1.0,988.0,1.0,,0.0,586.0,16.0,567.0,1.0,183.5,1.0,120.0,4.0,111.0,10.0
2023-04-27 21:10:14.75,1682601014750000000,607.5,607.5,607.5,3135.0,10.0,60750.0,633.5,10.0,634.0,16.0,634.5,2.0,653.0,1.0,988.0,1.0,586.0,16.0,567.0,1.0,183.5,1.0,120.0,4.0,111.0,10.0
2023-04-27 21:10:15.25,1682601015250000000,607.5,607.5,607.5,3135.0,10.0,60750.0,619.0,10.0,633.5,10.0,634.0,16.0,634.5,2.0,653.0,1.0,611.5,10.0,586.0,16.0,567.0,1.0,183.5,1.0,120.0,4.0
2023-04-27 21:10:15.5,1682601015500000000,607.5,607.5,607.5,3135.0,10.0,60750.0,619.0,10.0,634.0,16.0,634.5,2.0,653.0,1.0,988.0,1.0,611.5,10.0,586.0,16.0,567.0,1.0,183.5,1.0,120.0,4.0
2023-04-27 21:10:15.75,1682601015750000000,607.5,607.5,607.5,3135.0,10.0,60750.0,618.5,10.0,619.0,10.0,634.0,16.0,634.5,2.0,653.0,1.0,611.5,10.0,586.0,16.0,567.0,1.0,183.5,1.0,120.0,4.0
2023-04-27 21:10:16.0,1682601016000000000,607.5,607.5,607.5,3135.0,10.0,60750.0,619.0,10.0,634.0,16.0,634.5,2.0,653.0,1.0,988.0,1.0,611.5,10.0,586.0,16.0,567.0,1.0,183.5,1.0,120.0,4.0
2023-04-27 21:10:16.25,1682601016250000000,607.5,607.5,607.5,3135.0,10.0,60750.0,619.0,20.0,634.0,16.0,634.5,2.0,653.0,1.0,988.0,1.0,611.5,10.0,586.0,16.0,567.0,1.0,183.5,1.0,120.0,4.0
2023-04-27 21:10:18.25,1682601018250000000,607.5,607.5,607.5,3135.0,10.0,60750.0,617.5,10.0,619.0,10.0,634.0,16.0,634.5,2.0,653.0,1.0,610.5,10.0,586.0,16.0,567.0,1.0,183.5,1.0,120.0,4.0
2023-04-27 21:10:18.5,1682601018500000000,607.5,607.5,607.5,3135.0,10.0,60750.0,617.5,10.0,634.0,16.0,634.5,2.0,653.0,1.0,988.0,1.0,610.5,10.0,586.0,16.0,567.0,1.0,183.5,1.0,120.0,4.0
2023-04-27 21:10:31.5,1682601031500000000,607.5,607.5,607.5,3135.0,10.0,60750.0,615.5,10.0,634.0,16.0,634.5,2.0,653.0,1.0,988.0,1.0,608.5,10.0,586.0,16.0,567.0,1.0,183.5,1.0,120.0,4.0
2023-04-27 21:10:34.0,1682601034000000000,607.5,607.5,607.5,3135.0,10.0,60750.0,634.0,16.0,634.5,2.0,653.0,1.0,988.0,1.0,,0.0,586.0,16.0,567.0,1.0,183.5,1.0,120.0,4.0,111.0,10.0
2023-04-27 21:10:34.25,1682601034250000000,607.5,607.5,607.5,3135.0,10.0,60750.0,633.5,10.0,634.0,16.0,634.5,2.0,653.0,1.0,988.0,1.0,586.0,16.0,567.0,1.0,183.5,1.0,120.0,4.0,111.0,10.0
2023-04-27 21:10:35.5,1682601035500000000,607.5,607.5,607.5,3135.0,10.0,60750.0,615.0,10.0,633.5,10.0,634.0,16.0,634.5,2.0,653.0,1.0,607.5,10.0,586.0,16.0,567.0,1.0,183.5,1.0,120.0,4.0
2023-04-27 21:10:35.75,1682601035750000000,607.5,607.5,607.5,3135.0,10.0,60750.0,615.0,10.0,634.0,16.0,634.5,2.0,653.0,1.0,988.0,1.0,607.5,10.0,586.0,16.0,567.0,1.0,183.5,1.0,120.0,4.0
2023-04-27 21:10:44.0,1682601044000000000,607.5,607.5,607.5,3135.0,10.0,60750.0,616.5,10.0,634.0,16.0,634.5,2.0,653.0,1.0,988.0,1.0,609.0,10.0,586.0,16.0,567.0,1.0,183.5,1.0,120.0,4.0
2023-04-27 21:10:45.0,1682601045000000000,607.5,607.5,607.5,3135.0,10.0,60750.0,634.0,16.0,634.5,2.0,653.0,1.0,988.0,1.0,,0.0,586.0,16.0,567.0,1.0,183.5,1.0,120.0,4.0,111.0,10.0
2023-04-27 21:10:45.25,1682601045250000000,607.5,607.5,607.5,3135.0,10.0,60750.0,616.0,10.0,633.5,10.0,634.0,16.0,634.5,2.0,653.0,1.0,608.5,10.0,586.0,16.0,567.0,1.0,183.5,1.0,120.0,4.0
2023-04-27 21:10:45.5,1682601045500000000,607.5,607.5,607.5,3135.0,10.0,60750.0,616.0,10.0,634.0,16.0,634.5,2.0,653.0,1.0,988.0,1.0,608.5,10.0,586.0,16.0,567.0,1.0,183.5,1.0,120.0,4.0
2023-04-27 21:10:59.25,1682601059250000000,607.5,607.5,607.5,3135.0,10.0,60750.0,615.0,10.0,634.0,16.0,634.5,2.0,653.0,1.0,988.0,1.0,607.0,10.0,586.0,16.0,567.0,1.0,183.5,1.0,120.0,4.0
2023-04-27 21:11:00.75,1682601060750000000,607.5,607.5,607.5,3135.0,10.0,60750.0,615.0,10.0,634.0,16.0,634.5,2.0,653.0,1.0,988.0,1.0,608.0,10.0,586.0,16.0,567.0,1.0,183.5,1.0,120.0,4.0
2023-04-27 21:11:14.75,1682601074750000000,607.5,607.5,607.5,3135.0,10.0,60750.0,616.5,10.0,634.0,16.0,634.5,2.0,653.0,1.0,988.0,1.0,609.5,10.0,586.0,16.0,567.0,1.0,183.5,1.0,120.0,4.0
2023-04-27 21:11:17.5,1682601077500000000,607.5,607.5,607.5,3135.0,10.0,60750.0,615.5,10.0,634.0,16.0,634.5,2.0,653.0,1.0,988.0,1.0,607.5,10.0,586.0,16.0,567.0,1.0,183.5,1.0,120.0,4.0
2023-04-27 21:11:18.0,1682601078000000000,607.5,607.5,607.5,3135.0,10.0,60750.0,616.5,10.0,634.0,16.0,634.5,2.0,653.0,1.0,988.0,1.0,608.5,10.0,586.0,16.0,567.0,1.0,183.5,1.0,120.0,4.0
2023-04-27 21:11:18.5,1682601078500000000,607.5,607.5,607.5,3135.0,10.0,60750.0,615.5,10.0,634.0,16.0,634.5,2.0,653.0,1.0,988.0,1.0,608.5,10.0,586.0,16.0,567.0,1.0,183.5,1.0,120.0,4.0
2023-04-27 21:11:29.25,1682601089250000000,607.5,607.5,607.5,3135.0,10.0,60750.0,614.0,10.0,634.0,16.0,634.5,2.0,653.0,1.0,988.0,1.0,607.0,10.0,586.0,16.0,567.0,1.0,183.5,1.0,120.0,4.0
2023-04-27 21:11:37.75,1682601097750000000,607.5,607.5,607.5,3135.0,10.0,60750.0,613.0,10.0,634.0,16.0,634.5,2.0,653.0,1.0,988.0,1.0,606.0,10.0,586.0,16.0,567.0,1.0,183.5,1.0,120.0,4.0
2023-04-27 21:11:42.25,1682601102250000000,607.5,607.5,607.5,3135.0,10.0,60750.0,612.0,10.0,634.0,16.0,634.5,2.0,653.0,1.0,988.0,1.0,605.0,10.0,586.0,16.0,567.0,1.0,183.5,1.0,120.0,4.0
2023-04-27 21:11:55.75,1682601115750000000,607.5,607.5,607.5,3135.0,10.0,60750.0,611.0,10.0,634.0,16.0,634.5,2.0,653.0,1.0,988.0,1.0,604.0,10.0,586.0,16.0,567.0,1.0,183.5,1.0,120.0,4.0
2023-04-27 21:11:58.5,1682601118500000000,607.5,607.5,607.5,3135.0,10.0,60750.0,612.0,10.0,634.0,16.0,634.5,2.0,653.0,1.0,988.0,1.0,605.0,10.0,586.0,16.0,567.0,1.0,183.5,1.0,120.0,4.0
2023-04-27 21:11:59.25,1682601119250000000,607.5,607.5,607.5,3135.0,10.0,60750.0,634.0,16.0,634.5,2.0,653.0,1.0,988.0,1.0,,0.0,586.0,16.0,567.0,1.0,183.5,1.0,120.0,4.0,111.0,10.0
2023-04-27 21:11:59.5,1682601119500000000,607.5,607.5,607.5,3135.0,10.0,60750.0,610.0,10.0,633.5,10.0,634.0,16.0,634.5,2.0,653.0,1.0,602.5,10.0,586.0,16.0,567.0,1.0,183.5,1.0,120.0,4.0
2023-04-27 21:11:59.75,1682601119750000000,607.5,607.5,607.5,3135.0,10.0,60750.0,610.0,10.0,634.0,16.0,634.5,2.0,653.0,1.0,988.0,1.0,602.5,10.0,586.0,16.0,567.0,1.0,183.5,1.0,120.0,4.0
2023-04-27 21:12:05.25,1682601125250000000,607.5,607.5,607.5,3135.0,10.0,60750.0,608.0,10.0,634.0,16.0,634.5,2.0,653.0,1.0,988.0,1.0,601.5,10.0,586.0,16.0,567.0,1.0,183.5,1.0,120.0,4.0
2023-04-27 21:12:05.5,1682601125500000000,607.5,607.5,607.5,3135.0,10.0,60750.0,609.0,10.0,634.0,16.0,634.5,2.0,653.0,1.0,988.0,1.0,601.0,10.0,586.0,16.0,567.0,1.0,183.5,1.0,120.0,4.0
2023-04-27 21:12:11.5,1682601131500000000,607.5,607.5,607.5,3135.0,10.0,60750.0,634.0,16.0,634.5,2.0,653.0,1.0,988.0,1.0,,0.0,586.0,16.0,567.0,1.0,183.5,1.0,120.0,4.0,111.0,10.0
2023-04-27 21:12:11.75,1682601131750000000,607.5,607.5,607.5,3135.0,10.0,60750.0,633.5,10.0,634.0,16.0,634.5,2.0,653.0,1.0,988.0,1.0,586.0,16.0,567.0,1.0,183.5,1.0,120.0,4.0,111.0,10.0
2023-04-27 21:12:12.0,1682601132000000000,607.5,607.5,607.5,3135.0,10.0,60750.0,612.5,10.0,633.5,10.0,634.0,16.0,634.5,2.0,653.0,1.0,605.0,10.0,586.0,16.0,567.0,1.0,183.5,1.0,120.0,4.0
2023-04-27 21:12:12.25,1682601132250000000,607.5,607.5,607.5,3135.0,10.0,60750.0,612.5,10.0,634.0,16.0,634.5,2.0,653.0,1.0,988.0,1.0,605.0,10.0,586.0,16.0,567.0,1.0,183.5,1.0,120.0,4.0
2023-04-27 21:12:19.0,1682601139000000000,607.5,607.5,607.5,3135.0,10.0,60750.0,611.0,10.0,634.0,16.0,634.5,2.0,653.0,1.0,988.0,1.0,604.0,10.0,586.0,16.0,567.0,1.0,183.5,1.0,120.0,4.0
2023-04-27 21:12:21.25,1682601141250000000,607.5,607.5,607.5,3135.0,10.0,60750.0,610.0,10.0,634.0,16.0,634.5,2.0,653.0,1.0,988.0,1.0,603.0,10.0,586.0,16.0,567.0,1.0,183.5,1.0,120.0,4.0
2023-04-27 21:12:26.25,1682601146250000000,607.5,607.5,607.5,3135.0,10.0,60750.0,611.0,10.0,634.0,16.0,634.5,2.0,653.0,1.0,988.0,1.0,604.0,10.0,586.0,16.0,567.0,1.0,183.5,1.0,120.0,4.0
2023-04-27 21:12:47.5,1682601167500000000,607.5,607.5,607.5,3135.0,10.0,60750.0,612.0,10.0,634.0,16.0,634.5,2.0,653.0,1.0,988.0,1.0,605.0,10.0,586.0,16.0,567.0,1.0,183.5,1.0,120.0,4.0
2023-04-27 21:12:49.25,1682601169250000000,607.5,607.5,607.5,3135.0,10.0,60750.0,613.5,10.0,634.0,16.0,634.5,2.0,653.0,1.0,988.0,1.0,605.0,10.0,586.0,16.0,567.0,1.0,183.5,1.0,120.0,4.0
2023-04-27 21:12:49.5,1682601169500000000,607.5,607.5,607.5,3135.0,10.0,60750.0,613.5,20.0,634.0,16.0,634.5,2.0,653.0,1.0,988.0,1.0,605.0,10.0,586.0,16.0,567.0,1.0,183.5,1.0,120.0,4.0
2023-04-27 21:12:53.25,1682601173250000000,607.5,607.5,607.5,3135.0,10.0,60750.0,613.5,10.0,614.0,10.0,634.0,16.0,634.5,2.0,653.0,1.0,606.0,10.0,586.0,16.0,567.0,1.0,183.5,1.0,120.0,4.0
2023-04-27 21:12:53.5,1682601173500000000,607.5,607.5,607.5,3135.0,10.0,60750.0,614.0,10.0,634.0,16.0,634.5,2.0,653.0,1.0,988.0,1.0,606.0,10.0,586.0,16.0,567.0,1.0,183.5,1.0,120.0,4.0
2023-04-27 21:12:53.75,1682601173750000000,607.5,607.5,607.5,3135.0,10.0,60750.0,614.0,20.0,634.0,16.0,634.5,2.0,653.0,1.0,988.0,1.0,606.0,10.0,586.0,16.0,567.0,1.0,183.5,1.0,120.0,4.0
2023-04-27 21:12:59.5,1682601179500000000,607.5,607.5,607.5,3135.0,10.0,60750.0,615.0,10.0,634.0,16.0,634.5,2.0,653.0,1.0,988.0,1.0,607.5,10.0,586.0,16.0,567.0,1.0,183.5,1.0,120.0,4.0
2023-04-27 21:12:59.75,1682601179750000000,607.5,607.5,607.5,3135.0,10.0,60750.0,615.0,20.0,634.0,16.0,634.5,2.0,653.0,1.0,988.0,1.0,607.5,10.0,586.0,16.0,567.0,1.0,183.5,1.0,120.0,4.0
2023-04-27 21:13:05.0,1682601185000000000,607.5,607.5,607.5,3135.0,10.0,60750.0,614.5,10.0,615.0,10.0,634.0,16.0,634.5,2.0,653.0,1.0,606.0,10.0,586.0,16.0,567.0,1.0,183.5,1.0,120.0,4.0
2023-04-27 21:13:05.25,1682601185250000000,607.5,607.5,607.5,3135.0,10.0,60750.0,614.5,10.0,634.0,16.0,634.5,2.0,653.0,1.0,988.0,1.0,606.0,10.0,586.0,16.0,567.0,1.0,183.5,1.0,120.0,4.0
2023-04-27 21:13:07.5,1682601187500000000,607.5,607.5,607.5,3135.0,10.0,60750.0,616.5,10.0,634.0,16.0,634.5,2.0,653.0,1.0,988.0,1.0,607.0,10.0,586.0,16.0,567.0,1.0,183.5,1.0,120.0,4.0
2023-04-27 21:13:07.75,1682601187750000000,607.5,607.5,607.5,3135.0,10.0,60750.0,616.0,10.0,616.5,10.0,634.0,16.0,634.5,2.0,653.0,1.0,607.0,10.0,586.0,16.0,567.0,1.0,183.5,1.0,120.0,4.0
2023-04-27 21:13:08.5,1682601188500000000,607.5,607.5,607.5,3135.0,10.0,60750.0,616.0,20.0,634.0,16.0,634.5,2.0,653.0,1.0,988.0,1.0,608.5,10.0,586.0,16.0,567.0,1.0,183.5,1.0,120.0,4.0
2023-04-27 21:13:09.0,1682601189000000000,607.5,607.5,607.5,3135.0,10.0,60750.0,616.0,10.0,634.0,16.0,634.5,2.0,653.0,1.0,988.0,1.0,608.5,10.0,586.0,16.0,567.0,1.0,183.5,1.0,120.0,4.0
2023-04-27 21:13:09.75,1682601189750000000,607.5,607.5,607.5,3135.0,10.0,60750.0,634.0,16.0,634.5,2.0,653.0,1.0,988.0,1.0,,0.0,586.0,16.0,567.0,1.0,183.5,1.0,120.0,4.0,111.0,10.0
2023-04-27 21:13:10.0,1682601190000000000,607.5,607.5,607.5,3135.0,10.0,60750.0,633.5,10.0,634.0,16.0,634.5,2.0,653.0,1.0,988.0,1.0,586.0,16.0,567.0,1.0,183.5,1.0,120.0,4.0,111.0,10.0
2023-04-27 21:13:11.0,1682601191000000000,607.5,607.5,607.5,3135.0,10.0,60750.0,618.0,10.0,633.5,10.0,634.0,16.0,634.5,2.0,653.0,1.0,608.5,10.0,586.0,16.0,567.0,1.0,183.5,1.0,120.0,4.0
2023-04-27 21:13:11.25,1682601191250000000,607.5,607.5,607.5,3135.0,10.0,60750.0,618.0,10.0,634.0,16.0,634.5,2.0,653.0,1.0,988.0,1.0,608.5,10.0,586.0,16.0,567.0,1.0,183.5,1.0,120.0,4.0
2023-04-27 21:13:11.5,1682601191500000000,607.5,607.5,607.5,3135.0,10.0,60750.0,617.5,10.0,618.0,10.0,634.0,16.0,634.5,2.0,653.0,1.0,608.5,10.0,586.0,16.0,567.0,1.0,183.5,1.0,120.0,4.0
2023-04-27 21:13:12.0,1682601192000000000,607.5,607.5,607.5,3135.0,10.0,60750.0,618.0,10.0,634.0,16.0,634.5,2.0,653.0,1.0,988.0,1.0,610.0,10.0,586.0,16.0,567.0,1.0,183.5,1.0,120.0,4.0
2023-04-27 21:13:12.25,1682601192250000000,607.5,607.5,607.5,3135.0,10.0,60750.0,618.0,20.0,634.0,16.0,634.5,2.0,653.0,1.0,988.0,1.0,610.0,10.0,586.0,16.0,567.0,1.0,183.5,1.0,120.0,4.0
2023-04-27 21:13:15.25,1682601195250000000,607.5,607.5,607.5,3135.0,10.0,60750.0,618.0,10.0,634.0,16.0,634.5,2.0,653.0,1.0,988.0,1.0,610.0,10.0,586.0,16.0,567.0,1.0,183.5,1.0,120.0,4.0
2023-04-27 21:13:16.5,1682601196500000000,607.5,607.5,607.5,3135.0,10.0,60750.0,619.5,10.0,634.0,16.0,634.5,2.0,653.0,1.0,988.0,1.0,611.5,10.0,586.0,16.0,567.0,1.0,183.5,1.0,120.0,4.0
2023-04-27 21:13:16.75,1682601196750000000,607.5,607.5,607.5,3135.0,10.0,60750.0,619.5,20.0,634.0,16.0,634.5,2.0,653.0,1.0,988.0,1.0,611.5,10.0,586.0,16.0,567.0,1.0,183.5,1.0,120.0,4.0
2023-04-27 21:13:17.0,1682601197000000000,607.5,607.5,607.5,3135.0,10.0,60750.0,619.5,10.0,634.0,16.0,634.5,2.0,653.0,1.0,988.0,1.0,611.5,10.0,586.0,16.0,567.0,1.0,183.5,1.0,120.0,4.0
2023-04-27 21:13:20.5,1682601200500000000,607.5,607.5,607.5,3135.0,10.0,60750.0,620.5,10.0,634.0,16.0,634.5,2.0,653.0,1.0,988.0,1.0,612.5,10.0,586.0,16.0,567.0,1.0,183.5,1.0,120.0,4.0
2023-04-27 21:13:20.75,1682601200750000000,607.5,607.5,607.5,3135.0,10.0,60750.0,620.5,20.0,634.0,16.0,634.5,2.0,653.0,1.0,988.0,1.0,612.5,10.0,586.0,16.0,567.0,1.0,183.5,1.0,120.0,4.0
2023-04-27 21:13:25.25,1682601205250000000,607.5,607.5,607.5,3135.0,10.0,60750.0,619.5,10.0,620.5,10.0,634.0,16.0,634.5,2.0,653.0,1.0,611.5,10.0,586.0,16.0,567.0,1.0,183.5,1.0,120.0,4.0
2023-04-27 21:13:25.5,1682601205500000000,607.5,607.5,607.5,3135.0,10.0,60750.0,619.5,10.0,634.0,16.0,634.5,2.0,653.0,1.0,988.0,1.0,611.5,10.0,586.0,16.0,567.0,1.0,183.5,1.0,120.0,4.0
2023-04-27 21:13:27.75,1682601207750000000,607.5,607.5,607.5,3135.0,10.0,60750.0,634.0,16.0,634.5,2.0,653.0,1.0,988.0,1.0,,0.0,586.0,16.0,567.0,1.0,183.5,1.0,120.0,4.0,111.0,10.0
2023-04-27 21:13:28.0,1682601208000000000,607.5,607.5,607.5,3135.0,10.0,60750.0,633.5,10.0,634.0,16.0,634.5,2.0,653.0,1.0,988.0,1.0,586.0,16.0,567.0,1.0,183.5,1.0,120.0,4.0,111.0,10.0
2023-04-27 21:13:29.0,1682601209000000000,607.5,607.5,607.5,3135.0,10.0,60750.0,616.5,10.0,633.5,10.0,634.0,16.0,634.5,2.0,653.0,1.0,608.5,10.0,586.0,16.0,567.0,1.0,183.5,1.0,120.0,4.0
2023-04-27 21:13:29.25,1682601209250000000,607.5,607.5,607.5,3135.0,10.0,60750.0,616.5,10.0,634.0,16.0,634.5,2.0,653.0,1.0,988.0,1.0,608.5,10.0,586.0,16.0,567.0,1.0,183.5,1.0,120.0,4.0
2023-04-27 21:13:36.5,1682601216500000000,607.5,607.5,607.5,3135.0,10.0,60750.0,617.5,10.0,634.0,16.0,634.5,2.0,653.0,1.0,988.0,1.0,609.5,10.0,586.0,16.0,567.0,1.0,183.5,1.0,120.0,4.0
2023-04-27 21:13:37.0,1682601217000000000,607.5,607.5,607.5,3135.0,10.0,60750.0,619.0,10.0,634.0,16.0,634.5,2.0,653.0,1.0,988.0,1.0,609.5,10.0,586.0,16.0,567.0,1.0,183.5,1.0,120.0,4.0
2023-04-27 21:13:37.25,1682601217250000000,607.5,607.5,607.5,3135.0,10.0,60750.0,634.0,16.0,634.5,2.0,653.0,1.0,988.0,1.0,,0.0,586.0,16.0,567.0,1.0,183.5,1.0,120.0,4.0,111.0,10.0
2023-04-27 21:13:37.5,1682601217500000000,607.5,607.5,607.5,3135.0,10.0,60750.0,633.5,10.0,634.0,16.0,634.5,2.0,653.0,1.0,988.0,1.0,586.0,16.0,567.0,1.0,183.5,1.0,120.0,4.0,111.0,10.0
2023-04-27 21:13:37.75,1682601217750000000,607.5,607.5,607.5,3135.0,10.0,60750.0,618.5,10.0,633.5,10.0,634.0,16.0,634.5,2.0,653.0,1.0,610.5,10.0,586.0,16.0,567.0,1.0,183.5,1.0,120.0,4.0
2023-04-27 21:13:38.0,1682601218000000000,607.5,607.5,607.5,3135.0,10.0,60750.0,618.5,10.0,634.0,16.0,634.5,2.0,653.0,1.0,988.0,1.0,610.5,10.0,586.0,16.0,567.0,1.0,183.5,1.0,120.0,4.0
2023-04-27 21:13:43.0,1682601223000000000,607.5,607.5,607.5,3135.0,10.0,60750.0,618.0,10.0,618.5,10.0,634.0,16.0,634.5,2.0,653.0,1.0,610.5,10.0,586.0,16.0,567.0,1.0,183.5,1.0,120.0,4.0
2023-04-27 21:13:43.75,1682601223750000000,607.5,607.5,607.5,3135.0,10.0,60750.0,617.5,10.0,618.0,10.0,634.0,16.0,634.5,2.0,653.0,1.0,609.0,10.0,586.0,16.0,567.0,1.0,183.5,1.0,120.0,4.0
2023-04-27 21:13:44.0,1682601224000000000,607.5,607.5,607.5,3135.0,10.0,60750.0,617.5,10.0,634.0,16.0,634.5,2.0,653.0,1.0,988.0,1.0,609.0,10.0,586.0,16.0,567.0,1.0,183.5,1.0,120.0,4.0
2023-04-27 21:13:44.25,1682601224250000000,607.5,607.5,607.5,3135.0,10.0,60750.0,617.5,20.0,634.0,16.0,634.5,2.0,653.0,1.0,988.0,1.0,609.0,10.0,586.0,16.0,567.0,1.0,183.5,1.0,120.0,4.0
2023-04-27 21:13:45.0,1682601225000000000,607.5,607.5,607.5,3135.0,10.0,60750.0,617.5,10.0,634.0,16.0,634.5,2.0,653.0,1.0,988.0,1.0,609.0,10.0,586.0,16.0,567.0,1.0,183.5,1.0,120.0,4.0
2023-04-27 21:13:51.75,1682601231750000000,607.5,607.5,607.5,3135.0,10.0,60750.0,618.5,10.0,634.0,16.0,634.5,2.0,653.0,1.0,988.0,1.0,611.0,10.0,586.0,16.0,567.0,1.0,183.5,1.0,120.0,4.0
2023-04-27 21:14:00.0,1682601240000000000,607.5,607.5,607.5,3135.0,10.0,60750.0,618.0,10.0,634.0,16.0,634.5,2.0,653.0,1.0,988.0,1.0,609.0,10.0,586.0,16.0,567.0,1.0,183.5,1.0,120.0,4.0
2023-04-27 21:14:00.25,1682601240250000000,607.5,607.5,607.5,3135.0,10.0,60750.0,618.0,20.0,634.0,16.0,634.5,2.0,653.0,1.0,988.0,1.0,609.0,10.0,586.0,16.0,567.0,1.0,183.5,1.0,120.0,4.0
2023-04-27 21:14:00.5,1682601240500000000,607.5,607.5,607.5,3135.0,10.0,60750.0,618.0,10.0,634.0,16.0,634.5,2.0,653.0,1.0,988.0,1.0,609.0,10.0,586.0,16.0,567.0,1.0,183.5,1.0,120.0,4.0
2023-04-27 21:14:02.5,1682601242500000000,607.5,607.5,607.5,3135.0,10.0,60750.0,617.0,10.0,634.0,16.0,634.5,2.0,653.0,1.0,988.0,1.0,609.0,10.0,586.0,16.0,567.0,1.0,183.5,1.0,120.0,4.0
2023-04-27 21:14:07.0,1682601247000000000,607.5,607.5,607.5,3135.0,10.0,60750.0,616.0,10.0,634.0,16.0,634.5,2.0,653.0,1.0,988.0,1.0,608.0,10.0,586.0,16.0,567.0,1.0,183.5,1.0,120.0,4.0
2023-04-27 21:14:09.0,1682601249000000000,607.5,607.5,607.5,3135.0,10.0,60750.0,615.0,10.0,634.0,16.0,634.5,2.0,653.0,1.0,988.0,1.0,607.0,10.0,586.0,16.0,567.0,1.0,183.5,1.0,120.0,4.0
2023-04-27 21:14:29.0,1682601269000000000,607.5,607.5,607.5,3135.0,10.0,60750.0,613.5,10.0,634.0,16.0,634.5,2.0,653.0,1.0,988.0,1.0,605.5,10.0,586.0,16.0,567.0,1.0,183.5,1.0,120.0,4.0
2023-04-27 21:14:30.75,1682601270750000000,607.5,607.5,607.5,3135.0,10.0,60750.0,614.5,10.0,634.0,16.0,634.5,2.0,653.0,1.0,988.0,1.0,607.0,10.0,586.0,16.0,567.0,1.0,183.5,1.0,120.0,4.0
2023-04-27 21:14:34.75,1682601274750000000,607.5,607.5,607.5,3135.0,10.0,60750.0,613.5,10.0,634.0,16.0,634.5,2.0,653.0,1.0,988.0,1.0,605.5,10.0,586.0,16.0,567.0,1.0,183.5,1.0,120.0,4.0
2023-04-27 21:14:37.5,1682601277500000000,607.5,607.5,607.5,3135.0,10.0,60750.0,612.5,10.0,634.0,16.0,634.5,2.0,653.0,1.0,988.0,1.0,604.5,10.0,586.0,16.0,567.0,1.0,183.5,1.0,120.0,4.0
2023-04-27 21:14:57.5,1682601297500000000,607.5,607.5,607.5,3135.0,10.0,60750.0,611.0,10.0,634.0,16.0,634.5,2.0,653.0,1.0,988.0,1.0,603.0,10.0,586.0,16.0,567.0,1.0,183.5,1.0,120.0,4.0
2023-04-27 21:15:00.5,1682601300500000000,607.5,607.5,607.5,3135.0,10.0,60750.0,613.0,10.0,634.0,16.0,634.5,2.0,653.0,1.0,988.0,1.0,605.0,10.0,586.0,16.0,567.0,1.0,183.5,1.0,120.0,4.0
2023-04-27 21:15:07.25,1682601307250000000,607.5,607.5,607.5,3135.0,10.0,60750.0,611.0,10.0,634.0,16.0,634.5,2.0,653.0,1.0,988.0,1.0,603.0,10.0,586.0,16.0,567.0,1.0,183.5,1.0,120.0,4.0
2023-04-27 21:15:10.0,1682601310000000000,607.5,607.5,607.5,3135.0,10.0,60750.0,612.0,10.0,634.0,16.0,634.5,2.0,653.0,1.0,988.0,1.0,604.0,10.0,586.0,16.0,567.0,1.0,183.5,1.0,120.0,4.0
2023-04-27 21:15:15.25,1682601315250000000,607.5,607.5,607.5,3135.0,10.0,60750.0,614.0,10.0,634.0,16.0,634.5,2.0,653.0,1.0,988.0,1.0,605.0,10.0,586.0,16.0,567.0,1.0,183.5,1.0,120.0,4.0
2023-04-27 21:15:15.5,1682601315500000000,607.5,607.5,607.5,3135.0,10.0,60750.0,614.0,20.0,634.0,16.0,634.5,2.0,653.0,1.0,988.0,1.0,605.0,10.0,586.0,16.0,567.0,1.0,183.5,1.0,120.0,4.0
2023-04-27 21:15:17.75,1682601317750000000,607.5,607.5,607.5,3135.0,10.0,60750.0,614.0,10.0,634.0,16.0,634.5,2.0,653.0,1.0,988.0,1.0,605.0,10.0,586.0,16.0,567.0,1.0,183.5,1.0,120.0,4.0
2023-04-27 21:15:18.0,1682601318000000000,607.5,607.5,607.5,3135.0,10.0,60750.0,615.0,10.0,634.0,16.0,634.5,2.0,653.0,1.0,988.0,1.0,607.0,10.0,586.0,16.0,567.0,1.0,183.5,1.0,120.0,4.0
2023-04-27 21:15:18.25,1682601318250000000,607.5,607.5,607.5,3135.0,10.0,60750.0,615.0,20.0,634.0,16.0,634.5,2.0,653.0,1.0,988.0,1.0,607.0,10.0,586.0,16.0,567.0,1.0,183.5,1.0,120.0,4.0
2023-04-27 21:15:19.25,1682601319250000000,607.5,607.5,607.5,3135.0,10.0,60750.0,615.0,10.0,634.0,16.0,634.5,2.0,653.0,1.0,988.0,1.0,607.0,10.0,586.0,16.0,567.0,1.0,183.5,1.0,120.0,4.0
2023-04-27 21:15:33.75,1682601333750000000,607.5,607.5,607.5,3135.0,10.0,60750.0,617.0,10.0,634.0,16.0,634.5,2.0,653.0,1.0,988.0,1.0,608.0,10.0,586.0,16.0,567.0,1.0,183.5,1.0,120.0,4.0
2023-04-27 21:15:34.0,1682601334000000000,607.5,607.5,607.5,3135.0,10.0,60750.0,616.5,10.0,617.0,10.0,634.0,16.0,634.5,2.0,653.0,1.0,608.0,10.0,586.0,16.0,567.0,1.0,183.5,1.0,120.0,4.0
2023-04-27 21:15:34.25,1682601334250000000,607.5,607.5,607.5,3135.0,10.0,60750.0,617.0,10.0,634.0,16.0,634.5,2.0,653.0,1.0,988.0,1.0,608.0,10.0,586.0,16.0,567.0,1.0,183.5,1.0,120.0,4.0
2023-04-27 21:15:34.5,1682601334500000000,607.5,607.5,607.5,3135.0,10.0,60750.0,634.0,16.0,634.5,2.0,653.0,1.0,988.0,1.0,,0.0,586.0,16.0,567.0,1.0,183.5,1.0,120.0,4.0,111.0,10.0
2023-04-27 21:15:34.75,1682601334750000000,607.5,607.5,607.5,3135.0,10.0,60750.0,633.5,10.0,634.0,16.0,634.5,2.0,653.0,1.0,988.0,1.0,586.0,16.0,567.0,1.0,183.5,1.0,120.0,4.0,111.0,10.0
2023-04-27 21:15:35.0,1682601335000000000,607.5,607.5,607.5,3135.0,10.0,60750.0,617.5,10.0,633.5,10.0,634.0,16.0,634.5,2.0,653.0,1.0,609.5,10.0,586.0,16.0,567.0,1.0,183.5,1.0,120.0,4.0
2023-04-27 21:15:35.25,1682601335250000000,607.5,607.5,607.5,3135.0,10.0,60750.0,617.5,10.0,634.0,16.0,634.5,2.0,653.0,1.0,988.0,1.0,609.5,10.0,586.0,16.0,567.0,1.0,183.5,1.0,120.0,4.0
2023-04-27 21:15:35.5,1682601335500000000,607.5,607.5,607.5,3135.0,10.0,60750.0,617.5,20.0,634.0,16.0,634.5,2.0,653.0,1.0,988.0,1.0,609.5,10.0,586.0,16.0,567.0,1.0,183.5,1.0,120.0,4.0
2023-04-27 21:15:36.25,1682601336250000000,607.5,607.5,607.5,3135.0,10.0,60750.0,617.5,10.0,634.0,16.0,634.5,2.0,653.0,1.0,988.0,1.0,609.5,10.0,586.0,16.0,567.0,1.0,183.5,1.0,120.0,4.0
2023-04-27 21:15:36.5,1682601336500000000,607.5,607.5,607.5,3135.0,10.0,60750.0,619.0,10.0,634.0,16.0,634.5,2.0,653.0,1.0,988.0,1.0,610.5,10.0,586.0,16.0,567.0,1.0,183.5,1.0,120.0,4.0
2023-04-27 21:15:36.75,1682601336750000000,607.5,607.5,607.5,3135.0,10.0,60750.0,618.5,10.0,619.0,10.0,634.0,16.0,634.5,2.0,653.0,1.0,610.5,10.0,586.0,16.0,567.0,1.0,183.5,1.0,120.0,4.0
2023-04-27 21:15:39.5,1682601339500000000,607.5,607.5,607.5,3135.0,10.0,60750.0,618.0,10.0,618.5,10.0,634.0,16.0,634.5,2.0,653.0,1.0,610.0,10.0,586.0,16.0,567.0,1.0,183.5,1.0,120.0,4.0
2023-04-27 21:15:39.75,1682601339750000000,607.5,607.5,607.5,3135.0,10.0,60750.0,618.0,10.0,634.0,16.0,634.5,2.0,653.0,1.0,988.0,1.0,610.0,10.0,586.0,16.0,567.0,1.0,183.5,1.0,120.0,4.0
2023-04-27 21:15:40.0,1682601340000000000,607.5,607.5,607.5,3135.0,10.0,60750.0,617.5,10.0,618.0,10.0,634.0,16.0,634.5,2.0,653.0,1.0,610.0,10.0,586.0,16.0,567.0,1.0,183.5,1.0,120.0,4.0
2023-04-27 21:15:44.0,1682601344000000000,607.5,607.5,607.5,3135.0,10.0,60750.0,617.0,10.0,617.5,10.0,634.0,16.0,634.5,2.0,653.0,1.0,608.0,10.0,586.0,16.0,567.0,1.0,183.5,1.0,120.0,4.0
2023-04-27 21:15:44.25,1682601344250000000,607.5,607.5,607.5,3135.0,10.0,60750.0,617.0,10.0,634.0,16.0,634.5,2.0,653.0,1.0,988.0,1.0,608.0,10.0,586.0,16.0,567.0,1.0,183.5,1.0,120.0,4.0
2023-04-27 21:15:44.5,1682601344500000000,607.5,607.5,607.5,3135.0,10.0,60750.0,616.5,10.0,617.0,10.0,634.0,16.0,634.5,2.0,653.0,1.0,608.0,10.0,586.0,16.0,567.0,1.0,183.5,1.0,120.0,4.0
2023-04-27 21:15:47.5,1682601347500000000,607.5,607.5,607.5,3135.0,10.0,60750.0,617.0,10.0,634.0,16.0,634.5,2.0,653.0,1.0,988.0,1.0,608.0,10.0,586.0,16.0,567.0,1.0,183.5,1.0,120.0,4.0
2023-04-27 21:15:47.75,1682601347750000000,607.5,607.5,607.5,3135.0,10.0,60750.0,617.0,20.0,634.0,16.0,634.5,2.0,653.0,1.0,988.0,1.0,608.0,10.0,586.0,16.0,567.0,1.0,183.5,1.0,120.0,4.0
2023-04-27 21:15:48.5,1682601348500000000,607.5,607.5,607.5,3135.0,10.0,60750.0,617.0,20.0,634.0,16.0,634.5,2.0,653.0,1.0,988.0,1.0,609.0,10.0,586.0,16.0,567.0,1.0,183.5,1.0,120.0,4.0
2023-04-27 21:15:50.25,1682601350250000000,607.5,607.5,607.5,3135.0,10.0,60750.0,618.0,10.0,634.0,16.0,634.5,2.0,653.0,1.0,988.0,1.0,610.0,10.0,586.0,16.0,567.0,1.0,183.5,1.0,120.0,4.0
2023-04-27 21:15:50.5,1682601350500000000,607.5,607.5,607.5,3135.0,10.0,60750.0,617.5,10.0,618.0,10.0,634.0,16.0,634.5,2.0,653.0,1.0,610.0,10.0,586.0,16.0,567.0,1.0,183.5,1.0,120.0,4.0
2023-04-27 21:15:51.5,1682601351500000000,607.5,607.5,607.5,3135.0,10.0,60750.0,616.5,10.0,617.5,10.0,634.0,16.0,634.5,2.0,653.0,1.0,608.5,10.0,586.0,16.0,567.0,1.0,183.5,1.0,120.0,4.0
2023-04-27 21:15:51.75,1682601351750000000,607.5,607.5,607.5,3135.0,10.0,60750.0,616.5,10.0,634.0,16.0,634.5,2.0,653.0,1.0,988.0,1.0,608.5,10.0,586.0,16.0,567.0,1.0,183.5,1.0,120.0,4.0
2023-04-27 21:15:56.0,1682601356000000000,607.5,607.5,607.5,3135.0,10.0,60750.0,618.0,10.0,634.0,16.0,634.5,2.0,653.0,1.0,988.0,1.0,610.0,10.0,586.0,16.0,567.0,1.0,183.5,1.0,120.0,4.0
2023-04-27 21:15:56.25,1682601356250000000,607.5,607.5,607.5,3135.0,10.0,60750.0,617.5,10.0,618.0,10.0,634.0,16.0,634.5,2.0,653.0,1.0,610.0,10.0,586.0,16.0,567.0,1.0,183.5,1.0,120.0,4.0
2023-04-27 21:16:00.0,1682601360000000000,607.5,607.5,607.5,3135.0,10.0,60750.0,618.0,10.0,634.0,16.0,634.5,2.0,653.0,1.0,988.0,1.0,610.0,10.0,586.0,16.0,567.0,1.0,183.5,1.0,120.0,4.0
2023-04-27 21:16:00.25,1682601360250000000,607.5,607.5,607.5,3135.0,10.0,60750.0,617.5,10.0,618.0,10.0,634.0,16.0,634.5,2.0,653.0,1.0,610.0,10.0,586.0,16.0,567.0,1.0,183.5,1.0,120.0,4.0
2023-04-27 21:16:25.5,1682601385500000000,607.5,607.5,607.5,3135.0,10.0,60750.0,618.0,10.0,634.0,16.0,634.5,2.0,653.0,1.0,988.0,1.0,610.0,10.0,586.0,16.0,567.0,1.0,183.5,1.0,120.0,4.0
2023-04-27 21:16:25.75,1682601385750000000,607.5,607.5,607.5,3135.0,10.0,60750.0,618.0,20.0,634.0,16.0,634.5,2.0,653.0,1.0,988.0,1.0,610.0,10.0,586.0,16.0,567.0,1.0,183.5,1.0,120.0,4.0
2023-04-27 21:16:26.5,1682601386500000000,607.5,607.5,607.5,3135.0,10.0,60750.0,618.0,10.0,634.0,16.0,634.5,2.0,653.0,1.0,988.0,1.0,586.0,16.0,567.0,1.0,183.5,1.0,120.0,4.0,111.0,10.0
2023-04-27 21:16:26.75,1682601386750000000,607.5,607.5,607.5,3135.0,10.0,60750.0,621.5,10.0,634.0,16.0,634.5,2.0,653.0,1.0,988.0,1.0,612.5,10.0,586.0,16.0,567.0,1.0,183.5,1.0,120.0,4.0
2023-04-27 21:16:27.0,1682601387000000000,607.5,607.5,607.5,3135.0,10.0,60750.0,621.0,10.0,621.5,10.0,634.0,16.0,634.5,2.0,653.0,1.0,612.5,10.0,586.0,16.0,567.0,1.0,183.5,1.0,120.0,4.0
2023-04-27 21:16:32.5,1682601392500000000,607.5,607.5,607.5,3135.0,10.0,60750.0,621.0,10.0,621.5,10.0,634.0,16.0,634.5,2.0,653.0,1.0,613.5,10.0,586.0,16.0,567.0,1.0,183.5,1.0,120.0,4.0
2023-04-27 21:16:34.25,1682601394250000000,607.5,607.5,607.5,3135.0,10.0,60750.0,620.5,10.0,621.0,10.0,634.0,16.0,634.5,2.0,653.0,1.0,611.5,10.0,586.0,16.0,567.0,1.0,183.5,1.0,120.0,4.0
2023-04-27 21:16:34.5,1682601394500000000,607.5,607.5,607.5,3135.0,10.0,60750.0,620.5,10.0,634.0,16.0,634.5,2.0,653.0,1.0,988.0,1.0,611.5,10.0,586.0,16.0,567.0,1.0,183.5,1.0,120.0,4.0
2023-04-27 21:16:34.75,1682601394750000000,607.5,607.5,607.5,3135.0,10.0,60750.0,620.0,10.0,620.5,10.0,634.0,16.0,634.5,2.0,653.0,1.0,611.5,10.0,586.0,16.0,567.0,1.0,183.5,1.0,120.0,4.0
2023-04-27 21:16:37.25,1682601397250000000,607.5,607.5,607.5,3135.0,10.0,60750.0,619.5,10.0,620.0,10.0,634.0,16.0,634.5,2.0,653.0,1.0,610.5,10.0,586.0,16.0,567.0,1.0,183.5,1.0,120.0,4.0
2023-04-27 21:16:37.5,1682601397500000000,607.5,607.5,607.5,3135.0,10.0,60750.0,619.5,10.0,634.0,16.0,634.5,2.0,653.0,1.0,988.0,1.0,610.5,10.0,586.0,16.0,567.0,1.0,183.5,1.0,120.0,4.0
2023-04-27 21:16:37.75,1682601397750000000,607.5,607.5,607.5,3135.0,10.0,60750.0,619.0,10.0,619.5,10.0,634.0,16.0,634.5,2.0,653.0,1.0,610.5,10.0,586.0,16.0,567.0,1.0,183.5,1.0,120.0,4.0
2023-04-27 21:16:40.5,1682601400500000000,607.5,607.5,607.5,3135.0,10.0,60750.0,618.5,10.0,619.0,10.0,634.0,16.0,634.5,2.0,653.0,1.0,610.5,10.0,586.0,16.0,567.0,1.0,183.5,1.0,120.0,4.0
2023-04-27 21:16:40.75,1682601400750000000,607.5,607.5,607.5,3135.0,10.0,60750.0,618.5,10.0,634.0,16.0,634.5,2.0,653.0,1.0,988.0,1.0,610.5,10.0,586.0,16.0,567.0,1.0,183.5,1.0,120.0,4.0
2023-04-27 21:16:41.0,1682601401000000000,607.5,607.5,607.5,3135.0,10.0,60750.0,618.0,10.0,618.5,10.0,634.0,16.0,634.5,2.0,653.0,1.0,610.5,10.0,586.0,16.0,567.0,1.0,183.5,1.0,120.0,4.0
2023-04-27 21:16:41.75,1682601401750000000,607.5,607.5,607.5,3135.0,10.0,60750.0,618.5,10.0,634.0,16.0,634.5,2.0,653.0,1.0,988.0,1.0,610.5,10.0,586.0,16.0,567.0,1.0,183.5,1.0,120.0,4.0
2023-04-27 21:16:42.0,1682601402000000000,607.5,607.5,607.5,3135.0,10.0,60750.0,618.5,20.0,634.0,16.0,634.5,2.0,653.0,1.0,988.0,1.0,610.5,10.0,586.0,16.0,567.0,1.0,183.5,1.0,120.0,4.0
2023-04-27 21:16:42.25,1682601402250000000,607.5,607.5,607.5,3135.0,10.0,60750.0,618.5,10.0,634.0,16.0,634.5,2.0,653.0,1.0,988.0,1.0,610.5,10.0,586.0,16.0,567.0,1.0,183.5,1.0,120.0,4.0
2023-04-27 21:16:53.75,1682601413750000000,607.5,607.5,607.5,3135.0,10.0,60750.0,615.5,10.0,634.0,16.0,634.5,2.0,653.0,1.0,988.0,1.0,606.5,10.0,586.0,16.0,567.0,1.0,183.5,1.0,120.0,4.0
2023-04-27 21:16:54.0,1682601414000000000,607.5,607.5,607.5,3135.0,10.0,60750.0,634.0,16.0,634.5,2.0,653.0,1.0,988.0,1.0,,0.0,586.0,16.0,567.0,1.0,183.5,1.0,120.0,4.0,111.0,10.0
2023-04-27 21:16:54.25,1682601414250000000,607.5,607.5,607.5,3135.0,10.0,60750.0,633.5,10.0,634.0,16.0,634.5,2.0,653.0,1.0,988.0,1.0,586.0,16.0,567.0,1.0,183.5,1.0,120.0,4.0,111.0,10.0
2023-04-27 21:16:55.25,1682601415250000000,607.5,607.5,607.5,3135.0,10.0,60750.0,615.5,10.0,633.5,10.0,634.0,16.0,634.5,2.0,653.0,1.0,607.5,10.0,586.0,16.0,567.0,1.0,183.5,1.0,120.0,4.0
2023-04-27 21:16:55.5,1682601415500000000,607.5,607.5,607.5,3135.0,10.0,60750.0,615.5,10.0,634.0,16.0,634.5,2.0,653.0,1.0,988.0,1.0,607.5,10.0,586.0,16.0,567.0,1.0,183.5,1.0,120.0,4.0
2023-04-27 21:16:58.75,1682601418750000000,607.5,607.5,607.5,3135.0,10.0,60750.0,617.0,10.0,634.0,16.0,634.5,2.0,653.0,1.0,988.0,1.0,608.5,10.0,586.0,16.0,567.0,1.0,183.5,1.0,120.0,4.0
2023-04-27 21:16:59.0,1682601419000000000,607.5,607.5,607.5,3135.0,10.0,60750.0,616.5,10.0,617.0,10.0,634.0,16.0,634.5,2.0,653.0,1.0,608.5,10.0,586.0,16.0,567.0,1.0,183.5,1.0,120.0,4.0
2023-04-27 21:17:00.0,1682601420000000000,607.5,607.5,607.5,3135.0,10.0,60750.0,616.0,10.0,616.5,10.0,634.0,16.0,634.5,2.0,653.0,1.0,608.0,10.0,586.0,16.0,567.0,1.0,183.5,1.0,120.0,4.0
2023-04-27 21:17:00.25,1682601420250000000,607.5,607.5,607.5,3135.0,10.0,60750.0,616.0,10.0,634.0,16.0,634.5,2.0,653.0,1.0,988.0,1.0,608.0,10.0,586.0,16.0,567.0,1.0,183.5,1.0,120.0,4.0
2023-04-27 21:17:00.5,1682601420500000000,607.5,607.5,607.5,3135.0,10.0,60750.0,616.0,20.0,634.0,16.0,634.5,2.0,653.0,1.0,988.0,1.0,608.0,10.0,586.0,16.0,567.0,1.0,183.5,1.0,120.0,4.0
2023-04-27 21:17:01.75,1682601421750000000,607.5,607.5,607.5,3135.0,10.0,60750.0,616.0,10.0,634.0,16.0,634.5,2.0,653.0,1.0,988.0,1.0,608.0,10.0,586.0,16.0,567.0,1.0,183.5,1.0,120.0,4.0
2023-04-27 21:17:07.75,1682601427750000000,607.5,607.5,607.5,3135.0,10.0,60750.0,615.0,10.0,634.0,16.0,634.5,2.0,653.0,1.0,988.0,1.0,607.0,10.0,586.0,16.0,567.0,1.0,183.5,1.0,120.0,4.0
2023-04-27 21:17:16.75,1682601436750000000,607.5,607.5,607.5,3135.0,10.0,60750.0,614.0,10.0,634.0,16.0,634.5,2.0,653.0,1.0,988.0,1.0,606.0,10.0,586.0,16.0,567.0,1.0,183.5,1.0,120.0,4.0
2023-04-27 21:17:20.5,1682601440500000000,607.5,607.5,607.5,3135.0,10.0,60750.0,613.0,10.0,634.0,16.0,634.5,2.0,653.0,1.0,988.0,1.0,605.0,10.0,586.0,16.0,567.0,1.0,183.5,1.0,120.0,4.0
2023-04-27 21:17:38.75,1682601458750000000,607.5,607.5,607.5,3135.0,10.0,60750.0,611.5,10.0,634.0,16.0,634.5,2.0,653.0,1.0,988.0,1.0,603.5,10.0,586.0,16.0,567.0,1.0,183.5,1.0,120.0,4.0
2023-04-27 21:17:43.75,1682601463750000000,607.5,607.5,607.5,3135.0,10.0,60750.0,610.0,10.0,634.0,16.0,634.5,2.0,653.0,1.0,988.0,1.0,602.5,10.0,586.0,16.0,567.0,1.0,183.5,1.0,120.0,4.0
2023-04-27 21:17:45.5,1682601465500000000,607.5,607.5,607.5,3135.0,10.0,60750.0,611.0,10.0,634.0,16.0,634.5,2.0,653.0,1.0,988.0,1.0,603.5,10.0,586.0,16.0,567.0,1.0,183.5,1.0,120.0,4.0
2023-04-27 21:17:56.0,1682601476000000000,607.5,607.5,607.5,3135.0,10.0,60750.0,634.0,16.0,634.5,2.0,653.0,1.0,988.0,1.0,,0.0,586.0,16.0,567.0,1.0,183.5,1.0,120.0,4.0,111.0,10.0
2023-04-27 21:17:56.25,1682601476250000000,607.5,607.5,607.5,3135.0,10.0,60750.0,633.5,10.0,634.0,16.0,634.5,2.0,653.0,1.0,988.0,1.0,586.0,16.0,567.0,1.0,183.5,1.0,120.0,4.0,111.0,10.0
2023-04-27 21:17:57.25,1682601477250000000,607.5,607.5,607.5,3135.0,10.0,60750.0,607.5,10.0,633.5,10.0,634.0,16.0,634.5,2.0,653.0,1.0,598.0,10.0,586.0,16.0,567.0,1.0,183.5,1.0,120.0,4.0
2023-04-27 21:17:57.5,1682601477500000000,607.5,607.5,607.5,3135.0,10.0,60750.0,606.5,10.0,634.0,16.0,634.5,2.0,653.0,1.0,988.0,1.0,599.0,10.0,586.0,16.0,567.0,1.0,183.5,1.0,120.0,4.0
2023-04-27 21:17:58.0,1682601478000000000,607.5,607.5,607.5,3135.0,10.0,60750.0,634.0,16.0,634.5,2.0,653.0,1.0,988.0,1.0,,0.0,586.0,16.0,567.0,1.0,183.5,1.0,120.0,4.0,111.0,10.0
2023-04-27 21:17:58.25,1682601478250000000,607.5,607.5,607.5,3135.0,10.0,60750.0,633.5,10.0,634.0,16.0,634.5,2.0,653.0,1.0,988.0,1.0,586.0,16.0,567.0,1.0,183.5,1.0,120.0,4.0,111.0,10.0
2023-04-27 21:17:58.75,1682601478750000000,607.5,607.5,607.5,3135.0,10.0,60750.0,608.5,10.0,633.5,10.0,634.0,16.0,634.5,2.0,653.0,1.0,600.5,10.0,586.0,16.0,567.0,1.0,183.5,1.0,120.0,4.0
2023-04-27 21:17:59.0,1682601479000000000,607.5,607.5,607.5,3135.0,10.0,60750.0,607.5,10.0,634.0,16.0,634.5,2.0,653.0,1.0,988.0,1.0,600.0,10.0,586.0,16.0,567.0,1.0,183.5,1.0,120.0,4.0
2023-04-27 21:18:10.25,1682601490250000000,607.5,607.5,607.5,3135.0,10.0,60750.0,609.5,10.0,634.0,16.0,634.5,2.0,653.0,1.0,988.0,1.0,601.0,10.0,586.0,16.0,567.0,1.0,183.5,1.0,120.0,4.0
2023-04-27 21:18:12.75,1682601492750000000,607.5,607.5,607.5,3135.0,10.0,60750.0,607.5,10.0,634.0,16.0,634.5,2.0,653.0,1.0,988.0,1.0,600.0,10.0,586.0,16.0,567.0,1.0,183.5,1.0,120.0,4.0
2023-04-27 21:18:15.0,1682601495000000000,607.5,607.5,607.5,3135.0,10.0,60750.0,606.0,10.0,634.0,16.0,634.5,2.0,653.0,1.0,988.0,1.0,598.0,10.0,586.0,16.0,567.0,1.0,183.5,1.0,120.0,4.0
2023-04-27 21:18:17.5,1682601497500000000,607.5,607.5,607.5,3135.0,10.0,60750.0,607.0,10.0,634.0,16.0,634.5,2.0,653.0,1.0,988.0,1.0,599.0,10.0,586.0,16.0,567.0,1.0,183.5,1.0,120.0,4.0
2023-04-27 21:18:18.75,1682601498750000000,607.5,607.5,607.5,3135.0,10.0,60750.0,605.5,10.0,634.0,16.0,634.5,2.0,653.0,1.0,988.0,1.0,598.0,10.0,586.0,16.0,567.0,1.0,183.5,1.0,120.0,4.0
2023-04-27 21:18:19.25,1682601499250000000,607.5,607.5,607.5,3135.0,10.0,60750.0,634.0,16.0,634.5,2.0,653.0,1.0,988.0,1.0,,0.0,586.0,16.0,567.0,1.0,183.5,1.0,120.0,4.0,111.0,10.0
2023-04-27 21:18:19.5,1682601499500000000,607.5,607.5,607.5,3135.0,10.0,60750.0,607.0,10.0,633.5,10.0,634.0,16.0,634.5,2.0,653.0,1.0,599.0,10.0,586.0,16.0,567.0,1.0,183.5,1.0,120.0,4.0
2023-04-27 21:18:19.75,1682601499750000000,607.5,607.5,607.5,3135.0,10.0,60750.0,607.0,10.0,634.0,16.0,634.5,2.0,653.0,1.0,988.0,1.0,599.0,10.0,586.0,16.0,567.0,1.0,183.5,1.0,120.0,4.0
2023-04-27 21:18:20.5,1682601500500000000,607.5,607.5,607.5,3135.0,10.0,60750.0,606.0,1.0,607.0,10.0,634.0,16.0,634.5,2.0,653.0,1.0,599.0,10.0,586.0,16.0,567.0,1.0,183.5,1.0,120.0,4.0
2023-04-27 21:18:23.75,1682601503750000000,607.5,607.5,607.5,3135.0,10.0,60750.0,606.0,1.0,608.0,10.0,634.0,16.0,634.5,2.0,653.0,1.0,600.5,10.0,586.0,16.0,567.0,1.0,183.5,1.0,120.0,4.0
2023-04-27 21:18:32.0,1682601512000000000,607.5,607.5,607.5,3135.0,10.0,60750.0,606.0,1.0,609.5,10.0,634.0,16.0,634.5,2.0,653.0,1.0,602.0,10.0,586.0,16.0,567.0,1.0,183.5,1.0,120.0,4.0
2023-04-27 21:18:36.5,1682601516500000000,607.5,606.0,606.0,3134.0,11.0,66810.0,609.5,10.0,634.0,16.0,634.5,2.0,653.0,1.0,988.0,1.0,602.0,10.0,586.0,16.0,567.0,1.0,183.5,1.0,120.0,4.0
2023-04-27 21:18:39.25,1682601519250000000,607.5,606.0,606.0,3134.0,11.0,66810.0,611.0,10.0,634.0,16.0,634.5,2.0,653.0,1.0,988.0,1.0,603.5,10.0,586.0,16.0,567.0,1.0,183.5,1.0,120.0,4.0
2023-04-27 21:18:43.25,1682601523250000000,607.5,606.0,606.0,3134.0,11.0,66810.0,609.5,10.0,634.0,16.0,634.5,2.0,653.0,1.0,988.0,1.0,601.5,10.0,586.0,16.0,567.0,1.0,183.5,1.0,120.0,4.0
2023-04-27 21:18:43.5,1682601523500000000,607.5,606.0,606.0,3134.0,11.0,66810.0,609.5,20.0,634.0,16.0,634.5,2.0,653.0,1.0,988.0,1.0,601.5,10.0,586.0,16.0,567.0,1.0,183.5,1.0,120.0,4.0
2023-04-27 21:18:44.0,1682601524000000000,607.5,606.0,606.0,3134.0,11.0,66810.0,609.5,10.0,634.0,16.0,634.5,2.0,653.0,1.0,988.0,1.0,601.5,10.0,586.0,16.0,567.0,1.0,183.5,1.0,120.0,4.0
2023-04-27 21:18:44.5,1682601524500000000,607.5,606.0,606.0,3134.0,11.0,66810.0,610.5,10.0,634.0,16.0,634.5,2.0,653.0,1.0,988.0,1.0,602.5,10.0,586.0,16.0,567.0,1.0,183.5,1.0,120.0,4.0
2023-04-27 21:18:44.75,1682601524750000000,607.5,606.0,606.0,3134.0,11.0,66810.0,610.5,20.0,634.0,16.0,634.5,2.0,653.0,1.0,988.0,1.0,602.5,10.0,586.0,16.0,567.0,1.0,183.5,1.0,120.0,4.0
2023-04-27 21:18:55.75,1682601535750000000,607.5,606.0,606.0,3134.0,11.0,66810.0,612.5,10.0,634.0,16.0,634.5,2.0,653.0,1.0,988.0,1.0,605.0,10.0,586.0,16.0,567.0,1.0,183.5,1.0,120.0,4.0
2023-04-27 21:19:02.25,1682601542250000000,607.5,606.0,606.0,3134.0,11.0,66810.0,614.0,10.0,634.0,16.0,634.5,2.0,653.0,1.0,988.0,1.0,606.0,10.0,586.0,16.0,567.0,1.0,183.5,1.0,120.0,4.0
2023-04-27 21:19:02.5,1682601542500000000,607.5,606.0,606.0,3134.0,11.0,66810.0,613.5,10.0,614.0,10.0,634.0,16.0,634.5,2.0,653.0,1.0,606.0,10.0,586.0,16.0,567.0,1.0,183.5,1.0,120.0,4.0
2023-04-27 21:19:12.5,1682601552500000000,607.5,606.0,606.0,3134.0,11.0,66810.0,612.5,10.0,613.5,10.0,634.0,16.0,634.5,2.0,653.0,1.0,605.0,10.0,586.0,16.0,567.0,1.0,183.5,1.0,120.0,4.0
2023-04-27 21:19:12.75,1682601552750000000,607.5,606.0,606.0,3134.0,11.0,66810.0,612.5,10.0,634.0,16.0,634.5,2.0,653.0,1.0,988.0,1.0,605.0,10.0,586.0,16.0,567.0,1.0,183.5,1.0,120.0,4.0
2023-04-27 21:19:13.0,1682601553000000000,607.5,606.0,606.0,3134.0,11.0,66810.0,612.5,20.0,634.0,16.0,634.5,2.0,653.0,1.0,988.0,1.0,605.0,10.0,586.0,16.0,567.0,1.0,183.5,1.0,120.0,4.0
2023-04-27 21:19:22.0,1682601562000000000,607.5,606.0,606.0,3134.0,11.0,66810.0,612.5,10.0,634.0,16.0,634.5,2.0,653.0,1.0,988.0,1.0,605.0,10.0,586.0,16.0,567.0,1.0,183.5,1.0,120.0,4.0
2023-04-27 21:19:22.25,1682601562250000000,607.5,606.0,606.0,3134.0,11.0,66810.0,612.5,20.0,634.0,16.0,634.5,2.0,653.0,1.0,988.0,1.0,605.0,10.0,586.0,16.0,567.0,1.0,183.5,1.0,120.0,4.0
2023-04-27 21:19:22.5,1682601562500000000,607.5,606.0,606.0,3134.0,11.0,66810.0,612.5,10.0,634.0,16.0,634.5,2.0,653.0,1.0,988.0,1.0,605.0,10.0,586.0,16.0,567.0,1.0,183.5,1.0,120.0,4.0
2023-04-27 21:19:27.75,1682601567750000000,607.5,606.0,606.0,3134.0,11.0,66810.0,614.5,10.0,634.0,16.0,634.5,2.0,653.0,1.0,988.0,1.0,606.0,10.0,586.0,16.0,567.0,1.0,183.5,1.0,120.0,4.0
2023-04-27 21:19:28.0,1682601568000000000,607.5,606.0,606.0,3134.0,11.0,66810.0,614.0,10.0,614.5,10.0,634.0,16.0,634.5,2.0,653.0,1.0,606.0,10.0,586.0,16.0,567.0,1.0,183.5,1.0,120.0,4.0
2023-04-27 21:19:28.5,1682601568500000000,607.5,606.0,606.0,3134.0,11.0,66810.0,614.0,10.0,634.0,16.0,634.5,2.0,653.0,1.0,988.0,1.0,586.0,16.0,567.0,1.0,183.5,1.0,120.0,4.0,111.0,10.0
2023-04-27 21:19:28.75,1682601568750000000,607.5,606.0,606.0,3134.0,11.0,66810.0,614.0,10.0,634.0,16.0,634.5,2.0,653.0,1.0,988.0,1.0,586.5,1.0,586.0,16.0,567.0,1.0,183.5,1.0,120.0,4.0
2023-04-27 21:19:30.5,1682601570500000000,607.5,606.0,606.0,3134.0,11.0,66810.0,614.0,10.0,614.5,10.0,634.0,16.0,634.5,2.0,653.0,1.0,604.5,10.0,586.5,1.0,586.0,16.0,567.0,1.0,183.5,1.0
2023-04-27 21:19:30.75,1682601570750000000,607.5,606.0,606.0,3134.0,11.0,66810.0,613.5,10.0,614.0,10.0,634.0,16.0,634.5,2.0,653.0,1.0,605.5,10.0,586.5,1.0,586.0,16.0,567.0,1.0,183.5,1.0
2023-04-27 21:19:31.0,1682601571000000000,607.5,606.0,606.0,3134.0,11.0,66810.0,613.5,10.0,634.0,16.0,634.5,2.0,653.0,1.0,988.0,1.0,605.5,10.0,586.5,1.0,586.0,16.0,567.0,1.0,183.5,1.0
2023-04-27 21:19:31.25,1682601571250000000,607.5,606.0,606.0,3134.0,11.0,66810.0,613.5,20.0,634.0,16.0,634.5,2.0,653.0,1.0,988.0,1.0,605.5,10.0,586.5,1.0,586.0,16.0,567.0,1.0,183.5,1.0
2023-04-27 21:19:32.25,1682601572250000000,607.5,606.0,606.0,3134.0,11.0,66810.0,612.5,10.0,613.5,10.0,634.0,16.0,634.5,2.0,653.0,1.0,604.5,10.0,586.5,1.0,586.0,16.0,567.0,1.0,183.5,1.0
2023-04-27 21:19:32.5,1682601572500000000,607.5,606.0,606.0,3134.0,11.0,66810.0,612.5,10.0,634.0,16.0,634.5,2.0,653.0,1.0,988.0,1.0,604.5,10.0,586.5,1.0,586.0,16.0,567.0,1.0,183.5,1.0
2023-04-27 21:19:32.75,1682601572750000000,607.5,606.0,606.0,3134.0,11.0,66810.0,612.5,20.0,634.0,16.0,634.5,2.0,653.0,1.0,988.0,1.0,604.5,10.0,586.5,1.0,586.0,16.0,567.0,1.0,183.5,1.0
2023-04-27 21:19:33.5,1682601573500000000,607.5,606.0,606.0,3134.0,11.0,66810.0,612.5,10.0,634.0,16.0,634.5,2.0,653.0,1.0,988.0,1.0,604.5,10.0,586.5,1.0,586.0,16.0,567.0,1.0,183.5,1.0
2023-04-27 21:19:35.25,1682601575250000000,607.5,606.0,606.0,3134.0,11.0,66810.0,613.5,10.0,634.0,16.0,634.5,2.0,653.0,1.0,988.0,1.0,605.5,10.0,586.5,1.0,586.0,16.0,567.0,1.0,183.5,1.0
2023-04-27 21:19:35.5,1682601575500000000,607.5,606.0,606.0,3134.0,11.0,66810.0,613.5,20.0,634.0,16.0,634.5,2.0,653.0,1.0,988.0,1.0,605.5,10.0,586.5,1.0,586.0,16.0,567.0,1.0,183.5,1.0
2023-04-27 21:19:37.0,1682601577000000000,607.5,606.0,606.0,3134.0,11.0,66810.0,612.5,10.0,613.5,10.0,634.0,16.0,634.5,2.0,653.0,1.0,604.5,10.0,586.5,1.0,586.0,16.0,567.0,1.0,183.5,1.0
2023-04-27 21:19:37.25,1682601577250000000,607.5,606.0,606.0,3134.0,11.0,66810.0,612.5,10.0,634.0,16.0,634.5,2.0,653.0,1.0,988.0,1.0,604.5,10.0,586.5,1.0,586.0,16.0,567.0,1.0,183.5,1.0
2023-04-27 21:19:37.5,1682601577500000000,607.5,606.0,606.0,3134.0,11.0,66810.0,612.5,20.0,634.0,16.0,634.5,2.0,653.0,1.0,988.0,1.0,604.5,10.0,586.5,1.0,586.0,16.0,567.0,1.0,183.5,1.0
2023-04-27 21:19:37.75,1682601577750000000,607.5,606.0,606.0,3134.0,11.0,66810.0,612.5,10.0,634.0,16.0,634.5,2.0,653.0,1.0,988.0,1.0,604.5,10.0,586.5,1.0,586.0,16.0,567.0,1.0,183.5,1.0
2023-04-27 21:19:44.25,1682601584250000000,607.5,606.0,606.0,3134.0,11.0,66810.0,615.0,10.0,634.0,16.0,634.5,2.0,653.0,1.0,988.0,1.0,606.0,10.0,586.5,1.0,586.0,16.0,567.0,1.0,183.5,1.0
2023-04-27 21:19:44.5,1682601584500000000,607.5,606.0,606.0,3134.0,11.0,66810.0,615.0,20.0,634.0,16.0,634.5,2.0,653.0,1.0,988.0,1.0,606.0,10.0,586.5,1.0,586.0,16.0,567.0,1.0,183.5,1.0
2023-04-27 21:19:46.5,1682601586500000000,607.5,606.0,606.0,3134.0,11.0,66810.0,615.0,20.0,634.0,16.0,634.5,2.0,653.0,1.0,988.0,1.0,607.0,10.0,586.5,1.0,586.0,16.0,567.0,1.0,183.5,1.0
2023-04-27 21:19:50.75,1682601590750000000,607.5,606.0,606.0,3134.0,11.0,66810.0,616.0,10.0,634.0,16.0,634.5,2.0,653.0,1.0,988.0,1.0,608.5,10.0,586.5,1.0,586.0,16.0,567.0,1.0,183.5,1.0
2023-04-27 21:19:51.0,1682601591000000000,607.5,606.0,606.0,3134.0,11.0,66810.0,615.5,10.0,616.0,10.0,634.0,16.0,634.5,2.0,653.0,1.0,608.5,10.0,586.5,1.0,586.0,16.0,567.0,1.0,183.5,1.0
2023-04-27 21:19:53.25,1682601593250000000,607.5,606.0,606.0,3134.0,11.0,66810.0,616.0,10.0,634.0,16.0,634.5,2.0,653.0,1.0,988.0,1.0,608.5,10.0,586.5,1.0,586.0,16.0,567.0,1.0,183.5,1.0
2023-04-27 21:19:53.5,1682601593500000000,607.5,606.0,606.0,3134.0,11.0,66810.0,616.0,20.0,634.0,16.0,634.5,2.0,653.0,1.0,988.0,1.0,608.5,10.0,586.5,1.0,586.0,16.0,567.0,1.0,183.5,1.0
2023-04-27 21:20:00.0,1682601600000000000,607.5,606.0,606.0,3134.0,11.0,66810.0,616.0,10.0,634.0,16.0,634.5,2.0,653.0,1.0,988.0,1.0,608.5,10.0,586.5,1.0,586.0,16.0,567.0,1.0,183.5,1.0
2023-04-27 21:20:09.5,1682601609500000000,607.5,606.0,606.0,3134.0,11.0,66810.0,615.5,10.0,616.0,10.0,634.0,16.0,634.5,2.0,653.0,1.0,608.5,10.0,586.5,1.0,586.0,16.0,567.0,1.0,183.5,1.0
2023-04-27 21:20:14.75,1682601614750000000,607.5,606.0,606.0,3134.0,11.0,66810.0,615.0,10.0,615.5,10.0,634.0,16.0,634.5,2.0,653.0,1.0,606.5,10.0,586.5,1.0,586.0,16.0,567.0,1.0,183.5,1.0
2023-04-27 21:20:15.0,1682601615000000000,607.5,606.0,606.0,3134.0,11.0,66810.0,615.0,10.0,634.0,16.0,634.5,2.0,653.0,1.0,988.0,1.0,606.5,10.0,586.5,1.0,586.0,16.0,567.0,1.0,183.5,1.0
2023-04-27 21:20:15.25,1682601615250000000,607.5,606.0,606.0,3134.0,11.0,66810.0,614.5,10.0,615.0,10.0,634.0,16.0,634.5,2.0,653.0,1.0,606.5,10.0,586.5,1.0,586.0,16.0,567.0,1.0,183.5,1.0
2023-04-27 21:20:16.0,1682601616000000000,607.5,606.0,606.0,3134.0,11.0,66810.0,615.0,10.0,634.0,16.0,634.5,2.0,653.0,1.0,988.0,1.0,606.5,10.0,586.5,1.0,586.0,16.0,567.0,1.0,183.5,1.0
2023-04-27 21:20:16.75,1682601616750000000,607.5,606.0,606.0,3134.0,11.0,66810.0,614.5,10.0,615.0,10.0,634.0,16.0,634.5,2.0,653.0,1.0,606.5,10.0,586.5,1.0,586.0,16.0,567.0,1.0,183.5,1.0
2023-04-27 21:20:17.0,1682601617000000000,607.5,606.0,606.0,3134.0,11.0,66810.0,615.0,10.0,634.0,16.0,634.5,2.0,653.0,1.0,988.0,1.0,606.5,10.0,586.5,1.0,586.0,16.0,567.0,1.0,183.5,1.0
2023-04-27 21:20:17.25,1682601617250000000,607.5,606.0,606.0,3134.0,11.0,66810.0,615.0,20.0,634.0,16.0,634.5,2.0,653.0,1.0,988.0,1.0,606.5,10.0,586.5,1.0,586.0,16.0,567.0,1.0,183.5,1.0
2023-04-27 21:20:18.25,1682601618250000000,607.5,606.0,606.0,3134.0,11.0,66810.0,614.0,10.0,615.0,10.0,634.0,16.0,634.5,2.0,653.0,1.0,606.0,10.0,586.5,1.0,586.0,16.0,567.0,1.0,183.5,1.0
2023-04-27 21:20:18.5,1682601618500000000,607.5,606.0,606.0,3134.0,11.0,66810.0,614.0,10.0,634.0,16.0,634.5,2.0,653.0,1.0,988.0,1.0,606.0,10.0,586.5,1.0,586.0,16.0,567.0,1.0,183.5,1.0
2023-04-27 21:20:29.25,1682601629250000000,607.5,606.0,606.0,3134.0,11.0,66810.0,615.0,10.0,634.0,16.0,634.5,2.0,653.0,1.0,988.0,1.0,607.0,10.0,586.5,1.0,586.0,16.0,567.0,1.0,183.5,1.0
2023-04-27 21:20:29.5,1682601629500000000,607.5,606.0,606.0,3134.0,11.0,66810.0,615.0,20.0,634.0,16.0,634.5,2.0,653.0,1.0,988.0,1.0,607.0,10.0,586.5,1.0,586.0,16.0,567.0,1.0,183.5,1.0
2023-04-27 21:20:30.0,1682601630000000000,607.5,606.0,606.0,3134.0,11.0,66810.0,615.0,10.0,634.0,16.0,634.5,2.0,653.0,1.0,988.0,1.0,607.0,10.0,586.5,1.0,586.0,16.0,567.0,1.0,183.5,1.0
2023-04-27 21:20:36.5,1682601636500000000,607.5,606.0,606.0,3134.0,11.0,66810.0,634.0,16.0,634.5,2.0,653.0,1.0,988.0,1.0,,0.0,586.5,1.0,586.0,16.0,567.0,1.0,183.5,1.0,120.0,4.0
2023-04-27 21:20:36.75,1682601636750000000,607.5,606.0,606.0,3134.0,11.0,66810.0,614.0,10.0,633.5,10.0,634.0,16.0,634.5,2.0,653.0,1.0,605.0,10.0,586.5,1.0,586.0,16.0,567.0,1.0,183.5,1.0
2023-04-27 21:20:37.0,1682601637000000000,607.5,606.0,606.0,3134.0,11.0,66810.0,613.0,10.0,634.0,16.0,634.5,2.0,653.0,1.0,988.0,1.0,605.0,10.0,586.5,1.0,586.0,16.0,567.0,1.0,183.5,1.0
2023-04-27 21:20:50.25,1682601650250000000,607.5,606.0,606.0,3134.0,11.0,66810.0,611.5,10.0,634.0,16.0,634.5,2.0,653.0,1.0,988.0,1.0,604.0,10.0,586.5,1.0,586.0,16.0,567.0,1.0,183.5,1.0
2023-04-27 21:20:55.25,1682601655250000000,607.5,606.0,606.0,3134.0,11.0,66810.0,613.0,10.0,634.0,16.0,634.5,2.0,653.0,1.0,988.0,1.0,605.0,10.0,586.5,1.0,586.0,16.0,567.0,1.0,183.5,1.0
2023-04-27 21:21:00.0,1682601660000000000,607.5,606.0,606.0,3134.0,11.0,66810.0,614.0,10.0,634.0,16.0,634.5,2.0,653.0,1.0,988.0,1.0,606.0,10.0,586.5,1.0,586.0,16.0,567.0,1.0,183.5,1.0
2023-04-27 21:21:08.25,1682601668250000000,607.5,606.0,606.0,3134.0,11.0,66810.0,613.0,10.0,634.0,16.0,634.5,2.0,653.0,1.0,988.0,1.0,604.5,10.0,586.5,1.0,586.0,16.0,567.0,1.0,183.5,1.0
2023-04-27 21:21:08.5,1682601668500000000,607.5,606.0,606.0,3134.0,11.0,66810.0,613.0,20.0,634.0,16.0,634.5,2.0,653.0,1.0,988.0,1.0,604.5,10.0,586.5,1.0,586.0,16.0,567.0,1.0,183.5,1.0
2023-04-27 21:21:13.25,1682601673250000000,607.5,606.0,606.0,3134.0,11.0,66810.0,611.5,10.0,613.0,10.0,634.0,16.0,634.5,2.0,653.0,1.0,603.0,10.0,586.5,1.0,586.0,16.0,567.0,1.0,183.5,1.0
2023-04-27 21:21:13.5,1682601673500000000,607.5,606.0,606.0,3134.0,11.0,66810.0,611.5,10.0,634.0,16.0,634.5,2.0,653.0,1.0,988.0,1.0,603.0,10.0,586.5,1.0,586.0,16.0,567.0,1.0,183.5,1.0
2023-04-27 21:21:20.0,1682601680000000000,607.5,606.0,606.0,3134.0,11.0,66810.0,610.0,10.0,634.0,16.0,634.5,2.0,653.0,1.0,988.0,1.0,601.5,10.0,586.5,1.0,586.0,16.0,567.0,1.0,183.5,1.0
2023-04-27 21:21:24.5,1682601684500000000,607.5,606.0,606.0,3134.0,11.0,66810.0,608.5,10.0,634.0,16.0,634.5,2.0,653.0,1.0,988.0,1.0,600.0,10.0,586.5,1.0,586.0,16.0,567.0,1.0,183.5,1.0
2023-04-27 21:21:29.75,1682601689750000000,607.5,606.0,606.0,3134.0,11.0,66810.0,609.5,10.0,634.0,16.0,634.5,2.0,653.0,1.0,988.0,1.0,601.0,10.0,586.5,1.0,586.0,16.0,567.0,1.0,183.5,1.0
2023-04-27 21:21:32.0,1682601692000000000,607.5,606.0,606.0,3134.0,11.0,66810.0,608.5,10.0,634.0,16.0,634.5,2.0,653.0,1.0,988.0,1.0,600.0,10.0,586.5,1.0,586.0,16.0,567.0,1.0,183.5,1.0
2023-04-27 21:21:36.0,1682601696000000000,607.5,606.0,606.0,3134.0,11.0,66810.0,609.5,10.0,634.0,16.0,634.5,2.0,653.0,1.0,988.0,1.0,601.0,10.0,586.5,1.0,586.0,16.0,567.0,1.0,183.5,1.0
2023-04-27 21:21:41.0,1682601701000000000,607.5,606.0,606.0,3134.0,11.0,66810.0,610.5,10.0,634.0,16.0,634.5,2.0,653.0,1.0,988.0,1.0,602.5,10.0,586.5,1.0,586.0,16.0,567.0,1.0,183.5,1.0
2023-04-27 21:21:41.25,1682601701250000000,607.5,606.0,606.0,3134.0,11.0,66810.0,610.5,20.0,634.0,16.0,634.5,2.0,653.0,1.0,988.0,1.0,602.5,10.0,586.5,1.0,586.0,16.0,567.0,1.0,183.5,1.0
2023-04-27 21:21:55.0,1682601715000000000,607.5,606.0,606.0,3134.0,11.0,66810.0,610.5,10.0,634.0,16.0,634.5,2.0,653.0,1.0,988.0,1.0,602.5,10.0,586.5,1.0,586.0,16.0,567.0,1.0,183.5,1.0
2023-04-27 21:22:16.75,1682601736750000000,607.5,606.0,606.0,3134.0,11.0,66810.0,613.0,10.0,634.0,16.0,634.5,2.0,653.0,1.0,988.0,1.0,604.0,10.0,586.5,1.0,586.0,16.0,567.0,1.0,183.5,1.0
2023-04-27 21:22:17.0,1682601737000000000,607.5,606.0,606.0,3134.0,11.0,66810.0,613.0,20.0,634.0,16.0,634.5,2.0,653.0,1.0,988.0,1.0,604.0,10.0,586.5,1.0,586.0,16.0,567.0,1.0,183.5,1.0
2023-04-27 21:22:25.25,1682601745250000000,607.5,606.0,606.0,3134.0,11.0,66810.0,611.5,10.0,613.0,10.0,634.0,16.0,634.5,2.0,653.0,1.0,603.5,10.0,586.5,1.0,586.0,16.0,567.0,1.0,183.5,1.0
2023-04-27 21:22:25.5,1682601745500000000,607.5,606.0,606.0,3134.0,11.0,66810.0,611.5,10.0,634.0,16.0,634.5,2.0,653.0,1.0,988.0,1.0,603.5,10.0,586.5,1.0,586.0,16.0,567.0,1.0,183.5,1.0
2023-04-27 21:22:31.5,1682601751500000000,607.5,606.0,606.0,3134.0,11.0,66810.0,634.0,16.0,634.5,2.0,653.0,1.0,988.0,1.0,,0.0,586.5,1.0,586.0,16.0,567.0,1.0,183.5,1.0,120.0,4.0
2023-04-27 21:22:31.75,1682601751750000000,607.5,606.0,606.0,3134.0,11.0,66810.0,612.5,10.0,633.5,10.0,634.0,16.0,634.5,2.0,653.0,1.0,604.0,10.0,586.5,1.0,586.0,16.0,567.0,1.0,183.5,1.0
2023-04-27 21:22:32.0,1682601752000000000,607.5,606.0,606.0,3134.0,11.0,66810.0,612.5,10.0,634.0,16.0,634.5,2.0,653.0,1.0,988.0,1.0,604.0,10.0,586.5,1.0,586.0,16.0,567.0,1.0,183.5,1.0
2023-04-27 21:22:36.0,1682601756000000000,607.5,606.0,606.0,3134.0,11.0,66810.0,613.5,10.0,634.0,16.0,634.5,2.0,653.0,1.0,988.0,1.0,605.0,10.0,586.5,1.0,586.0,16.0,567.0,1.0,183.5,1.0
2023-04-27 21:22:36.25,1682601756250000000,607.5,606.0,606.0,3134.0,11.0,66810.0,613.5,20.0,634.0,16.0,634.5,2.0,653.0,1.0,988.0,1.0,605.0,10.0,586.5,1.0,586.0,16.0,567.0,1.0,183.5,1.0
2023-04-27 21:22:40.5,1682601760500000000,607.5,606.0,606.0,3134.0,11.0,66810.0,613.5,10.0,634.0,16.0,634.5,2.0,653.0,1.0,988.0,1.0,605.0,10.0,586.5,1.0,586.0,16.0,567.0,1.0,183.5,1.0
2023-04-27 21:22:41.0,1682601761000000000,607.5,606.0,606.0,3134.0,11.0,66810.0,614.5,10.0,634.0,16.0,634.5,2.0,653.0,1.0,988.0,1.0,606.0,10.0,586.5,1.0,586.0,16.0,567.0,1.0,183.5,1.0
2023-04-27 21:22:41.25,1682601761250000000,607.5,606.0,606.0,3134.0,11.0,66810.0,614.5,20.0,634.0,16.0,634.5,2.0,653.0,1.0,988.0,1.0,606.0,10.0,586.5,1.0,586.0,16.0,567.0,1.0,183.5,1.0
2023-04-27 21:22:46.0,1682601766000000000,607.5,606.0,606.0,3134.0,11.0,66810.0,612.5,10.0,614.5,10.0,634.0,16.0,634.5,2.0,653.0,1.0,604.5,10.0,586.5,1.0,586.0,16.0,567.0,1.0,183.5,1.0
2023-04-27 21:22:46.25,1682601766250000000,607.5,606.0,606.0,3134.0,11.0,66810.0,612.5,10.0,634.0,16.0,634.5,2.0,653.0,1.0,988.0,1.0,604.5,10.0,586.5,1.0,586.0,16.0,567.0,1.0,183.5,1.0
2023-04-27 21:22:51.5,1682601771500000000,607.5,606.0,606.0,3134.0,11.0,66810.0,614.5,10.0,634.0,16.0,634.5,2.0,653.0,1.0,988.0,1.0,605.0,10.0,586.5,1.0,586.0,16.0,567.0,1.0,183.5,1.0
2023-04-27 21:22:51.75,1682601771750000000,607.5,606.0,606.0,3134.0,11.0,66810.0,614.0,10.0,614.5,10.0,634.0,16.0,634.5,2.0,653.0,1.0,605.0,10.0,586.5,1.0,586.0,16.0,567.0,1.0,183.5,1.0
2023-04-27 21:22:55.25,1682601775250000000,607.5,606.0,606.0,3134.0,11.0,66810.0,613.5,10.0,614.0,10.0,634.0,16.0,634.5,2.0,653.0,1.0,605.0,10.0,586.5,1.0,586.0,16.0,567.0,1.0,183.5,1.0
2023-04-27 21:22:55.5,1682601775500000000,607.5,606.0,606.0,3134.0,11.0,66810.0,613.5,10.0,634.0,16.0,634.5,2.0,653.0,1.0,988.0,1.0,605.0,10.0,586.5,1.0,586.0,16.0,567.0,1.0,183.5,1.0
2023-04-27 21:23:02.25,1682601782250000000,607.5,606.0,606.0,3134.0,11.0,66810.0,613.5,10.0,634.0,16.0,653.0,1.0,988.0,1.0,,0.0,605.0,10.0,586.5,1.0,586.0,16.0,567.0,1.0,183.5,1.0
2023-04-27 21:23:02.5,1682601782500000000,607.5,606.0,606.0,3134.0,11.0,66810.0,613.5,20.0,634.0,16.0,653.0,1.0,988.0,1.0,,0.0,605.0,10.0,586.5,1.0,586.0,16.0,567.0,1.0,183.5,1.0
2023-04-27 21:23:14.5,1682601794500000000,607.5,606.0,606.0,3134.0,11.0,66810.0,613.5,10.0,634.0,16.0,653.0,1.0,988.0,1.0,,0.0,605.0,10.0,586.5,1.0,586.0,16.0,567.0,1.0,183.5,1.0
2023-04-27 21:23:18.25,1682601798250000000,607.5,606.0,606.0,3134.0,11.0,66810.0,612.0,10.0,634.0,16.0,653.0,1.0,988.0,1.0,,0.0,604.0,10.0,586.5,1.0,586.0,16.0,567.0,1.0,183.5,1.0
2023-04-27 21:23:20.0,1682601800000000000,607.5,606.0,606.0,3134.0,11.0,66810.0,611.0,10.0,634.0,16.0,653.0,1.0,988.0,1.0,,0.0,602.5,10.0,586.5,1.0,586.0,16.0,567.0,1.0,183.5,1.0
2023-04-27 21:23:49.0,1682601829000000000,607.5,606.0,606.0,3134.0,11.0,66810.0,611.0,20.0,634.0,16.0,653.0,1.0,988.0,1.0,,0.0,602.5,10.0,586.5,1.0,586.0,16.0,567.0,1.0,183.5,1.0
2023-04-27 21:23:50.75,1682601830750000000,607.5,606.0,606.0,3134.0,11.0,66810.0,609.5,10.0,611.0,10.0,634.0,16.0,653.0,1.0,988.0,1.0,601.5,10.0,586.5,1.0,586.0,16.0,567.0,1.0,183.5,1.0
2023-04-27 21:23:51.0,1682601831000000000,607.5,606.0,606.0,3134.0,11.0,66810.0,609.5,10.0,634.0,16.0,653.0,1.0,988.0,1.0,,0.0,601.5,10.0,586.5,1.0,586.0,16.0,567.0,1.0,183.5,1.0
2023-04-27 21:24:00.75,1682601840750000000,607.5,606.0,606.0,3134.0,11.0,66810.0,608.5,10.0,634.0,16.0,653.0,1.0,988.0,1.0,,0.0,600.0,10.0,586.5,1.0,586.0,16.0,567.0,1.0,183.5,1.0
2023-04-27 21:24:01.25,1682601841250000000,607.5,606.0,606.0,3134.0,11.0,66810.0,607.0,10.0,634.0,16.0,653.0,1.0,988.0,1.0,,0.0,598.5,10.0,586.5,1.0,586.0,16.0,567.0,1.0,183.5,1.0
2023-04-27 21:24:01.5,1682601841500000000,607.5,606.0,606.0,3134.0,11.0,66810.0,634.0,16.0,653.0,1.0,988.0,1.0,,0.0,,0.0,586.5,1.0,586.0,16.0,567.0,1.0,183.5,1.0,120.0,4.0
2023-04-27 21:24:01.75,1682601841750000000,607.5,606.0,606.0,3134.0,11.0,66810.0,633.5,10.0,634.0,16.0,653.0,1.0,988.0,1.0,,0.0,586.5,1.0,586.0,16.0,567.0,1.0,183.5,1.0,120.0,4.0
2023-04-27 21:24:02.0,1682601842000000000,607.5,606.0,606.0,3134.0,11.0,66810.0,608.5,10.0,633.5,10.0,634.0,16.0,653.0,1.0,988.0,1.0,600.5,10.0,586.5,1.0,586.0,16.0,567.0,1.0,183.5,1.0
2023-04-27 21:24:02.25,1682601842250000000,607.5,606.0,606.0,3134.0,11.0,66810.0,608.5,10.0,634.0,16.0,653.0,1.0,988.0,1.0,,0.0,600.5,10.0,586.5,1.0,586.0,16.0,567.0,1.0,183.5,1.0
2023-04-27 21:24:02.5,1682601842500000000,607.5,606.0,606.0,3134.0,11.0,66810.0,607.5,10.0,634.0,16.0,653.0,1.0,988.0,1.0,,0.0,599.0,10.0,586.5,1.0,586.0,16.0,567.0,1.0,183.5,1.0
2023-04-27 21:24:02.75,1682601842750000000,607.5,606.0,606.0,3134.0,11.0,66810.0,607.0,10.0,634.0,16.0,653.0,1.0,988.0,1.0,,0.0,586.5,1.0,586.0,16.0,567.0,1.0,183.5,1.0,120.0,4.0
2023-04-27 21:24:05.0,1682601845000000000,607.5,606.0,606.0,3134.0,11.0,66810.0,606.0,10.0,607.0,10.0,634.0,16.0,653.0,1.0,988.0,1.0,596.5,10.0,586.5,1.0,586.0,16.0,567.0,1.0,183.5,1.0
2023-04-27 21:24:05.25,1682601845250000000,607.5,606.0,606.0,3134.0,11.0,66810.0,606.0,10.0,634.0,16.0,653.0,1.0,988.0,1.0,,0.0,596.5,10.0,586.5,1.0,586.0,16.0,567.0,1.0,183.5,1.0
2023-04-27 21:24:12.5,1682601852500000000,607.5,606.0,606.0,3134.0,11.0,66810.0,607.5,10.0,634.0,16.0,653.0,1.0,988.0,1.0,,0.0,599.0,10.0,586.5,1.0,586.0,16.0,567.0,1.0,183.5,1.0
2023-04-27 21:24:22.75,1682601862750000000,607.5,606.0,606.0,3134.0,11.0,66810.0,606.0,10.0,634.0,16.0,653.0,1.0,988.0,1.0,,0.0,597.5,10.0,586.5,1.0,586.0,16.0,567.0,1.0,183.5,1.0
2023-04-27 21:24:36.5,1682601876500000000,607.5,606.0,606.0,3134.0,11.0,66810.0,607.0,10.0,634.0,16.0,653.0,1.0,988.0,1.0,,0.0,598.5,10.0,586.5,1.0,586.0,16.0,567.0,1.0,183.5,1.0
2023-04-27 21:24:40.25,1682601880250000000,607.5,606.0,606.0,3134.0,11.0,66810.0,608.0,10.0,634.0,16.0,653.0,1.0,988.0,1.0,,0.0,599.5,10.0,586.5,1.0,586.0,16.0,567.0,1.0,183.5,1.0
2023-04-27 21:24:40.5,1682601880500000000,607.5,606.0,606.0,3134.0,11.0,66810.0,608.0,20.0,634.0,16.0,653.0,1.0,988.0,1.0,,0.0,599.5,10.0,586.5,1.0,586.0,16.0,567.0,1.0,183.5,1.0
2023-04-27 21:24:41.5,1682601881500000000,607.5,606.0,606.0,3134.0,11.0,66810.0,608.0,10.0,634.0,16.0,653.0,1.0,988.0,1.0,,0.0,599.5,10.0,586.5,1.0,586.0,16.0,567.0,1.0,183.5,1.0
2023-04-27 21:24:49.75,1682601889750000000,607.5,606.0,606.0,3134.0,11.0,66810.0,606.5,10.0,634.0,16.0,653.0,1.0,988.0,1.0,,0.0,598.0,10.0,586.5,1.0,586.0,16.0,567.0,1.0,183.5,1.0
2023-04-27 21:24:50.0,1682601890000000000,607.5,606.0,606.0,3134.0,11.0,66810.0,606.5,20.0,634.0,16.0,653.0,1.0,988.0,1.0,,0.0,598.0,10.0,586.5,1.0,586.0,16.0,567.0,1.0,183.5,1.0
2023-04-27 21:24:50.25,1682601890250000000,607.5,606.0,606.0,3134.0,11.0,66810.0,606.5,10.0,634.0,16.0,653.0,1.0,988.0,1.0,,0.0,598.0,10.0,586.5,1.0,586.0,16.0,567.0,1.0,183.5,1.0
2023-04-27 21:24:54.5,1682601894500000000,607.5,606.0,606.0,3134.0,11.0,66810.0,605.0,10.0,634.0,16.0,653.0,1.0,988.0,1.0,,0.0,597.0,10.0,586.5,1.0,586.0,16.0,567.0,1.0,183.5,1.0
2023-04-27 21:24:58.5,1682601898500000000,607.5,606.0,606.0,3134.0,11.0,66810.0,603.5,10.0,634.0,16.0,653.0,1.0,988.0,1.0,,0.0,595.5,10.0,586.5,1.0,586.0,16.0,567.0,1.0,183.5,1.0
2023-04-27 21:24:59.75,1682601899750000000,607.5,606.0,606.0,3134.0,11.0,66810.0,605.0,10.0,634.0,16.0,653.0,1.0,988.0,1.0,,0.0,596.5,10.0,586.5,1.0,586.0,16.0,567.0,1.0,183.5,1.0
2023-04-27 21:25:05.5,1682601905500000000,607.5,606.0,606.0,3134.0,11.0,66810.0,606.0,10.0,634.0,16.0,653.0,1.0,988.0,1.0,,0.0,597.5,10.0,586.5,1.0,586.0,16.0,567.0,1.0,183.5,1.0
2023-04-27 21:25:05.75,1682601905750000000,607.5,606.0,606.0,3134.0,11.0,66810.0,606.0,20.0,634.0,16.0,653.0,1.0,988.0,1.0,,0.0,597.5,10.0,586.5,1.0,586.0,16.0,567.0,1.0,183.5,1.0
2023-04-27 21:25:08.25,1682601908250000000,607.5,606.0,606.0,3134.0,11.0,66810.0,606.0,10.0,634.0,16.0,653.0,1.0,988.0,1.0,,0.0,597.5,10.0,586.5,1.0,586.0,16.0,567.0,1.0,183.5,1.0
2023-04-27 21:25:09.25,1682601909250000000,607.5,606.0,606.0,3134.0,11.0,66810.0,607.0,10.0,634.0,16.0,653.0,1.0,988.0,1.0,,0.0,598.5,10.0,586.5,1.0,586.0,16.0,567.0,1.0,183.5,1.0
2023-04-27 21:25:09.5,1682601909500000000,607.5,606.0,606.0,3134.0,11.0,66810.0,606.5,10.0,607.0,10.0,634.0,16.0,653.0,1.0,988.0,1.0,598.5,10.0,586.5,1.0,586.0,16.0,567.0,1.0,183.5,1.0
2023-04-27 21:25:11.5,1682601911500000000,607.5,606.0,606.0,3134.0,11.0,66810.0,607.0,10.0,634.0,16.0,653.0,1.0,988.0,1.0,,0.0,598.5,10.0,586.5,1.0,586.0,16.0,567.0,1.0,183.5,1.0
2023-04-27 21:25:18.75,1682601918750000000,607.5,606.0,606.0,3134.0,11.0,66810.0,634.0,16.0,653.0,1.0,988.0,1.0,,0.0,,0.0,586.5,1.0,586.0,16.0,567.0,1.0,183.5,1.0,120.0,4.0
2023-04-27 21:25:19.0,1682601919000000000,607.5,606.0,606.0,3134.0,11.0,66810.0,610.0,10.0,633.5,10.0,634.0,16.0,653.0,1.0,988.0,1.0,600.5,10.0,586.5,1.0,586.0,16.0,567.0,1.0,183.5,1.0
2023-04-27 21:25:19.25,1682601919250000000,607.5,606.0,606.0,3134.0,11.0,66810.0,610.0,10.0,634.0,16.0,653.0,1.0,988.0,1.0,,0.0,600.5,10.0,586.5,1.0,586.0,16.0,567.0,1.0,183.5,1.0
2023-04-27 21:25:19.5,1682601919500000000,607.5,606.0,606.0,3134.0,11.0,66810.0,609.5,10.0,610.0,10.0,634.0,16.0,653.0,1.0,988.0,1.0,600.5,10.0,586.5,1.0,586.0,16.0,567.0,1.0,183.5,1.0
2023-04-27 21:25:20.25,1682601920250000000,607.5,606.0,606.0,3134.0,11.0,66810.0,609.0,10.0,609.5,10.0,634.0,16.0,653.0,1.0,988.0,1.0,600.5,10.0,586.5,1.0,586.0,16.0,567.0,1.0,183.5,1.0
2023-04-27 21:25:20.5,1682601920500000000,607.5,606.0,606.0,3134.0,11.0,66810.0,609.0,10.0,634.0,16.0,653.0,1.0,988.0,1.0,,0.0,600.5,10.0,586.5,1.0,586.0,16.0,567.0,1.0,183.5,1.0
2023-04-27 21:25:20.75,1682601920750000000,607.5,606.0,606.0,3134.0,11.0,66810.0,608.5,10.0,609.0,10.0,634.0,16.0,653.0,1.0,988.0,1.0,600.5,10.0,586.5,1.0,586.0,16.0,567.0,1.0,183.5,1.0
2023-04-27 21:25:23.0,1682601923000000000,607.5,606.0,606.0,3134.0,11.0,66810.0,609.0,10.0,634.0,16.0,653.0,1.0,988.0,1.0,,0.0,600.5,10.0,586.5,1.0,586.0,16.0,567.0,1.0,183.5,1.0
2023-04-27 21:25:23.25,1682601923250000000,607.5,606.0,606.0,3134.0,11.0,66810.0,609.0,20.0,634.0,16.0,653.0,1.0,988.0,1.0,,0.0,600.5,10.0,586.5,1.0,586.0,16.0,567.0,1.0,183.5,1.0
2023-04-27 21:25:25.75,1682601925750000000,607.5,606.0,606.0,3134.0,11.0,66810.0,610.0,10.0,634.0,16.0,653.0,1.0,988.0,1.0,,0.0,601.5,10.0,586.5,1.0,586.0,16.0,567.0,1.0,183.5,1.0
2023-04-27 21:25:26.0,1682601926000000000,607.5,606.0,606.0,3134.0,11.0,66810.0,609.5,10.0,610.0,10.0,634.0,16.0,653.0,1.0,988.0,1.0,601.5,10.0,586.5,1.0,586.0,16.0,567.0,1.0,183.5,1.0
2023-04-27 21:25:42.75,1682601942750000000,607.5,606.0,606.0,3134.0,11.0,66810.0,608.5,10.0,609.5,10.0,634.0,16.0,653.0,1.0,988.0,1.0,600.5,10.0,586.5,1.0,586.0,16.0,567.0,1.0,183.5,1.0
2023-04-27 21:25:43.0,1682601943000000000,607.5,606.0,606.0,3134.0,11.0,66810.0,608.5,10.0,634.0,16.0,653.0,1.0,988.0,1.0,,0.0,600.5,10.0,586.5,1.0,586.0,16.0,567.0,1.0,183.5,1.0
2023-04-27 21:25:43.25,1682601943250000000,607.5,606.0,606.0,3134.0,11.0,66810.0,608.0,10.0,608.5,10.0,634.0,16.0,653.0,1.0,988.0,1.0,600.5,10.0,586.5,1.0,586.0,16.0,567.0,1.0,183.5,1.0
2023-04-27 21:25:44.0,1682601944000000000,607.5,606.0,606.0,3134.0,11.0,66810.0,608.5,10.0,634.0,16.0,653.0,1.0,988.0,1.0,,0.0,600.5,10.0,586.5,1.0,586.0,16.0,567.0,1.0,183.5,1.0
2023-04-27 21:25:44.25,1682601944250000000,607.5,606.0,606.0,3134.0,11.0,66810.0,608.5,20.0,634.0,16.0,653.0,1.0,988.0,1.0,,0.0,600.5,10.0,586.5,1.0,586.0,16.0,567.0,1.0,183.5,1.0
2023-04-27 21:25:48.75,1682601948750000000,607.5,606.0,606.0,3134.0,11.0,66810.0,608.5,10.0,634.0,16.0,653.0,1.0,988.0,1.0,,0.0,600.5,10.0,586.5,1.0,586.0,16.0,567.0,1.0,183.5,1.0
2023-04-27 21:25:53.0,1682601953000000000,607.5,606.0,606.0,3134.0,11.0,66810.0,610.0,10.0,634.0,16.0,653.0,1.0,988.0,1.0,,0.0,601.5,10.0,586.5,1.0,586.0,16.0,567.0,1.0,183.5,1.0
2023-04-27 21:25:53.25,1682601953250000000,607.5,606.0,606.0,3134.0,11.0,66810.0,609.5,10.0,610.0,10.0,634.0,16.0,653.0,1.0,988.0,1.0,601.5,10.0,586.5,1.0,586.0,16.0,567.0,1.0,183.5,1.0
2023-04-27 21:26:07.75,1682601967750000000,607.5,606.0,606.0,3134.0,11.0,66810.0,608.0,10.0,609.5,10.0,634.0,16.0,653.0,1.0,988.0,1.0,600.0,10.0,586.5,1.0,586.0,16.0,567.0,1.0,183.5,1.0
2023-04-27 21:26:08.0,1682601968000000000,607.5,606.0,606.0,3134.0,11.0,66810.0,608.0,10.0,634.0,16.0,653.0,1.0,988.0,1.0,,0.0,600.0,10.0,586.5,1.0,586.0,16.0,567.0,1.0,183.5,1.0
2023-04-27 21:26:21.5,1682601981500000000,607.5,606.0,606.0,3134.0,11.0,66810.0,634.0,16.0,653.0,1.0,988.0,1.0,,0.0,,0.0,586.5,1.0,586.0,16.0,567.0,1.0,183.5,1.0,120.0,4.0
2023-04-27 21:26:21.75,1682601981750000000,607.5,606.0,606.0,3134.0,11.0,66810.0,633.5,10.0,634.0,16.0,653.0,1.0,988.0,1.0,,0.0,586.5,1.0,586.0,16.0,567.0,1.0,183.5,1.0,120.0,4.0
2023-04-27 21:26:30.75,1682601990750000000,607.5,606.0,606.0,3134.0,11.0,66810.0,616.0,10.0,633.5,10.0,634.0,16.0,653.0,1.0,988.0,1.0,592.0,10.0,586.5,1.0,586.0,16.0,567.0,1.0,183.5,1.0
2023-04-27 21:26:31.0,1682601991000000000,607.5,606.0,606.0,3134.0,11.0,66810.0,616.0,10.0,634.0,16.0,653.0,1.0,988.0,1.0,,0.0,592.0,10.0,586.5,1.0,586.0,16.0,567.0,1.0,183.5,1.0
2023-04-27 21:26:31.25,1682601991250000000,607.5,606.0,606.0,3134.0,11.0,66810.0,615.5,10.0,616.0,10.0,634.0,16.0,653.0,1.0,988.0,1.0,592.0,10.0,586.5,1.0,586.0,16.0,567.0,1.0,183.5,1.0
2023-04-27 21:26:31.75,1682601991750000000,607.5,606.0,606.0,3134.0,11.0,66810.0,609.0,10.0,615.5,10.0,634.0,16.0,653.0,1.0,988.0,1.0,601.0,10.0,586.5,1.0,586.0,16.0,567.0,1.0,183.5,1.0
2023-04-27 21:26:32.0,1682601992000000000,607.5,606.0,606.0,3134.0,11.0,66810.0,609.0,10.0,634.0,16.0,653.0,1.0,988.0,1.0,,0.0,601.0,10.0,586.5,1.0,586.0,16.0,567.0,1.0,183.5,1.0
2023-04-27 21:26:32.25,1682601992250000000,607.5,606.0,606.0,3134.0,11.0,66810.0,608.5,10.0,609.0,10.0,634.0,16.0,653.0,1.0,988.0,1.0,601.0,10.0,586.5,1.0,586.0,16.0,567.0,1.0,183.5,1.0
2023-04-27 21:26:38.0,1682601998000000000,607.5,606.0,606.0,3134.0,11.0,66810.0,608.0,10.0,608.5,10.0,634.0,16.0,653.0,1.0,988.0,1.0,599.5,10.0,586.5,1.0,586.0,16.0,567.0,1.0,183.5,1.0
2023-04-27 21:26:38.25,1682601998250000000,607.5,606.0,606.0,3134.0,11.0,66810.0,608.0,10.0,634.0,16.0,653.0,1.0,988.0,1.0,,0.0,599.5,10.0,586.5,1.0,586.0,16.0,567.0,1.0,183.5,1.0
2023-04-27 21:26:38.5,1682601998500000000,607.5,606.0,606.0,3134.0,11.0,66810.0,607.5,10.0,608.0,10.0,634.0,16.0,653.0,1.0,988.0,1.0,599.5,10.0,586.5,1.0,586.0,16.0,567.0,1.0,183.5,1.0
2023-04-27 21:26:45.75,1682602005750000000,607.5,606.0,606.0,3134.0,11.0,66810.0,608.0,10.0,634.0,16.0,653.0,1.0,988.0,1.0,,0.0,599.5,10.0,586.5,1.0,586.0,16.0,567.0,1.0,183.5,1.0
2023-04-27 21:26:46.0,1682602006000000000,607.5,606.0,606.0,3134.0,11.0,66810.0,608.0,20.0,634.0,16.0,653.0,1.0,988.0,1.0,,0.0,599.5,10.0,586.5,1.0,586.0,16.0,567.0,1.0,183.5,1.0
2023-04-27 21:26:52.5,1682602012500000000,607.5,606.0,606.0,3134.0,11.0,66810.0,608.0,10.0,608.5,10.0,634.0,16.0,653.0,1.0,988.0,1.0,600.5,10.0,586.5,1.0,586.0,16.0,567.0,1.0,183.5,1.0
2023-04-27 21:26:59.25,1682602019250000000,607.5,606.0,606.0,3134.0,11.0,66810.0,608.5,10.0,634.0,16.0,653.0,1.0,988.0,1.0,,0.0,600.5,10.0,586.5,1.0,586.0,16.0,567.0,1.0,183.5,1.0
2023-04-27 21:26:59.5,1682602019500000000,607.5,606.0,606.0,3134.0,11.0,66810.0,608.5,20.0,634.0,16.0,653.0,1.0,988.0,1.0,,0.0,600.5,10.0,586.5,1.0,586.0,16.0,567.0,1.0,183.5,1.0
2023-04-27 21:27:15.25,1682602035250000000,607.5,606.0,606.0,3134.0,11.0,66810.0,608.0,10.0,608.5,10.0,634.0,16.0,653.0,1.0,988.0,1.0,598.5,10.0,586.5,1.0,586.0,16.0,567.0,1.0,183.5,1.0
2023-04-27 21:27:15.5,1682602035500000000,607.5,606.0,606.0,3134.0,11.0,66810.0,608.0,10.0,634.0,16.0,653.0,1.0,988.0,1.0,,0.0,598.5,10.0,586.5,1.0,586.0,16.0,567.0,1.0,183.5,1.0
2023-04-27 21:27:15.75,1682602035750000000,607.5,606.0,606.0,3134.0,11.0,66810.0,607.5,10.0,608.0,10.0,634.0,16.0,653.0,1.0,988.0,1.0,598.5,10.0,586.5,1.0,586.0,16.0,567.0,1.0,183.5,1.0
2023-04-27 21:27:22.0,1682602042000000000,607.5,606.0,606.0,3134.0,11.0,66810.0,608.0,10.0,634.0,16.0,653.0,1.0,988.0,1.0,,0.0,598.5,10.0,586.5,1.0,586.0,16.0,567.0,1.0,183.5,1.0
2023-04-27 21:27:22.25,1682602042250000000,607.5,606.0,606.0,3134.0,11.0,66810.0,608.0,20.0,634.0,16.0,653.0,1.0,988.0,1.0,,0.0,598.5,10.0,586.5,1.0,586.0,16.0,567.0,1.0,183.5,1.0
2023-04-27 21:27:31.5,1682602051500000000,607.5,606.0,606.0,3134.0,11.0,66810.0,608.0,10.0,609.0,10.0,634.0,16.0,653.0,1.0,988.0,1.0,599.5,10.0,586.5,1.0,586.0,16.0,567.0,1.0,183.5,1.0
2023-04-27 21:27:37.25,1682602057250000000,607.5,606.0,606.0,3134.0,11.0,66810.0,610.5,10.0,634.0,16.0,653.0,1.0,988.0,1.0,,0.0,601.0,10.0,586.5,1.0,586.0,16.0,567.0,1.0,183.5,1.0
2023-04-27 21:27:37.5,1682602057500000000,607.5,606.0,606.0,3134.0,11.0,66810.0,610.0,10.0,610.5,10.0,634.0,16.0,653.0,1.0,988.0,1.0,601.0,10.0,586.5,1.0,586.0,16.0,567.0,1.0,183.5,1.0
2023-04-27 21:28:07.75,1682602087750000000,607.5,606.0,606.0,3134.0,11.0,66810.0,609.0,10.0,610.0,10.0,634.0,16.0,653.0,1.0,988.0,1.0,599.5,10.0,586.5,1.0,586.0,16.0,567.0,1.0,183.5,1.0
2023-04-27 21:28:08.0,1682602088000000000,607.5,606.0,606.0,3134.0,11.0,66810.0,609.0,10.0,634.0,16.0,653.0,1.0,988.0,1.0,,0.0,599.5,10.0,586.5,1.0,586.0,16.0,567.0,1.0,183.5,1.0
2023-04-27 21:28:08.25,1682602088250000000,607.5,606.0,606.0,3134.0,11.0,66810.0,609.0,20.0,634.0,16.0,653.0,1.0,988.0,1.0,,0.0,599.5,10.0,586.5,1.0,586.0,16.0,567.0,1.0,183.5,1.0
2023-04-27 21:28:08.5,1682602088500000000,607.5,606.0,606.0,3134.0,11.0,66810.0,611.0,10.0,634.0,16.0,653.0,1.0,988.0,1.0,,0.0,601.0,10.0,586.5,1.0,586.0,16.0,567.0,1.0,183.5,1.0
2023-04-27 21:28:08.75,1682602088750000000,607.5,606.0,606.0,3134.0,11.0,66810.0,610.5,10.0,611.0,10.0,634.0,16.0,653.0,1.0,988.0,1.0,601.0,10.0,586.5,1.0,586.0,16.0,567.0,1.0,183.5,1.0
2023-04-27 21:28:12.25,1682602092250000000,607.5,606.0,606.0,3134.0,11.0,66810.0,611.0,10.0,634.0,16.0,653.0,1.0,988.0,1.0,,0.0,601.0,10.0,586.5,1.0,586.0,16.0,567.0,1.0,183.5,1.0
2023-04-27 21:28:12.5,1682602092500000000,607.5,606.0,606.0,3134.0,11.0,66810.0,611.0,20.0,634.0,16.0,653.0,1.0,988.0,1.0,,0.0,601.0,10.0,586.5,1.0,586.0,16.0,567.0,1.0,183.5,1.0
2023-04-27 21:28:12.75,1682602092750000000,607.5,606.0,606.0,3134.0,11.0,66810.0,611.0,10.0,612.0,10.0,634.0,16.0,653.0,1.0,988.0,1.0,602.0,10.0,586.5,1.0,586.0,16.0,567.0,1.0,183.5,1.0
2023-04-27 21:28:15.5,1682602095500000000,607.5,606.0,606.0,3134.0,11.0,66810.0,612.0,10.0,634.0,16.0,653.0,1.0,988.0,1.0,,0.0,602.0,10.0,586.5,1.0,586.0,16.0,567.0,1.0,183.5,1.0
2023-04-27 21:28:15.75,1682602095750000000,607.5,606.0,606.0,3134.0,11.0,66810.0,612.0,20.0,634.0,16.0,653.0,1.0,988.0,1.0,,0.0,602.0,10.0,586.5,1.0,586.0,16.0,567.0,1.0,183.5,1.0
2023-04-27 21:28:16.25,1682602096250000000,607.5,606.0,606.0,3134.0,11.0,66810.0,634.0,16.0,653.0,1.0,988.0,1.0,,0.0,,0.0,586.5,1.0,586.0,16.0,567.0,1.0,183.5,1.0,120.0,4.0
2023-04-27 21:28:16.5,1682602096500000000,607.5,606.0,606.0,3134.0,11.0,66810.0,633.5,10.0,634.0,16.0,653.0,1.0,988.0,1.0,,0.0,586.5,1.0,586.0,16.0,567.0,1.0,183.5,1.0,120.0,4.0
2023-04-27 21:28:16.75,1682602096750000000,607.5,606.0,606.0,3134.0,11.0,66810.0,615.0,10.0,633.5,10.0,634.0,16.0,653.0,1.0,988.0,1.0,604.0,10.0,586.5,1.0,586.0,16.0,567.0,1.0,183.5,1.0
2023-04-27 21:28:17.0,1682602097000000000,607.5,606.0,606.0,3134.0,11.0,66810.0,615.0,10.0,634.0,16.0,653.0,1.0,988.0,1.0,,0.0,604.0,10.0,586.5,1.0,586.0,16.0,567.0,1.0,183.5,1.0
2023-04-27 21:28:17.25,1682602097250000000,607.5,606.0,606.0,3134.0,11.0,66810.0,614.5,10.0,615.0,10.0,634.0,16.0,653.0,1.0,988.0,1.0,604.0,10.0,586.5,1.0,586.0,16.0,567.0,1.0,183.5,1.0
2023-04-27 21:28:18.5,1682602098500000000,607.5,606.0,606.0,3134.0,11.0,66810.0,614.5,10.0,634.0,16.0,653.0,1.0,988.0,1.0,,0.0,586.5,1.0,586.0,16.0,567.0,1.0,183.5,1.0,120.0,4.0
2023-04-27 21:28:18.75,1682602098750000000,607.5,606.0,606.0,3134.0,11.0,66810.0,614.5,10.0,616.0,10.0,634.0,16.0,653.0,1.0,988.0,1.0,605.0,10.0,586.5,1.0,586.0,16.0,567.0,1.0,183.5,1.0
2023-04-27 21:28:27.5,1682602107500000000,607.5,606.0,606.0,3134.0,11.0,66810.0,616.0,10.0,634.0,16.0,653.0,1.0,988.0,1.0,,0.0,605.0,10.0,586.5,1.0,586.0,16.0,567.0,1.0,183.5,1.0
2023-04-27 21:28:27.75,1682602107750000000,607.5,606.0,606.0,3134.0,11.0,66810.0,615.5,10.0,616.0,10.0,634.0,16.0,653.0,1.0,988.0,1.0,605.0,10.0,586.5,1.0,586.0,16.0,567.0,1.0,183.5,1.0
2023-04-27 21:28:29.0,1682602109000000000,607.5,606.0,606.0,3134.0,11.0,66810.0,615.5,10.0,616.5,10.0,634.0,16.0,653.0,1.0,988.0,1.0,606.5,10.0,586.5,1.0,586.0,16.0,567.0,1.0,183.5,1.0
2023-04-27 21:28:43.75,1682602123750000000,607.5,606.0,606.0,3134.0,11.0,66810.0,615.0,10.0,615.5,10.0,634.0,16.0,653.0,1.0,988.0,1.0,605.5,10.0,586.5,1.0,586.0,16.0,567.0,1.0,183.5,1.0
2023-04-27 21:28:44.0,1682602124000000000,607.5,606.0,606.0,3134.0,11.0,66810.0,615.0,10.0,634.0,16.0,653.0,1.0,988.0,1.0,,0.0,605.5,10.0,586.5,1.0,586.0,16.0,567.0,1.0,183.5,1.0
2023-04-27 21:28:44.25,1682602124250000000,607.5,606.0,606.0,3134.0,11.0,66810.0,614.5,10.0,615.0,10.0,634.0,16.0,653.0,1.0,988.0,1.0,605.5,10.0,586.5,1.0,586.0,16.0,567.0,1.0,183.5,1.0
2023-04-27 21:28:58.0,1682602138000000000,607.5,606.0,606.0,3134.0,11.0,66810.0,614.5,10.0,615.0,10.0,634.0,16.0,653.0,1.0,988.0,1.0,605.5,10.0,586.5,1.0,586.0,16.0,183.5,1.0,120.0,4.0
2023-04-27 21:29:26.5,1682602166500000000,607.5,606.0,606.0,3134.0,11.0,66810.0,615.0,10.0,634.0,16.0,653.0,1.0,988.0,1.0,,0.0,605.5,10.0,586.5,1.0,586.0,16.0,183.5,1.0,120.0,4.0
2023-04-27 21:29:26.75,1682602166750000000,607.5,606.0,606.0,3134.0,11.0,66810.0,615.0,20.0,634.0,16.0,653.0,1.0,988.0,1.0,,0.0,605.5,10.0,586.5,1.0,586.0,16.0,183.5,1.0,120.0,4.0
2023-04-27 21:29:44.0,1682602184000000000,607.5,606.0,606.0,3134.0,11.0,66810.0,613.5,10.0,615.0,10.0,634.0,16.0,653.0,1.0,988.0,1.0,603.5,10.0,586.5,1.0,586.0,16.0,183.5,1.0,120.0,4.0
2023-04-27 21:29:44.25,1682602184250000000,607.5,606.0,606.0,3134.0,11.0,66810.0,613.5,10.0,634.0,16.0,653.0,1.0,988.0,1.0,,0.0,603.5,10.0,586.5,1.0,586.0,16.0,183.5,1.0,120.0,4.0
2023-04-27 21:29:44.5,1682602184500000000,607.5,606.0,606.0,3134.0,11.0,66810.0,613.0,10.0,613.5,10.0,634.0,16.0,653.0,1.0,988.0,1.0,603.5,10.0,586.5,1.0,586.0,16.0,183.5,1.0,120.0,4.0
2023-04-27 21:29:56.0,1682602196000000000,607.5,606.0,606.0,3134.0,11.0,66810.0,613.5,10.0,634.0,16.0,653.0,1.0,988.0,1.0,,0.0,603.5,10.0,586.5,1.0,586.0,16.0,183.5,1.0,120.0,4.0
2023-04-27 21:29:56.25,1682602196250000000,607.5,606.0,606.0,3134.0,11.0,66810.0,613.0,10.0,613.5,10.0,634.0,16.0,653.0,1.0,988.0,1.0,603.5,10.0,586.5,1.0,586.0,16.0,183.5,1.0,120.0,4.0
2023-04-27 21:29:56.5,1682602196500000000,607.5,606.0,606.0,3134.0,11.0,66810.0,613.5,10.0,634.0,16.0,653.0,1.0,988.0,1.0,,0.0,603.5,10.0,586.5,1.0,586.0,16.0,183.5,1.0,120.0,4.0
2023-04-27 21:29:56.75,1682602196750000000,607.5,606.0,606.0,3134.0,11.0,66810.0,613.5,20.0,634.0,16.0,653.0,1.0,988.0,1.0,,0.0,603.5,10.0,586.5,1.0,586.0,16.0,183.5,1.0,120.0,4.0
2023-04-27 21:30:02.75,1682602202750000000,607.5,606.0,606.0,3134.0,11.0,66810.0,613.5,10.0,614.5,10.0,634.0,16.0,653.0,1.0,988.0,1.0,605.0,10.0,586.5,1.0,586.0,16.0,183.5,1.0,120.0,4.0
2023-04-27 21:30:03.75,1682602203750000000,607.5,606.0,606.0,3134.0,11.0,66810.0,614.5,10.0,634.0,16.0,653.0,1.0,988.0,1.0,,0.0,605.0,10.0,586.5,1.0,586.0,16.0,183.5,1.0,120.0,4.0
2023-04-27 21:30:04.0,1682602204000000000,607.5,606.0,606.0,3134.0,11.0,66810.0,614.0,10.0,614.5,10.0,634.0,16.0,653.0,1.0,988.0,1.0,605.0,10.0,586.5,1.0,586.0,16.0,183.5,1.0,120.0,4.0
2023-04-27 21:30:04.5,1682602204500000000,607.5,606.0,606.0,3134.0,11.0,66810.0,614.5,10.0,634.0,16.0,653.0,1.0,988.0,1.0,,0.0,605.0,10.0,586.5,1.0,586.0,16.0,183.5,1.0,120.0,4.0
2023-04-27 21:30:04.75,1682602204750000000,607.5,606.0,606.0,3134.0,11.0,66810.0,614.5,20.0,634.0,16.0,653.0,1.0,988.0,1.0,,0.0,605.0,10.0,586.5,1.0,586.0,16.0,183.5,1.0,120.0,4.0
2023-04-27 21:30:16.25,1682602216250000000,607.5,606.0,606.0,3134.0,11.0,66810.0,614.5,10.0,634.0,16.0,653.0,1.0,988.0,1.0,,0.0,605.0,10.0,586.5,1.0,586.0,16.0,183.5,1.0,120.0,4.0
2023-04-27 21:30:18.5,1682602218500000000,607.5,606.0,606.0,3134.0,11.0,66810.0,616.5,10.0,634.0,16.0,653.0,1.0,988.0,1.0,,0.0,606.5,10.0,586.5,1.0,586.0,16.0,183.5,1.0,120.0,4.0
2023-04-27 21:30:18.75,1682602218750000000,607.5,606.0,606.0,3134.0,11.0,66810.0,616.0,10.0,616.5,10.0,634.0,16.0,653.0,1.0,988.0,1.0,606.5,10.0,586.5,1.0,586.0,16.0,183.5,1.0,120.0,4.0
2023-04-27 21:30:27.25,1682602227250000000,607.5,606.0,606.0,3134.0,11.0,66810.0,615.0,10.0,616.0,10.0,634.0,16.0,653.0,1.0,988.0,1.0,605.5,10.0,586.5,1.0,586.0,16.0,183.5,1.0,120.0,4.0
2023-04-27 21:30:27.5,1682602227500000000,607.5,606.0,606.0,3134.0,11.0,66810.0,615.0,10.0,634.0,16.0,653.0,1.0,988.0,1.0,,0.0,605.5,10.0,586.5,1.0,586.0,16.0,183.5,1.0,120.0,4.0
2023-04-27 21:30:27.75,1682602227750000000,607.5,606.0,606.0,3134.0,11.0,66810.0,614.5,10.0,615.0,10.0,634.0,16.0,653.0,1.0,988.0,1.0,605.5,10.0,586.5,1.0,586.0,16.0,183.5,1.0,120.0,4.0
2023-04-27 21:30:39.25,1682602239250000000,607.5,606.0,606.0,3134.0,11.0,66810.0,615.0,10.0,634.0,16.0,653.0,1.0,988.0,1.0,,0.0,605.5,10.0,586.5,1.0,586.0,16.0,183.5,1.0,120.0,4.0
2023-04-27 21:30:39.5,1682602239500000000,607.5,606.0,606.0,3134.0,11.0,66810.0,614.5,10.0,615.0,10.0,634.0,16.0,653.0,1.0,988.0,1.0,605.5,10.0,586.5,1.0,586.0,16.0,183.5,1.0,120.0,4.0
2023-04-27 21:30:42.75,1682602242750000000,607.5,606.0,606.0,3134.0,11.0,66810.0,615.0,10.0,634.0,16.0,653.0,1.0,988.0,1.0,,0.0,605.5,10.0,586.5,1.0,586.0,16.0,183.5,1.0,120.0,4.0
2023-04-27 21:30:43.0,1682602243000000000,607.5,606.0,606.0,3134.0,11.0,66810.0,615.0,20.0,634.0,16.0,653.0,1.0,988.0,1.0,,0.0,605.5,10.0,586.5,1.0,586.0,16.0,183.5,1.0,120.0,4.0
2023-04-27 21:30:56.0,1682602256000000000,607.5,606.0,606.0,3134.0,11.0,66810.0,613.5,10.0,615.0,10.0,634.0,16.0,653.0,1.0,988.0,1.0,604.0,10.0,586.5,1.0,586.0,16.0,183.5,1.0,120.0,4.0
2023-04-27 21:30:56.25,1682602256250000000,607.5,606.0,606.0,3134.0,11.0,66810.0,613.5,10.0,634.0,16.0,653.0,1.0,988.0,1.0,,0.0,604.0,10.0,586.5,1.0,586.0,16.0,183.5,1.0,120.0,4.0
2023-04-27 21:30:56.5,1682602256500000000,607.5,606.0,606.0,3134.0,11.0,66810.0,613.0,10.0,613.5,10.0,634.0,16.0,653.0,1.0,988.0,1.0,604.0,10.0,586.5,1.0,586.0,16.0,183.5,1.0,120.0,4.0
2023-04-27 21:31:02.5,1682602262500000000,607.5,606.0,606.0,3134.0,11.0,66810.0,613.5,10.0,634.0,16.0,653.0,1.0,988.0,1.0,,0.0,604.0,10.0,586.5,1.0,586.0,16.0,183.5,1.0,120.0,4.0
2023-04-27 21:31:02.75,1682602262750000000,607.5,606.0,606.0,3134.0,11.0,66810.0,613.5,20.0,634.0,16.0,653.0,1.0,988.0,1.0,,0.0,604.0,10.0,586.5,1.0,586.0,16.0,183.5,1.0,120.0,4.0
2023-04-27 21:31:13.0,1682602273000000000,607.5,606.0,606.0,3134.0,11.0,66810.0,612.5,10.0,613.5,10.0,634.0,16.0,653.0,1.0,988.0,1.0,602.5,10.0,586.5,1.0,586.0,16.0,183.5,1.0,120.0,4.0
2023-04-27 21:31:13.25,1682602273250000000,607.5,606.0,606.0,3134.0,11.0,66810.0,612.5,10.0,634.0,16.0,653.0,1.0,988.0,1.0,,0.0,602.5,10.0,586.5,1.0,586.0,16.0,183.5,1.0,120.0,4.0
2023-04-27 21:31:13.5,1682602273500000000,607.5,606.0,606.0,3134.0,11.0,66810.0,612.0,10.0,612.5,10.0,634.0,16.0,653.0,1.0,988.0,1.0,602.5,10.0,586.5,1.0,586.0,16.0,183.5,1.0,120.0,4.0
2023-04-27 21:31:22.5,1682602282500000000,607.5,606.0,606.0,3134.0,11.0,66810.0,611.5,10.0,612.0,10.0,634.0,16.0,653.0,1.0,988.0,1.0,601.5,10.0,586.5,1.0,586.0,16.0,183.5,1.0,120.0,4.0
2023-04-27 21:31:22.75,1682602282750000000,607.5,606.0,606.0,3134.0,11.0,66810.0,611.5,10.0,634.0,16.0,653.0,1.0,988.0,1.0,,0.0,601.5,10.0,586.5,1.0,586.0,16.0,183.5,1.0,120.0,4.0
2023-04-27 21:31:23.0,1682602283000000000,607.5,606.0,606.0,3134.0,11.0,66810.0,611.5,20.0,634.0,16.0,653.0,1.0,988.0,1.0,,0.0,601.5,10.0,586.5,1.0,586.0,16.0,183.5,1.0,120.0,4.0
2023-04-27 21:31:28.75,1682602288750000000,607.5,606.0,606.0,3134.0,11.0,66810.0,612.5,10.0,634.0,16.0,653.0,1.0,988.0,1.0,,0.0,602.5,10.0,586.5,1.0,586.0,16.0,183.5,1.0,120.0,4.0
2023-04-27 21:31:29.0,1682602289000000000,607.5,606.0,606.0,3134.0,11.0,66810.0,612.0,10.0,612.5,10.0,634.0,16.0,653.0,1.0,988.0,1.0,602.5,10.0,586.5,1.0,586.0,16.0,183.5,1.0,120.0,4.0
2023-04-27 21:31:29.75,1682602289750000000,607.5,606.0,606.0,3134.0,11.0,66810.0,612.5,10.0,634.0,16.0,653.0,1.0,988.0,1.0,,0.0,602.5,10.0,586.5,1.0,586.0,16.0,183.5,1.0,120.0,4.0
2023-04-27 21:31:32.5,1682602292500000000,607.5,606.0,606.0,3134.0,11.0,66810.0,614.0,10.0,634.0,16.0,653.0,1.0,988.0,1.0,,0.0,604.5,10.0,586.5,1.0,586.0,16.0,183.5,1.0,120.0,4.0
2023-04-27 21:31:32.75,1682602292750000000,607.5,606.0,606.0,3134.0,11.0,66810.0,614.0,20.0,634.0,16.0,653.0,1.0,988.0,1.0,,0.0,604.5,10.0,586.5,1.0,586.0,16.0,183.5,1.0,120.0,4.0
2023-04-27 21:31:39.5,1682602299500000000,607.5,606.0,606.0,3134.0,11.0,66810.0,614.0,10.0,634.0,16.0,653.0,1.0,988.0,1.0,,0.0,604.5,10.0,586.5,1.0,586.0,16.0,183.5,1.0,120.0,4.0
2023-04-27 21:31:44.0,1682602304000000000,607.5,606.0,606.0,3134.0,11.0,66810.0,616.0,10.0,634.0,16.0,653.0,1.0,988.0,1.0,,0.0,606.5,10.0,586.5,1.0,586.0,16.0,183.5,1.0,120.0,4.0
2023-04-27 21:31:44.25,1682602304250000000,607.5,606.0,606.0,3134.0,11.0,66810.0,615.5,10.0,616.0,10.0,634.0,16.0,653.0,1.0,988.0,1.0,606.5,10.0,586.5,1.0,586.0,16.0,183.5,1.0,120.0,4.0
2023-04-27 21:31:49.25,1682602309250000000,607.5,606.0,606.0,3134.0,11.0,66810.0,614.5,10.0,615.5,10.0,634.0,16.0,653.0,1.0,988.0,1.0,605.0,10.0,586.5,1.0,586.0,16.0,183.5,1.0,120.0,4.0
2023-04-27 21:31:49.5,1682602309500000000,607.5,606.0,606.0,3134.0,11.0,66810.0,614.5,10.0,634.0,16.0,653.0,1.0,988.0,1.0,,0.0,605.0,10.0,586.5,1.0,586.0,16.0,183.5,1.0,120.0,4.0
2023-04-27 21:31:49.75,1682602309750000000,607.5,606.0,606.0,3134.0,11.0,66810.0,614.0,10.0,614.5,10.0,634.0,16.0,653.0,1.0,988.0,1.0,605.0,10.0,586.5,1.0,586.0,16.0,183.5,1.0,120.0,4.0
2023-04-27 21:32:12.0,1682602332000000000,607.5,606.0,606.0,3134.0,11.0,66810.0,634.0,16.0,653.0,1.0,988.0,1.0,,0.0,,0.0,586.5,1.0,586.0,16.0,183.5,1.0,120.0,4.0,111.0,10.0
2023-04-27 21:32:27.5,1682602347500000000,607.5,606.0,606.0,3134.0,11.0,66810.0,626.5,10.0,634.0,16.0,653.0,1.0,988.0,1.0,,0.0,603.0,10.0,586.5,1.0,586.0,16.0,183.5,1.0,120.0,4.0
2023-04-27 21:32:29.0,1682602349000000000,607.5,606.0,606.0,3134.0,11.0,66810.0,634.0,16.0,653.0,1.0,988.0,1.0,,0.0,,0.0,586.5,1.0,586.0,16.0,183.5,1.0,120.0,4.0,111.0,10.0
2023-04-27 21:32:30.75,1682602350750000000,607.5,606.0,606.0,3134.0,11.0,66810.0,619.0,10.0,634.0,16.0,653.0,1.0,988.0,1.0,,0.0,609.5,10.0,586.5,1.0,586.0,16.0,183.5,1.0,120.0,4.0
2023-04-27 21:32:31.75,1682602351750000000,607.5,606.0,606.0,3134.0,11.0,66810.0,617.5,10.0,634.0,16.0,653.0,1.0,988.0,1.0,,0.0,608.0,10.0,586.5,1.0,586.0,16.0,183.5,1.0,120.0,4.0
2023-04-27 21:32:34.0,1682602354000000000,607.5,606.0,606.0,3134.0,11.0,66810.0,619.5,10.0,634.0,16.0,653.0,1.0,988.0,1.0,,0.0,609.0,10.0,586.5,1.0,586.0,16.0,183.5,1.0,120.0,4.0
2023-04-27 21:32:34.25,1682602354250000000,607.5,606.0,606.0,3134.0,11.0,66810.0,618.0,10.0,634.0,16.0,653.0,1.0,988.0,1.0,,0.0,608.0,10.0,586.5,1.0,586.0,16.0,183.5,1.0,120.0,4.0
2023-04-27 21:32:37.5,1682602357500000000,607.5,606.0,606.0,3134.0,11.0,66810.0,619.5,10.0,634.0,16.0,653.0,1.0,988.0,1.0,,0.0,610.0,10.0,586.5,1.0,586.0,16.0,183.5,1.0,120.0,4.0
2023-04-27 21:32:47.75,1682602367750000000,607.5,606.0,606.0,3134.0,11.0,66810.0,634.0,16.0,653.0,1.0,988.0,1.0,,0.0,,0.0,586.5,1.0,586.0,16.0,183.5,1.0,120.0,4.0,111.0,10.0
2023-04-27 21:32:48.0,1682602368000000000,607.5,606.0,606.0,3134.0,11.0,66810.0,621.5,10.0,634.0,16.0,653.0,1.0,988.0,1.0,,0.0,610.5,10.0,586.5,1.0,586.0,16.0,183.5,1.0,120.0,4.0
2023-04-27 21:32:50.75,1682602370750000000,607.5,606.0,606.0,3134.0,11.0,66810.0,620.5,10.0,634.0,16.0,653.0,1.0,988.0,1.0,,0.0,609.5,10.0,586.5,1.0,586.0,16.0,183.5,1.0,120.0,4.0
2023-04-27 21:32:53.75,1682602373750000000,607.5,606.0,606.0,3134.0,11.0,66810.0,620.5,10.0,634.0,16.0,653.0,1.0,988.0,1.0,,0.0,610.5,10.0,586.5,1.0,586.0,16.0,183.5,1.0,120.0,4.0
2023-04-27 21:32:56.75,1682602376750000000,607.5,606.0,606.0,3134.0,11.0,66810.0,620.0,10.0,620.5,10.0,634.0,16.0,653.0,1.0,988.0,1.0,610.5,10.0,586.5,1.0,586.0,16.0,183.5,1.0,120.0,4.0
2023-04-27 21:32:57.5,1682602377500000000,607.5,606.0,606.0,3134.0,11.0,66810.0,620.0,10.0,621.5,10.0,634.0,16.0,653.0,1.0,988.0,1.0,611.5,10.0,586.5,1.0,586.0,16.0,183.5,1.0,120.0,4.0
2023-04-27 21:32:58.75,1682602378750000000,607.5,606.0,606.0,3134.0,11.0,66810.0,621.5,10.0,634.0,16.0,653.0,1.0,988.0,1.0,,0.0,611.5,10.0,586.5,1.0,586.0,16.0,183.5,1.0,120.0,4.0
2023-04-27 21:32:59.0,1682602379000000000,607.5,606.0,606.0,3134.0,11.0,66810.0,621.0,10.0,622.5,10.0,634.0,16.0,653.0,1.0,988.0,1.0,612.5,10.0,586.5,1.0,586.0,16.0,183.5,1.0,120.0,4.0
2023-04-27 21:33:01.5,1682602381500000000,607.5,606.0,606.0,3134.0,11.0,66810.0,622.5,10.0,634.0,16.0,653.0,1.0,988.0,1.0,,0.0,612.5,10.0,586.5,1.0,586.0,16.0,183.5,1.0,120.0,4.0
2023-04-27 21:33:01.75,1682602381750000000,607.5,606.0,606.0,3134.0,11.0,66810.0,622.0,10.0,622.5,10.0,634.0,16.0,653.0,1.0,988.0,1.0,612.5,10.0,586.5,1.0,586.0,16.0,183.5,1.0,120.0,4.0
2023-04-27 21:33:04.25,1682602384250000000,607.5,606.0,606.0,3134.0,11.0,66810.0,622.5,10.0,634.0,16.0,653.0,1.0,988.0,1.0,,0.0,612.5,10.0,586.5,1.0,586.0,16.0,183.5,1.0,120.0,4.0
2023-04-27 21:33:04.5,1682602384500000000,607.5,606.0,606.0,3134.0,11.0,66810.0,622.5,20.0,634.0,16.0,653.0,1.0,988.0,1.0,,0.0,612.5,10.0,586.5,1.0,586.0,16.0,183.5,1.0,120.0,4.0
2023-04-27 21:33:05.0,1682602385000000000,607.5,606.0,606.0,3134.0,11.0,66810.0,622.5,10.0,624.0,10.0,634.0,16.0,653.0,1.0,988.0,1.0,614.5,10.0,586.5,1.0,586.0,16.0,183.5,1.0,120.0,4.0
2023-04-27 21:33:14.25,1682602394250000000,607.5,606.0,606.0,3134.0,11.0,66810.0,622.5,20.0,634.0,16.0,653.0,1.0,988.0,1.0,,0.0,612.5,10.0,586.5,1.0,586.0,16.0,183.5,1.0,120.0,4.0
2023-04-27 21:33:20.25,1682602400250000000,607.5,606.0,606.0,3134.0,11.0,66810.0,622.5,10.0,624.0,10.0,634.0,16.0,653.0,1.0,988.0,1.0,614.5,10.0,586.5,1.0,586.0,16.0,183.5,1.0,120.0,4.0
2023-04-27 21:33:22.5,1682602402500000000,607.5,606.0,606.0,3134.0,11.0,66810.0,624.0,10.0,634.0,16.0,653.0,1.0,988.0,1.0,,0.0,614.5,10.0,586.5,1.0,586.0,16.0,183.5,1.0,120.0,4.0
2023-04-27 21:33:22.75,1682602402750000000,607.5,606.0,606.0,3134.0,11.0,66810.0,623.5,10.0,624.0,10.0,634.0,16.0,653.0,1.0,988.0,1.0,614.5,10.0,586.5,1.0,586.0,16.0,183.5,1.0,120.0,4.0
2023-04-27 21:33:37.5,1682602417500000000,607.5,606.0,606.0,3134.0,11.0,66810.0,622.5,10.0,623.5,10.0,634.0,16.0,653.0,1.0,988.0,1.0,612.5,10.0,586.5,1.0,586.0,16.0,183.5,1.0,120.0,4.0
