datetime,datetime_nano,highest,last_price,lowest,open_interest,volume,amount,ask_price1,ask_volume1,ask_price2,ask_volume2,ask_price3,ask_volume3,ask_price4,ask_volume4,ask_price5,ask_volume5,bid_price1,bid_volume1,bid_price2,bid_volume2,bid_price3,bid_volume3,bid_price4,bid_volume4,bid_price5,bid_volume5
2023-04-27 20:55:59.25,1682600159250000000,,,,3577.0,0.0,0.0,,0.0,,0.0,,0.0,,0.0,,0.0,,0.0,,0.0,,0.0,,0.0,,0.0
2023-04-27 20:59:00.0,1682600340000000000,,,,3577.0,0.0,0.0,,0.0,,0.0,,0.0,,0.0,,0.0,150.0,1.0,87.0,1.0,72.0,7.0,61.0,2.0,58.0,6.0
2023-04-27 21:00:00.0,1682600400000000000,,,,3577.0,0.0,0.0,,0.0,,0.0,,0.0,,0.0,,0.0,305.0,1.0,150.0,1.0,87.0,1.0,72.0,7.0,61.0,2.0
2023-04-27 21:00:00.25,1682600400250000000,,,,3577.0,0.0,0.0,410.0,1.0,853.5,1.0,854.5,15.0,,0.0,,0.0,305.5,15.0,305.0,1.0,150.0,1.0,87.0,1.0,72.0,7.0
2023-04-27 21:00:01.5,1682600401500000000,,,,3577.0,0.0,0.0,409.5,15.0,410.0,1.0,853.5,1.0,,0.0,,0.0,305.5,15.0,305.0,1.0,150.0,1.0,87.0,1.0,72.0,7.0
2023-04-27 21:00:02.0,1682600402000000000,,,,3577.0,0.0,0.0,409.5,15.0,410.0,1.0,,0.0,,0.0,,0.0,305.5,15.0,305.0,1.0,150.0,1.0,87.0,1.0,72.0,7.0
2023-04-27 21:00:03.25,1682600403250000000,,,,3577.0,0.0,0.0,406.5,10.0,409.5,15.0,410.0,1.0,,0.0,,0.0,308.5,10.0,305.5,15.0,305.0,1.0,150.0,1.0,87.0,1.0
2023-04-27 21:00:03.5,1682600403500000000,,,,3577.0,0.0,0.0,403.5,24.0,406.5,10.0,409.5,15.0,410.0,1.0,,0.0,308.5,10.0,305.5,15.0,305.0,1.0,150.0,1.0,87.0,1.0
2023-04-27 21:00:04.0,1682600404000000000,,,,3577.0,0.0,0.0,403.5,24.0,406.0,15.0,406.5,10.0,410.0,1.0,,0.0,309.0,15.0,308.5,10.0,305.0,1.0,150.0,1.0,87.0,1.0
2023-04-27 21:00:04.25,1682600404250000000,,,,3577.0,0.0,0.0,403.5,24.0,406.0,15.0,410.0,1.0,,0.0,,0.0,309.0,15.0,308.5,10.0,305.0,1.0,150.0,1.0,87.0,1.0
2023-04-27 21:00:04.5,1682600404500000000,,,,3577.0,0.0,0.0,403.0,25.0,403.5,24.0,410.0,1.0,,0.0,,0.0,342.5,24.0,309.5,10.0,309.0,15.0,305.0,1.0,150.0,1.0
2023-04-27 21:00:04.75,1682600404750000000,,,,3577.0,0.0,0.0,400.5,10.0,403.0,25.0,403.5,24.0,410.0,1.0,,0.0,342.5,24.0,309.5,10.0,309.0,15.0,305.0,1.0,150.0,1.0
2023-04-27 21:00:05.0,1682600405000000000,,,,3577.0,0.0,0.0,400.5,10.0,403.0,25.0,403.5,24.0,410.0,1.0,,0.0,342.5,24.0,312.0,10.0,309.0,15.0,305.0,1.0,150.0,1.0
2023-04-27 21:00:05.25,1682600405250000000,,,,3577.0,0.0,0.0,400.0,15.0,403.5,24.0,410.0,1.0,,0.0,,0.0,343.0,15.0,342.5,24.0,305.0,1.0,150.0,1.0,87.0,1.0
2023-04-27 21:00:05.5,1682600405500000000,,,,3577.0,0.0,0.0,397.5,10.0,399.5,10.0,400.0,15.0,403.5,24.0,410.0,1.0,345.5,10.0,343.0,15.0,342.5,24.0,305.0,1.0,150.0,1.0
2023-04-27 21:00:05.75,1682600405750000000,,,,3577.0,0.0,0.0,400.0,15.0,403.5,24.0,410.0,1.0,,0.0,,0.0,345.5,10.0,343.0,15.0,342.5,24.0,305.0,1.0,150.0,1.0
2023-04-27 21:00:06.0,1682600406000000000,,,,3577.0,0.0,0.0,398.0,15.0,399.5,10.0,403.5,24.0,410.0,1.0,,0.0,346.0,15.0,345.5,10.0,342.5,24.0,305.0,1.0,150.0,1.0
2023-04-27 21:00:06.25,1682600406250000000,,,,3577.0,0.0,0.0,398.0,15.0,403.5,24.0,410.0,1.0,,0.0,,0.0,346.0,15.0,345.5,10.0,342.5,24.0,305.0,1.0,150.0,1.0
2023-04-27 21:00:06.5,1682600406500000000,,,,3577.0,0.0,0.0,379.0,6.0,397.5,10.0,398.0,15.0,403.5,24.0,410.0,1.0,347.5,10.0,346.0,15.0,342.5,24.0,305.0,1.0,150.0,1.0
2023-04-27 21:00:06.75,1682600406750000000,,,,3577.0,0.0,0.0,379.0,6.0,398.0,15.0,403.5,24.0,410.0,1.0,,0.0,347.0,10.0,346.0,15.0,342.5,24.0,305.0,1.0,150.0,1.0
2023-04-27 21:00:07.25,1682600407250000000,,,,3577.0,0.0,0.0,379.0,6.0,398.0,15.0,403.5,24.0,410.0,1.0,,0.0,346.5,10.0,346.0,15.0,342.5,24.0,305.0,1.0,150.0,1.0
2023-04-27 21:00:07.5,1682600407500000000,,,,3577.0,0.0,0.0,379.0,6.0,398.0,15.0,403.5,24.0,410.0,1.0,,0.0,346.0,25.0,342.5,24.0,305.0,1.0,150.0,1.0,87.0,1.0
2023-04-27 21:00:07.75,1682600407750000000,,,,3577.0,0.0,0.0,379.0,6.0,398.0,15.0,403.5,24.0,410.0,1.0,,0.0,346.0,15.0,344.5,10.0,342.5,24.0,305.0,1.0,150.0,1.0
2023-04-27 21:00:08.0,1682600408000000000,,,,3577.0,0.0,0.0,379.0,6.0,391.0,15.0,403.5,24.0,410.0,1.0,,0.0,344.0,10.0,342.5,24.0,342.0,15.0,305.0,1.0,150.0,1.0
2023-04-27 21:00:08.25,1682600408250000000,,,,3577.0,0.0,0.0,379.0,6.0,391.0,15.0,403.5,24.0,410.0,1.0,,0.0,343.0,10.0,342.5,24.0,342.0,15.0,305.0,1.0,150.0,1.0
2023-04-27 21:00:08.5,1682600408500000000,,,,3577.0,0.0,0.0,379.0,6.0,391.0,15.0,403.5,24.0,410.0,1.0,,0.0,342.5,24.0,342.0,15.0,308.0,10.0,305.0,1.0,150.0,1.0
2023-04-27 21:00:08.75,1682600408750000000,,,,3577.0,0.0,0.0,378.5,15.0,379.0,6.0,403.5,24.0,410.0,1.0,,0.0,343.0,15.0,342.5,24.0,308.0,10.0,305.0,1.0,150.0,1.0
2023-04-27 21:00:09.0,1682600409000000000,,,,3577.0,0.0,0.0,375.5,10.0,378.5,15.0,379.0,16.0,403.5,24.0,410.0,1.0,355.0,10.0,343.0,15.0,342.5,24.0,308.0,10.0,305.0,1.0
2023-04-27 21:00:09.25,1682600409250000000,,,,3577.0,0.0,0.0,375.5,10.0,379.0,6.0,391.5,15.0,403.5,24.0,410.0,1.0,342.5,24.0,342.0,15.0,308.0,10.0,305.0,1.0,150.0,1.0
2023-04-27 21:00:10.25,1682600410250000000,,,,3577.0,0.0,0.0,375.5,10.0,379.0,6.0,391.5,15.0,410.0,1.0,,0.0,342.0,15.0,308.0,10.0,305.0,1.0,150.0,1.0,87.0,1.0
2023-04-27 21:00:10.5,1682600410500000000,,,,3577.0,0.0,0.0,375.5,10.0,379.0,6.0,391.5,15.0,410.0,1.0,,0.0,343.5,10.0,342.0,15.0,305.0,1.0,150.0,1.0,87.0,1.0
2023-04-27 21:00:10.75,1682600410750000000,,,,3577.0,0.0,0.0,375.5,10.0,379.0,6.0,391.5,15.0,410.0,1.0,,0.0,342.5,10.0,342.0,15.0,305.0,1.0,150.0,1.0,87.0,1.0
2023-04-27 21:00:11.5,1682600411500000000,,,,3577.0,0.0,0.0,375.5,10.0,379.0,6.0,388.0,11.0,391.5,15.0,410.0,1.0,342.0,25.0,331.0,11.0,305.0,1.0,150.0,1.0,87.0,1.0
2023-04-27 21:00:12.0,1682600412000000000,,,,3577.0,0.0,0.0,375.5,10.0,379.0,6.0,388.0,11.0,391.5,15.0,410.0,1.0,342.0,15.0,334.0,10.0,331.0,11.0,305.0,1.0,150.0,1.0
2023-04-27 21:00:16.25,1682600416250000000,,,,3577.0,0.0,0.0,375.5,10.0,379.0,6.0,385.5,15.0,388.0,11.0,410.0,1.0,334.5,15.0,334.0,10.0,331.0,11.0,305.0,1.0,150.0,1.0
2023-04-27 21:00:16.5,1682600416500000000,,,,3577.0,0.0,0.0,375.5,10.0,379.0,6.0,385.5,15.0,388.0,11.0,410.0,1.0,337.5,10.0,334.5,15.0,331.0,11.0,305.0,1.0,150.0,1.0
2023-04-27 21:00:16.75,1682600416750000000,,,,3577.0,0.0,0.0,375.5,10.0,379.0,6.0,385.5,15.0,388.0,11.0,410.0,1.0,337.0,10.0,334.5,15.0,331.0,11.0,305.0,1.0,150.0,1.0
2023-04-27 21:00:17.0,1682600417000000000,,,,3577.0,0.0,0.0,375.5,10.0,379.0,6.0,385.5,15.0,388.0,11.0,410.0,1.0,336.0,10.0,334.5,15.0,331.0,11.0,305.0,1.0,150.0,1.0
2023-04-27 21:00:18.25,1682600418250000000,,,,3577.0,0.0,0.0,375.5,10.0,379.0,6.0,385.5,15.0,388.0,11.0,410.0,1.0,335.5,10.0,334.5,15.0,331.0,11.0,305.0,1.0,150.0,1.0
2023-04-27 21:00:18.5,1682600418500000000,,,,3577.0,0.0,0.0,375.5,10.0,379.0,6.0,385.5,15.0,388.0,11.0,410.0,1.0,335.0,10.0,334.5,15.0,331.0,11.0,305.0,1.0,150.0,1.0
2023-04-27 21:00:22.25,1682600422250000000,,,,3577.0,0.0,0.0,375.5,10.0,379.0,6.0,388.0,11.0,389.0,15.0,410.0,1.0,335.5,15.0,335.0,10.0,331.0,11.0,305.0,1.0,150.0,1.0
2023-04-27 21:00:22.5,1682600422500000000,,,,3577.0,0.0,0.0,375.5,10.0,379.0,6.0,388.0,11.0,389.0,15.0,410.0,1.0,338.5,10.0,335.5,15.0,331.0,11.0,305.0,1.0,150.0,1.0
2023-04-27 21:00:24.0,1682600424000000000,,,,3577.0,0.0,0.0,375.5,10.0,379.0,16.0,388.0,11.0,389.0,15.0,410.0,1.0,353.0,10.0,338.5,10.0,335.5,15.0,331.0,11.0,305.0,1.0
2023-04-27 21:00:24.75,1682600424750000000,,,,3577.0,0.0,0.0,375.5,10.0,379.0,16.0,388.0,11.0,389.0,15.0,410.0,1.0,354.0,10.0,338.5,10.0,335.5,15.0,331.0,11.0,305.0,1.0
2023-04-27 21:00:26.75,1682600426750000000,,,,3577.0,0.0,0.0,375.5,10.0,379.0,16.0,388.0,11.0,389.0,15.0,410.0,1.0,355.0,10.0,338.5,10.0,335.5,15.0,331.0,11.0,305.0,1.0
2023-04-27 21:00:27.0,1682600427000000000,,,,3577.0,0.0,0.0,375.5,10.0,379.0,16.0,388.0,11.0,389.0,15.0,410.0,1.0,354.0,10.0,338.5,10.0,335.5,15.0,331.0,11.0,305.0,1.0
2023-04-27 21:00:27.75,1682600427750000000,,,,3577.0,0.0,0.0,375.5,10.0,379.0,16.0,388.0,11.0,389.0,15.0,410.0,1.0,352.5,10.0,338.5,10.0,335.5,15.0,331.0,11.0,305.0,1.0
2023-04-27 21:00:28.25,1682600428250000000,,,,3577.0,0.0,0.0,375.5,10.0,379.0,6.0,388.0,11.0,389.0,15.0,410.0,1.0,338.5,10.0,335.5,15.0,331.0,11.0,305.0,1.0,150.0,1.0
2023-04-27 21:00:37.0,1682600437000000000,,,,3577.0,0.0,0.0,375.5,10.0,379.0,6.0,388.0,11.0,389.0,15.0,410.0,1.0,338.0,10.0,335.5,15.0,331.0,11.0,305.0,1.0,150.0,1.0
2023-04-27 21:00:37.75,1682600437750000000,,,,3577.0,0.0,0.0,375.5,10.0,379.0,6.0,388.0,11.0,389.0,15.0,410.0,1.0,337.5,10.0,335.5,15.0,331.0,11.0,305.0,1.0,150.0,1.0
2023-04-27 21:00:38.75,1682600438750000000,,,,3577.0,0.0,0.0,375.5,10.0,379.0,6.0,388.0,11.0,389.0,15.0,410.0,1.0,337.0,10.0,335.5,15.0,331.0,11.0,305.0,1.0,150.0,1.0
2023-04-27 21:00:39.75,1682600439750000000,,,,3577.0,0.0,0.0,375.5,10.0,379.0,6.0,388.0,11.0,389.0,15.0,410.0,1.0,336.0,10.0,335.5,15.0,331.0,11.0,305.0,1.0,150.0,1.0
2023-04-27 21:00:40.0,1682600440000000000,,,,3577.0,0.0,0.0,375.5,10.0,379.0,6.0,381.0,15.0,388.0,11.0,410.0,1.0,334.0,10.0,332.5,15.0,331.0,11.0,305.0,1.0,150.0,1.0
2023-04-27 21:00:42.75,1682600442750000000,,,,3577.0,0.0,0.0,375.5,10.0,379.0,6.0,381.0,15.0,388.0,11.0,410.0,1.0,334.0,10.0,332.5,15.0,331.0,11.0,150.0,1.0,87.0,1.0
2023-04-27 21:00:44.75,1682600444750000000,,,,3577.0,0.0,0.0,375.5,10.0,379.0,6.0,381.0,15.0,388.0,11.0,,0.0,334.0,10.0,332.5,15.0,331.0,11.0,150.0,1.0,87.0,1.0
2023-04-27 21:00:45.0,1682600445000000000,,,,3577.0,0.0,0.0,375.5,10.0,379.0,6.0,380.0,1.0,381.0,15.0,388.0,11.0,334.0,10.0,332.5,15.0,331.0,11.0,150.0,1.0,87.0,1.0
2023-04-27 21:00:50.0,1682600450000000000,,,,3577.0,0.0,0.0,375.5,10.0,378.0,1.0,379.0,6.0,380.0,1.0,381.0,15.0,334.0,10.0,332.5,15.0,331.0,11.0,150.0,1.0,87.0,1.0
2023-04-27 21:00:50.25,1682600450250000000,,,,3577.0,0.0,0.0,372.5,10.0,378.0,1.0,379.0,6.0,380.0,1.0,381.0,15.0,334.0,10.0,332.5,15.0,331.0,11.0,150.0,1.0,87.0,1.0
2023-04-27 21:00:50.5,1682600450500000000,,,,3577.0,0.0,0.0,372.5,10.0,378.0,1.0,379.0,6.0,380.0,1.0,381.0,15.0,333.0,10.0,332.5,15.0,331.0,11.0,150.0,1.0,87.0,1.0
2023-04-27 21:00:52.0,1682600452000000000,,,,3577.0,0.0,0.0,372.5,10.0,378.0,1.0,379.0,6.0,380.0,1.0,381.0,15.0,332.5,25.0,331.0,11.0,150.0,1.0,87.0,1.0,72.0,7.0
2023-04-27 21:00:52.25,1682600452250000000,,,,3577.0,0.0,0.0,372.5,10.0,378.0,1.0,379.0,6.0,380.0,1.0,381.0,15.0,332.5,15.0,332.0,10.0,331.0,11.0,150.0,1.0,87.0,1.0
2023-04-27 21:00:58.0,1682600458000000000,,,,3577.0,0.0,0.0,368.0,1.0,372.5,10.0,379.0,6.0,380.0,1.0,381.0,15.0,332.5,15.0,332.0,10.0,331.0,11.0,150.0,1.0,87.0,1.0
2023-04-27 21:00:58.25,1682600458250000000,,,,3577.0,0.0,0.0,368.0,11.0,379.0,6.0,380.0,1.0,381.0,15.0,388.0,11.0,335.5,10.0,332.5,15.0,331.0,11.0,150.0,1.0,87.0,1.0
2023-04-27 21:00:58.5,1682600458500000000,,,,3577.0,0.0,0.0,368.0,1.0,376.0,10.0,379.0,6.0,380.0,1.0,381.0,15.0,335.5,10.0,332.5,15.0,331.0,11.0,150.0,1.0,87.0,1.0
2023-04-27 21:01:00.75,1682600460750000000,,,,3577.0,0.0,0.0,368.0,1.0,376.0,10.0,379.0,6.0,380.0,1.0,385.0,15.0,336.0,15.0,335.5,10.0,331.0,11.0,150.0,1.0,87.0,1.0
2023-04-27 21:01:01.0,1682600461000000000,,,,3577.0,0.0,0.0,368.0,1.0,376.0,10.0,379.0,6.0,380.0,1.0,385.0,15.0,339.0,10.0,336.0,15.0,331.0,11.0,150.0,1.0,87.0,1.0
2023-04-27 21:01:04.25,1682600464250000000,,,,3577.0,0.0,0.0,368.0,1.0,376.0,10.0,379.0,6.0,380.0,1.0,385.0,15.0,342.5,7.0,339.0,10.0,336.0,15.0,331.0,11.0,150.0,1.0
2023-04-27 21:01:04.5,1682600464500000000,,,,3577.0,0.0,0.0,368.0,1.0,376.0,10.0,379.0,6.0,380.0,1.0,385.0,15.0,343.5,10.0,342.5,7.0,336.0,15.0,331.0,11.0,150.0,1.0
2023-04-27 21:01:06.5,1682600466500000000,,,,3577.0,0.0,0.0,368.0,1.0,376.0,10.0,379.0,6.0,380.0,1.0,388.0,11.0,343.5,10.0,342.5,7.0,341.5,15.0,331.0,11.0,150.0,1.0
2023-04-27 21:01:06.75,1682600466750000000,,,,3577.0,0.0,0.0,368.0,1.0,377.0,10.0,379.0,6.0,380.0,1.0,388.0,11.0,343.5,10.0,342.5,7.0,341.5,15.0,331.0,11.0,150.0,1.0
2023-04-27 21:01:08.0,1682600468000000000,,,,3577.0,0.0,0.0,368.0,1.0,377.0,10.0,379.0,16.0,380.0,1.0,388.0,11.0,357.5,10.0,343.5,10.0,342.5,7.0,341.5,15.0,331.0,11.0
2023-04-27 21:01:08.75,1682600468750000000,,,,3577.0,0.0,0.0,368.0,1.0,374.0,15.0,377.0,10.0,379.0,16.0,380.0,1.0,357.5,10.0,347.5,15.0,343.5,10.0,342.5,7.0,331.0,11.0
2023-04-27 21:01:09.25,1682600469250000000,,,,3577.0,0.0,0.0,368.0,1.0,377.0,10.0,379.0,16.0,380.0,1.0,388.0,11.0,357.5,10.0,343.5,10.0,342.5,7.0,340.5,15.0,331.0,11.0
2023-04-27 21:01:09.5,1682600469500000000,,,,3577.0,0.0,0.0,368.0,1.0,376.0,15.0,377.0,10.0,379.0,6.0,380.0,1.0,348.0,15.0,343.5,10.0,342.5,7.0,331.0,11.0,150.0,1.0
2023-04-27 21:01:09.75,1682600469750000000,,,,3577.0,0.0,0.0,368.0,1.0,377.0,10.0,379.0,6.0,380.0,1.0,388.0,11.0,343.5,10.0,342.5,7.0,341.0,15.0,331.0,11.0,150.0,1.0
2023-04-27 21:01:10.25,1682600470250000000,,,,3577.0,0.0,0.0,368.0,1.0,377.0,10.0,379.0,6.0,380.0,1.0,388.0,11.0,343.0,10.0,342.5,7.0,341.0,15.0,331.0,11.0,150.0,1.0
2023-04-27 21:01:12.25,1682600472250000000,,,,3577.0,0.0,0.0,368.0,1.0,377.0,10.0,379.0,6.0,380.0,1.0,388.0,11.0,342.5,7.0,342.0,10.0,341.0,15.0,331.0,11.0,150.0,1.0
2023-04-27 21:01:17.25,1682600477250000000,,,,3577.0,0.0,0.0,368.0,1.0,377.0,10.0,379.0,6.0,380.0,1.0,388.0,11.0,342.5,7.0,341.5,10.0,341.0,15.0,331.0,11.0,150.0,1.0
2023-04-27 21:01:17.5,1682600477500000000,,,,3577.0,0.0,0.0,368.0,1.0,377.0,10.0,379.0,6.0,380.0,1.0,388.0,11.0,342.5,7.0,341.5,10.0,336.5,15.0,331.0,11.0,150.0,1.0
2023-04-27 21:01:17.75,1682600477750000000,,,,3577.0,0.0,0.0,368.0,1.0,377.0,10.0,379.0,6.0,380.0,1.0,388.0,11.0,342.5,7.0,339.5,10.0,336.5,15.0,331.0,11.0,150.0,1.0
2023-04-27 21:01:34.25,1682600494250000000,,,,3577.0,0.0,0.0,358.5,10.0,368.0,1.0,377.0,10.0,379.0,6.0,380.0,1.0,354.0,10.0,342.5,7.0,339.5,10.0,336.5,15.0,331.0,11.0
2023-04-27 21:01:34.5,1682600494500000000,358.5,358.5,358.5,3577.0,10.0,35850.0,368.0,1.0,377.0,10.0,379.0,6.0,380.0,1.0,388.0,11.0,342.5,7.0,339.5,10.0,336.5,15.0,331.0,11.0,150.0,1.0
2023-04-27 21:01:35.0,1682600495000000000,358.5,358.5,358.5,3577.0,10.0,35850.0,350.0,1.0,368.0,1.0,377.0,10.0,379.0,6.0,380.0,1.0,342.5,7.0,339.5,10.0,336.5,15.0,331.0,11.0,150.0,1.0
2023-04-27 21:01:35.25,1682600495250000000,358.5,350.0,350.0,3577.0,11.0,39350.0,368.0,1.0,377.0,10.0,379.0,6.0,380.0,1.0,388.0,11.0,342.5,7.0,339.5,10.0,336.5,15.0,331.0,11.0,150.0,1.0
2023-04-27 21:01:35.5,1682600495500000000,358.5,350.0,350.0,3577.0,11.0,39350.0,368.0,1.0,377.0,10.0,379.0,6.0,380.0,1.0,388.0,11.0,352.5,79.0,342.5,7.0,339.5,10.0,336.5,15.0,331.0,11.0
2023-04-27 21:01:35.75,1682600495750000000,358.5,350.0,350.0,3577.0,11.0,39350.0,368.0,1.0,377.0,10.0,379.0,6.0,380.0,1.0,388.0,11.0,352.5,79.0,343.0,10.0,342.5,7.0,336.5,15.0,331.0,11.0
2023-04-27 21:01:36.0,1682600496000000000,358.5,350.0,350.0,3577.0,11.0,39350.0,368.0,1.0,377.0,10.0,379.0,6.0,380.0,1.0,388.0,11.0,352.5,79.0,342.5,17.0,336.5,15.0,331.0,11.0,150.0,1.0
2023-04-27 21:01:37.25,1682600497250000000,358.5,350.0,350.0,3577.0,11.0,39350.0,368.0,1.0,377.0,10.0,379.0,6.0,380.0,1.0,388.0,11.0,352.5,79.0,342.5,7.0,339.5,10.0,336.5,15.0,331.0,11.0
2023-04-27 21:01:41.5,1682600501500000000,358.5,350.0,350.0,3577.0,11.0,39350.0,368.0,1.0,377.0,10.0,379.0,6.0,380.0,1.0,388.0,11.0,352.5,79.0,342.5,7.0,339.0,10.0,336.5,15.0,331.0,11.0
2023-04-27 21:01:42.0,1682600502000000000,358.5,350.0,350.0,3577.0,11.0,39350.0,368.0,1.0,377.0,10.0,379.0,6.0,380.0,1.0,388.0,11.0,352.5,79.0,342.5,7.0,338.0,10.0,336.5,15.0,331.0,11.0
2023-04-27 21:01:42.5,1682600502500000000,358.5,350.0,350.0,3577.0,11.0,39350.0,368.0,1.0,377.0,10.0,379.0,6.0,380.0,1.0,388.0,11.0,352.5,79.0,342.5,7.0,337.5,10.0,336.5,15.0,331.0,11.0
2023-04-27 21:01:47.0,1682600507000000000,358.5,350.0,350.0,3577.0,11.0,39350.0,368.0,1.0,377.0,10.0,379.0,6.0,380.0,1.0,388.0,11.0,352.5,79.0,342.5,7.0,336.5,15.0,334.0,10.0,331.0,11.0
2023-04-27 21:01:47.25,1682600507250000000,358.5,350.0,350.0,3577.0,11.0,39350.0,367.0,10.0,368.0,1.0,379.0,6.0,380.0,1.0,388.0,11.0,352.5,79.0,342.5,7.0,336.5,15.0,334.0,10.0,331.0,11.0
2023-04-27 21:01:48.5,1682600508500000000,358.5,350.0,350.0,3577.0,11.0,39350.0,367.0,10.0,368.0,1.0,379.0,6.0,380.0,1.0,388.0,11.0,342.5,7.0,334.0,10.0,332.0,15.0,331.0,11.0,150.0,1.0
2023-04-27 21:01:49.0,1682600509000000000,358.5,350.0,350.0,3577.0,11.0,39350.0,367.0,10.0,368.0,1.0,370.0,15.0,379.0,6.0,380.0,1.0,342.5,7.0,338.0,15.0,334.0,10.0,331.0,11.0,150.0,1.0
2023-04-27 21:01:49.25,1682600509250000000,358.5,350.0,350.0,3577.0,11.0,39350.0,367.0,10.0,368.0,1.0,370.0,15.0,379.0,6.0,380.0,1.0,342.5,7.0,338.0,15.0,333.0,10.0,331.0,11.0,150.0,1.0
2023-04-27 21:01:49.75,1682600509750000000,358.5,350.0,350.0,3577.0,11.0,39350.0,367.0,10.0,368.0,1.0,379.0,6.0,380.0,1.0,388.0,11.0,342.5,7.0,333.0,10.0,331.0,26.0,150.0,1.0,87.0,1.0
2023-04-27 21:01:53.25,1682600513250000000,358.5,350.0,350.0,3577.0,11.0,39350.0,367.0,10.0,368.0,1.0,379.0,6.0,380.0,1.0,388.0,11.0,353.5,50.0,342.5,7.0,333.0,10.0,331.0,26.0,150.0,1.0
2023-04-27 21:01:53.75,1682600513750000000,358.5,353.5,350.0,3577.0,61.0,216100.0,367.0,10.0,368.0,1.0,379.0,6.0,380.0,1.0,388.0,11.0,342.5,7.0,332.5,10.0,331.0,26.0,150.0,1.0,87.0,1.0
2023-04-27 21:01:54.0,1682600514000000000,358.5,353.5,350.0,3577.0,61.0,216100.0,367.0,10.0,368.0,1.0,379.0,6.0,380.0,1.0,388.0,11.0,342.5,7.0,332.0,10.0,331.0,26.0,150.0,1.0,87.0,1.0
2023-04-27 21:01:54.25,1682600514250000000,358.5,353.5,350.0,3577.0,61.0,216100.0,367.0,10.0,368.0,1.0,379.0,6.0,380.0,1.0,388.0,11.0,342.5,7.0,331.0,21.0,328.0,15.0,150.0,1.0,87.0,1.0
2023-04-27 21:01:56.25,1682600516250000000,358.5,353.5,350.0,3577.0,61.0,216100.0,367.0,10.0,368.0,1.0,370.5,15.0,379.0,6.0,380.0,1.0,342.5,7.0,336.0,15.0,331.0,21.0,150.0,1.0,87.0,1.0
2023-04-27 21:01:56.5,1682600516500000000,358.5,353.5,350.0,3577.0,61.0,216100.0,367.0,10.0,368.0,1.0,379.0,6.0,380.0,1.0,388.0,11.0,342.5,7.0,331.0,21.0,328.5,15.0,150.0,1.0,87.0,1.0
2023-04-27 21:01:56.75,1682600516750000000,358.5,353.5,350.0,3577.0,61.0,216100.0,367.0,10.0,368.0,1.0,371.5,15.0,379.0,6.0,380.0,1.0,342.5,7.0,336.5,15.0,331.0,21.0,150.0,1.0,87.0,1.0
2023-04-27 21:01:57.25,1682600517250000000,358.5,353.5,350.0,3577.0,61.0,216100.0,367.0,10.0,368.0,1.0,379.0,6.0,380.0,1.0,388.0,11.0,342.5,7.0,331.0,21.0,329.5,15.0,150.0,1.0,87.0,1.0
2023-04-27 21:02:03.0,1682600523000000000,358.5,353.5,350.0,3577.0,61.0,216100.0,368.0,11.0,379.0,6.0,380.0,1.0,388.0,11.0,421.0,15.0,342.5,7.0,335.0,15.0,331.0,21.0,150.0,1.0,87.0,1.0
2023-04-27 21:02:03.25,1682600523250000000,358.5,353.5,350.0,3577.0,61.0,216100.0,368.0,11.0,379.0,6.0,380.0,1.0,388.0,11.0,421.0,15.0,342.5,7.0,337.5,10.0,335.0,15.0,331.0,11.0,150.0,1.0
2023-04-27 21:02:03.5,1682600523500000000,358.5,353.5,350.0,3577.0,61.0,216100.0,368.0,11.0,379.0,6.0,380.0,1.0,388.0,11.0,421.0,15.0,342.5,7.0,337.0,10.0,335.0,15.0,331.0,11.0,150.0,1.0
2023-04-27 21:02:03.75,1682600523750000000,358.5,353.5,350.0,3577.0,61.0,216100.0,368.0,11.0,379.0,6.0,380.0,1.0,388.0,11.0,421.0,15.0,342.5,7.0,336.5,10.0,335.0,15.0,331.0,11.0,150.0,1.0
2023-04-27 21:02:04.0,1682600524000000000,358.5,353.5,350.0,3577.0,61.0,216100.0,368.0,1.0,376.0,10.0,379.0,6.0,380.0,1.0,388.0,11.0,342.5,7.0,336.5,10.0,335.0,15.0,331.0,11.0,150.0,1.0
2023-04-27 21:02:06.25,1682600526250000000,358.5,353.5,350.0,3577.0,61.0,216100.0,359.5,10.0,368.0,1.0,376.0,10.0,379.0,6.0,380.0,1.0,355.0,10.0,342.5,7.0,336.5,10.0,335.0,15.0,331.0,11.0
2023-04-27 21:02:06.5,1682600526500000000,358.5,353.5,350.0,3577.0,61.0,216100.0,368.0,1.0,376.0,10.0,379.0,6.0,380.0,1.0,388.0,11.0,342.5,7.0,336.5,10.0,335.0,15.0,331.0,11.0,150.0,1.0
2023-04-27 21:02:07.75,1682600527750000000,358.5,353.5,350.0,3577.0,61.0,216100.0,368.0,1.0,376.0,10.0,379.0,6.0,388.0,11.0,421.0,15.0,342.5,7.0,336.5,10.0,335.0,15.0,331.0,11.0,150.0,1.0
2023-04-27 21:02:19.0,1682600539000000000,358.5,353.5,350.0,3577.0,61.0,216100.0,367.0,20.0,368.0,1.0,376.0,10.0,379.0,6.0,388.0,11.0,342.5,7.0,336.5,10.0,335.0,15.0,331.0,11.0,150.0,1.0
2023-04-27 21:02:31.0,1682600551000000000,358.5,353.5,350.0,3577.0,61.0,216100.0,367.0,20.0,368.0,1.0,376.0,10.0,378.0,15.0,379.0,6.0,342.5,7.0,342.0,15.0,336.5,10.0,331.0,11.0,150.0,1.0
2023-04-27 21:02:31.25,1682600551250000000,358.5,353.5,350.0,3577.0,61.0,216100.0,367.0,30.0,368.0,1.0,376.0,10.0,378.0,15.0,379.0,6.0,342.5,7.0,342.0,25.0,336.5,10.0,331.0,11.0,150.0,1.0
2023-04-27 21:02:32.0,1682600552000000000,358.5,353.5,350.0,3577.0,61.0,216100.0,367.0,30.0,368.0,1.0,376.0,10.0,379.0,6.0,388.0,11.0,342.5,7.0,342.0,10.0,336.5,10.0,335.0,15.0,331.0,11.0
2023-04-27 21:02:32.25,1682600552250000000,358.5,353.5,350.0,3577.0,61.0,216100.0,367.0,20.0,368.0,1.0,376.0,10.0,379.0,6.0,388.0,11.0,342.5,7.0,336.5,10.0,335.0,15.0,331.0,11.0,150.0,1.0
2023-04-27 21:02:38.25,1682600558250000000,358.5,353.5,350.0,3577.0,61.0,216100.0,367.0,20.0,368.0,1.0,376.0,10.0,378.5,15.0,379.0,6.0,342.5,7.0,342.0,15.0,336.5,10.0,331.0,11.0,150.0,1.0
2023-04-27 21:02:38.5,1682600558500000000,358.5,353.5,350.0,3577.0,61.0,216100.0,367.0,30.0,368.0,1.0,376.0,10.0,378.5,15.0,379.0,6.0,342.5,7.0,342.0,25.0,336.5,10.0,331.0,11.0,150.0,1.0
2023-04-27 21:02:38.75,1682600558750000000,358.5,353.5,350.0,3577.0,61.0,216100.0,367.0,30.0,368.0,11.0,379.0,6.0,388.0,11.0,425.5,15.0,342.5,7.0,342.0,10.0,336.5,10.0,334.5,15.0,331.0,11.0
2023-04-27 21:02:39.0,1682600559000000000,358.5,353.5,350.0,3577.0,61.0,216100.0,367.0,20.0,368.0,11.0,379.0,6.0,388.0,11.0,425.5,15.0,342.5,7.0,336.5,10.0,334.5,15.0,331.0,11.0,150.0,1.0
2023-04-27 21:02:41.75,1682600561750000000,358.5,353.5,350.0,3577.0,61.0,216100.0,367.0,20.0,368.0,11.0,377.5,15.0,379.0,6.0,388.0,11.0,342.5,7.0,340.5,15.0,336.5,10.0,331.0,11.0,150.0,1.0
2023-04-27 21:02:42.0,1682600562000000000,358.5,353.5,350.0,3577.0,61.0,216100.0,367.0,30.0,368.0,11.0,377.5,15.0,379.0,6.0,388.0,11.0,342.5,7.0,340.5,25.0,334.0,10.0,331.0,11.0,150.0,1.0
2023-04-27 21:02:42.25,1682600562250000000,358.5,353.5,350.0,3577.0,61.0,216100.0,367.0,40.0,368.0,1.0,377.5,15.0,379.0,6.0,388.0,11.0,342.5,7.0,340.5,25.0,334.0,10.0,331.0,11.0,150.0,1.0
2023-04-27 21:02:43.5,1682600563500000000,358.5,353.5,350.0,3577.0,61.0,216100.0,367.0,40.0,368.0,1.0,379.0,6.0,388.0,11.0,446.5,15.0,342.5,7.0,340.5,10.0,334.0,10.0,331.0,11.0,328.0,15.0
2023-04-27 21:02:43.75,1682600563750000000,358.5,353.5,350.0,3577.0,61.0,216100.0,367.0,30.0,368.0,1.0,379.0,6.0,388.0,11.0,446.5,15.0,342.5,7.0,334.0,10.0,331.0,11.0,328.0,15.0,150.0,1.0
2023-04-27 21:02:44.75,1682600564750000000,358.5,353.5,350.0,3577.0,61.0,216100.0,365.0,10.0,367.0,30.0,368.0,1.0,379.0,6.0,388.0,11.0,342.5,7.0,337.0,10.0,334.0,10.0,331.0,11.0,328.0,15.0
2023-04-27 21:02:45.0,1682600565000000000,358.5,353.5,350.0,3577.0,61.0,216100.0,365.0,10.0,367.0,30.0,368.0,1.0,379.0,6.0,384.5,15.0,342.5,7.0,337.0,25.0,334.0,10.0,331.0,11.0,150.0,1.0
2023-04-27 21:02:45.5,1682600565500000000,358.5,353.5,350.0,3577.0,61.0,216100.0,365.0,10.0,367.0,30.0,368.0,1.0,379.0,6.0,388.0,11.0,342.5,7.0,337.0,10.0,334.0,10.0,331.0,11.0,328.5,15.0
2023-04-27 21:02:46.75,1682600566750000000,358.5,353.5,350.0,3577.0,61.0,216100.0,365.0,10.0,367.0,30.0,368.0,1.0,379.0,6.0,386.5,15.0,342.5,7.0,338.0,15.0,337.0,10.0,334.0,10.0,331.0,11.0
2023-04-27 21:02:47.0,1682600567000000000,358.5,353.5,350.0,3577.0,61.0,216100.0,365.0,20.0,367.0,30.0,368.0,1.0,379.0,6.0,386.5,15.0,342.5,7.0,338.0,25.0,337.0,10.0,334.0,10.0,331.0,11.0
2023-04-27 21:02:47.75,1682600567750000000,358.5,353.5,350.0,3577.0,61.0,216100.0,365.0,20.0,367.0,30.0,368.0,1.0,379.0,6.0,388.0,11.0,342.5,7.0,338.0,10.0,337.0,10.0,334.0,10.0,331.0,11.0
2023-04-27 21:02:48.0,1682600568000000000,358.5,353.5,350.0,3577.0,61.0,216100.0,365.0,10.0,367.0,30.0,368.0,1.0,379.0,6.0,388.0,11.0,342.5,7.0,337.0,10.0,334.0,10.0,331.0,11.0,329.0,15.0
2023-04-27 21:02:48.5,1682600568500000000,358.5,353.5,350.0,3577.0,61.0,216100.0,365.0,10.0,367.0,30.0,368.0,1.0,379.0,6.0,387.0,15.0,342.5,7.0,338.5,15.0,337.0,10.0,334.0,10.0,331.0,11.0
2023-04-27 21:02:48.75,1682600568750000000,358.5,353.5,350.0,3577.0,61.0,216100.0,365.0,20.0,367.0,30.0,368.0,1.0,379.0,6.0,388.0,11.0,342.5,7.0,338.5,10.0,337.0,10.0,334.0,10.0,331.0,11.0
2023-04-27 21:02:49.0,1682600569000000000,358.5,353.5,350.0,3577.0,61.0,216100.0,365.0,10.0,367.0,30.0,368.0,1.0,379.0,6.0,387.0,15.0,342.5,7.0,338.5,15.0,337.0,10.0,334.0,10.0,331.0,11.0
2023-04-27 21:02:49.75,1682600569750000000,358.5,353.5,350.0,3577.0,61.0,216100.0,365.0,20.0,367.0,30.0,368.0,1.0,379.0,6.0,388.0,11.0,342.5,17.0,337.0,10.0,334.0,10.0,331.0,11.0,329.5,15.0
2023-04-27 21:02:50.0,1682600570000000000,358.5,353.5,350.0,3577.0,61.0,216100.0,365.0,30.0,367.0,30.0,368.0,1.0,379.0,6.0,387.5,15.0,342.5,27.0,339.0,15.0,337.0,10.0,334.0,10.0,331.0,11.0
2023-04-27 21:02:52.5,1682600572500000000,358.5,353.5,350.0,3577.0,61.0,216100.0,365.0,30.0,367.0,20.0,367.5,10.0,368.0,1.0,379.0,6.0,342.5,27.0,339.0,15.0,337.0,10.0,334.0,10.0,331.0,11.0
2023-04-27 21:02:54.25,1682600574250000000,358.5,353.5,350.0,3577.0,61.0,216100.0,365.0,30.0,367.0,20.0,368.0,11.0,379.0,6.0,387.5,15.0,342.5,27.0,339.0,15.0,337.0,10.0,334.0,10.0,331.0,11.0
2023-04-27 21:02:54.5,1682600574500000000,358.5,353.5,350.0,3577.0,61.0,216100.0,365.0,30.0,367.0,20.0,368.0,1.0,376.0,10.0,379.0,6.0,342.5,27.0,339.0,15.0,338.0,10.0,337.0,10.0,331.0,11.0
2023-04-27 21:02:54.75,1682600574750000000,358.5,353.5,350.0,3577.0,61.0,216100.0,365.0,30.0,367.0,20.0,368.0,1.0,376.0,10.0,379.0,6.0,342.5,27.0,339.0,15.0,337.0,20.0,331.0,11.0,150.0,1.0
2023-04-27 21:02:55.0,1682600575000000000,358.5,353.5,350.0,3577.0,61.0,216100.0,365.0,30.0,367.0,20.0,368.0,11.0,379.0,6.0,387.5,15.0,342.5,27.0,339.0,15.0,337.0,20.0,331.0,11.0,150.0,1.0
2023-04-27 21:02:56.25,1682600576250000000,358.5,353.5,350.0,3577.0,61.0,216100.0,365.0,30.0,367.0,20.0,368.0,1.0,376.0,10.0,379.0,6.0,342.5,27.0,339.0,15.0,337.0,20.0,331.0,11.0,150.0,1.0
2023-04-27 21:02:58.25,1682600578250000000,358.5,353.5,350.0,3577.0,61.0,216100.0,365.0,40.0,367.0,20.0,368.0,1.0,376.0,10.0,379.0,6.0,342.5,27.0,340.5,10.0,339.0,15.0,337.0,20.0,331.0,11.0
2023-04-27 21:02:59.75,1682600579750000000,358.5,353.5,350.0,3577.0,61.0,216100.0,365.0,30.0,367.0,20.0,368.0,1.0,369.0,10.0,376.0,10.0,342.5,27.0,342.0,10.0,339.0,15.0,337.0,20.0,331.0,11.0
2023-04-27 21:03:00.0,1682600580000000000,358.5,353.5,350.0,3577.0,61.0,216100.0,365.0,30.0,367.0,20.0,368.0,1.0,369.0,10.0,376.0,10.0,342.5,27.0,342.0,10.0,340.0,10.0,339.0,15.0,337.0,10.0
2023-04-27 21:03:01.0,1682600581000000000,358.5,353.5,350.0,3577.0,61.0,216100.0,365.0,30.0,367.0,20.0,368.0,1.0,369.0,10.0,376.0,10.0,343.0,15.0,342.5,27.0,342.0,10.0,340.0,10.0,337.0,10.0
2023-04-27 21:03:02.5,1682600582500000000,358.5,353.5,350.0,3577.0,61.0,216100.0,365.0,20.0,367.0,20.0,368.0,1.0,369.0,10.0,370.5,10.0,343.0,15.0,342.5,27.0,342.0,20.0,340.0,10.0,331.0,11.0
2023-04-27 21:03:03.75,1682600583750000000,358.5,353.5,350.0,3577.0,61.0,216100.0,365.0,10.0,367.0,20.0,368.0,1.0,369.0,10.0,370.5,10.0,343.0,15.0,342.5,17.0,342.0,20.0,340.0,10.0,331.0,11.0
2023-04-27 21:03:04.0,1682600584000000000,358.5,353.5,350.0,3577.0,61.0,216100.0,362.0,2.0,367.0,30.0,368.0,1.0,369.0,10.0,370.5,10.0,343.0,25.0,342.5,17.0,342.0,20.0,331.0,11.0,150.0,1.0
2023-04-27 21:03:04.25,1682600584250000000,358.5,353.5,350.0,3577.0,61.0,216100.0,362.0,2.0,367.0,30.0,368.0,1.0,369.0,10.0,370.5,10.0,343.0,25.0,342.5,7.0,342.0,30.0,331.0,11.0,150.0,1.0
2023-04-27 21:03:06.0,1682600586000000000,362.0,362.0,350.0,3575.0,63.0,223340.0,367.0,30.0,368.0,1.0,369.0,10.0,370.5,10.0,376.0,10.0,343.0,25.0,342.5,7.0,342.0,30.0,331.0,11.0,150.0,1.0
2023-04-27 21:03:06.25,1682600586250000000,362.0,362.0,350.0,3575.0,63.0,223340.0,367.0,30.0,368.0,1.0,369.0,10.0,370.5,10.0,376.0,10.0,344.0,10.0,343.0,25.0,342.5,7.0,342.0,20.0,331.0,11.0
2023-04-27 21:03:06.5,1682600586500000000,362.0,362.0,350.0,3575.0,63.0,223340.0,367.0,30.0,368.0,1.0,369.0,10.0,370.5,10.0,376.0,10.0,343.5,10.0,343.0,25.0,342.5,7.0,342.0,20.0,331.0,11.0
2023-04-27 21:03:07.75,1682600587750000000,362.0,362.0,350.0,3575.0,63.0,223340.0,367.0,30.0,368.0,1.0,369.0,10.0,370.5,10.0,376.0,10.0,343.0,35.0,342.5,7.0,342.0,20.0,331.0,11.0,150.0,1.0
2023-04-27 21:03:11.0,1682600591000000000,362.0,362.0,350.0,3575.0,63.0,223340.0,367.0,30.0,368.0,1.0,369.0,10.0,370.5,10.0,376.0,10.0,343.0,20.0,342.5,7.0,342.0,20.0,334.5,15.0,331.0,11.0
2023-04-27 21:03:11.25,1682600591250000000,362.0,362.0,350.0,3575.0,63.0,223340.0,367.0,30.0,368.0,1.0,369.0,10.0,370.5,10.0,376.0,10.0,343.0,10.0,342.5,17.0,342.0,20.0,334.5,15.0,331.0,11.0
2023-04-27 21:03:11.5,1682600591500000000,362.0,362.0,350.0,3575.0,63.0,223340.0,367.0,30.0,368.0,1.0,369.0,10.0,370.5,10.0,376.0,10.0,342.5,27.0,342.0,20.0,334.5,15.0,331.0,11.0,150.0,1.0
2023-04-27 21:03:19.25,1682600599250000000,362.0,362.0,350.0,3575.0,63.0,223340.0,367.0,30.0,368.0,1.0,369.0,10.0,370.5,10.0,376.0,10.0,342.5,17.0,342.0,30.0,334.5,15.0,331.0,11.0,150.0,1.0
2023-04-27 21:03:19.5,1682600599500000000,362.0,362.0,350.0,3575.0,63.0,223340.0,367.0,30.0,368.0,1.0,369.0,10.0,370.5,10.0,376.0,10.0,342.5,7.0,342.0,30.0,337.5,10.0,334.5,15.0,331.0,11.0
2023-04-27 21:03:22.0,1682600602000000000,362.0,362.0,350.0,3575.0,63.0,223340.0,367.0,30.0,368.0,1.0,369.0,10.0,370.5,10.0,376.0,10.0,342.5,7.0,342.0,45.0,337.5,10.0,331.0,11.0,150.0,1.0
2023-04-27 21:03:22.25,1682600602250000000,362.0,362.0,350.0,3575.0,63.0,223340.0,367.0,30.0,368.0,1.0,369.0,10.0,370.5,10.0,376.0,10.0,342.5,7.0,342.0,30.0,337.5,10.0,333.0,15.0,331.0,11.0
2023-04-27 21:03:23.5,1682600603500000000,362.0,362.0,350.0,3575.0,63.0,223340.0,367.0,30.0,368.0,1.0,369.0,10.0,370.5,10.0,376.0,10.0,342.5,7.0,342.0,45.0,337.5,10.0,331.0,11.0,150.0,1.0
2023-04-27 21:03:25.5,1682600605500000000,362.0,362.0,350.0,3575.0,63.0,223340.0,367.0,30.0,368.0,1.0,369.0,10.0,370.5,10.0,376.0,10.0,342.5,7.0,342.0,30.0,337.5,10.0,333.5,15.0,331.0,11.0
2023-04-27 21:03:45.5,1682600625500000000,362.0,362.0,350.0,3575.0,63.0,223340.0,367.0,30.0,368.0,1.0,369.0,10.0,370.5,10.0,376.0,10.0,343.0,1.0,342.5,7.0,342.0,30.0,337.5,10.0,333.5,15.0
2023-04-27 21:03:45.75,1682600625750000000,362.0,362.0,350.0,3575.0,63.0,223340.0,367.0,30.0,368.0,1.0,369.0,10.0,370.5,10.0,376.0,10.0,343.5,10.0,343.0,1.0,342.5,7.0,342.0,30.0,333.5,15.0
2023-04-27 21:03:46.75,1682600626750000000,362.0,362.0,350.0,3575.0,63.0,223340.0,367.0,30.0,368.0,1.0,369.0,10.0,376.0,20.0,379.0,6.0,348.0,10.0,343.5,10.0,343.0,1.0,342.5,7.0,342.0,20.0
2023-04-27 21:03:47.0,1682600627000000000,362.0,362.0,350.0,3575.0,63.0,223340.0,367.0,30.0,368.0,1.0,369.0,10.0,376.0,20.0,379.0,6.0,348.0,20.0,344.0,1.0,343.5,10.0,343.0,1.0,342.5,7.0
2023-04-27 21:03:47.25,1682600627250000000,362.0,362.0,350.0,3575.0,63.0,223340.0,363.5,10.0,367.0,20.0,368.0,1.0,369.0,10.0,376.0,20.0,359.0,10.0,348.0,10.0,344.0,11.0,343.0,1.0,342.5,7.0
2023-04-27 21:03:47.5,1682600627500000000,363.5,363.5,350.0,3575.0,73.0,259690.0,367.0,20.0,368.0,1.0,369.0,10.0,376.0,20.0,379.0,6.0,348.0,10.0,344.0,11.0,343.0,1.0,342.5,7.0,342.0,10.0
2023-04-27 21:03:54.5,1682600634500000000,363.5,363.5,350.0,3575.0,73.0,259690.0,367.0,20.0,368.0,1.0,369.0,10.0,376.0,10.0,376.5,10.0,348.0,10.0,344.0,11.0,343.0,1.0,342.5,7.0,342.0,10.0
2023-04-27 21:04:00.0,1682600640000000000,363.5,363.5,350.0,3575.0,73.0,259690.0,367.0,20.0,368.0,1.0,369.0,10.0,370.5,10.0,372.5,10.0,352.5,10.0,350.5,10.0,344.0,11.0,343.0,1.0,342.5,7.0
2023-04-27 21:04:00.75,1682600640750000000,363.5,363.5,350.0,3575.0,73.0,259690.0,367.0,20.0,368.0,1.0,369.0,10.0,370.5,10.0,372.5,10.0,352.5,10.0,350.5,10.0,346.0,15.0,344.0,11.0,343.0,1.0
2023-04-27 21:04:01.0,1682600641000000000,363.5,363.5,350.0,3575.0,73.0,259690.0,367.0,20.0,368.0,1.0,369.0,10.0,370.5,10.0,372.5,10.0,352.5,10.0,350.5,10.0,344.0,11.0,343.0,1.0,342.5,7.0
2023-04-27 21:04:02.25,1682600642250000000,363.5,363.5,350.0,3575.0,73.0,259690.0,367.0,20.0,368.0,1.0,369.0,10.0,370.5,10.0,372.5,10.0,352.5,10.0,350.5,10.0,345.0,15.0,344.0,11.0,343.0,1.0
2023-04-27 21:04:02.5,1682600642500000000,363.5,363.5,350.0,3575.0,73.0,259690.0,363.0,10.0,367.0,20.0,368.0,1.0,369.0,10.0,370.5,10.0,358.0,10.0,352.5,10.0,345.0,15.0,344.0,11.0,343.0,1.0
2023-04-27 21:04:02.75,1682600642750000000,363.5,363.5,350.0,3575.0,73.0,259690.0,367.0,20.0,368.0,1.0,369.0,10.0,370.5,10.0,376.5,10.0,352.5,10.0,345.0,15.0,344.0,11.0,343.0,1.0,342.5,7.0
2023-04-27 21:04:03.0,1682600643000000000,363.5,363.5,350.0,3575.0,73.0,259690.0,367.0,20.0,368.0,1.0,369.0,10.0,370.5,10.0,376.5,10.0,352.5,10.0,344.0,11.0,343.0,1.0,342.5,7.0,342.0,10.0
2023-04-27 21:04:03.75,1682600643750000000,363.5,363.5,350.0,3575.0,73.0,259690.0,364.5,10.0,367.0,20.0,368.0,1.0,369.0,10.0,370.5,10.0,359.0,10.0,352.5,10.0,344.0,11.0,343.0,1.0,342.5,7.0
2023-04-27 21:04:04.0,1682600644000000000,363.5,363.5,350.0,3575.0,73.0,259690.0,364.5,10.0,367.0,20.0,368.0,1.0,369.0,10.0,370.5,10.0,359.0,10.0,352.5,10.0,346.0,15.0,344.0,11.0,343.0,1.0
2023-04-27 21:04:04.5,1682600644500000000,363.5,363.5,350.0,3575.0,73.0,259690.0,367.0,20.0,368.0,1.0,369.0,10.0,370.5,10.0,376.5,10.0,352.5,10.0,346.0,15.0,344.0,11.0,343.0,1.0,342.5,7.0
2023-04-27 21:04:04.75,1682600644750000000,363.5,363.5,350.0,3575.0,73.0,259690.0,367.0,20.0,368.0,1.0,369.0,10.0,370.5,10.0,376.5,10.0,352.5,10.0,344.0,11.0,343.0,1.0,342.5,7.0,342.0,10.0
2023-04-27 21:04:07.0,1682600647000000000,363.5,363.5,350.0,3575.0,73.0,259690.0,367.0,20.0,368.0,1.0,369.0,10.0,370.5,10.0,379.0,6.0,352.5,10.0,344.0,11.0,343.0,1.0,342.5,7.0,342.0,10.0
2023-04-27 21:04:07.25,1682600647250000000,363.5,363.5,350.0,3575.0,73.0,259690.0,367.0,20.0,368.0,1.0,369.0,10.0,370.5,10.0,377.5,10.0,352.5,10.0,344.0,11.0,343.0,1.0,342.5,7.0,342.0,10.0
2023-04-27 21:04:07.5,1682600647500000000,363.5,363.5,350.0,3575.0,73.0,259690.0,367.0,20.0,368.0,1.0,369.0,10.0,370.5,10.0,377.5,10.0,352.5,10.0,348.0,15.0,344.0,11.0,343.0,1.0,342.5,7.0
2023-04-27 21:04:08.5,1682600648500000000,363.5,363.5,350.0,3575.0,73.0,259690.0,367.0,20.0,368.0,1.0,369.0,10.0,370.5,10.0,379.0,6.0,352.5,10.0,344.0,11.0,343.0,1.0,342.5,7.0,342.0,10.0
2023-04-27 21:04:08.75,1682600648750000000,363.5,363.5,350.0,3575.0,73.0,259690.0,367.0,20.0,368.0,1.0,369.0,10.0,370.5,10.0,378.0,10.0,352.5,10.0,344.0,11.0,343.0,1.0,342.5,7.0,342.0,10.0
2023-04-27 21:04:09.0,1682600649000000000,363.5,363.5,350.0,3575.0,73.0,259690.0,367.0,20.0,368.0,1.0,369.0,10.0,370.5,10.0,379.0,6.0,352.5,10.0,344.0,11.0,343.0,1.0,342.5,7.0,342.0,10.0
2023-04-27 21:04:09.25,1682600649250000000,363.5,363.5,350.0,3575.0,73.0,259690.0,367.0,20.0,368.0,1.0,369.0,10.0,370.5,10.0,378.5,10.0,352.5,10.0,344.0,11.0,343.0,1.0,342.5,7.0,342.0,10.0
2023-04-27 21:04:10.0,1682600650000000000,363.5,363.5,350.0,3575.0,73.0,259690.0,367.0,20.0,368.0,1.0,369.0,10.0,370.5,10.0,378.5,10.0,352.5,10.0,349.0,15.0,344.0,11.0,343.0,1.0,342.5,7.0
2023-04-27 21:04:10.5,1682600650500000000,363.5,363.5,350.0,3575.0,73.0,259690.0,367.0,20.0,368.0,1.0,369.0,10.0,370.5,10.0,378.5,10.0,352.5,10.0,344.0,11.0,343.0,1.0,342.5,7.0,342.0,10.0
2023-04-27 21:04:11.0,1682600651000000000,363.5,363.5,350.0,3575.0,73.0,259690.0,367.0,20.0,368.0,1.0,369.0,10.0,370.5,10.0,379.0,6.0,352.5,10.0,344.0,11.0,343.0,1.0,342.5,7.0,342.0,10.0
2023-04-27 21:04:11.25,1682600651250000000,363.5,363.5,350.0,3575.0,73.0,259690.0,367.0,20.0,368.0,1.0,369.0,10.0,370.5,10.0,379.0,16.0,352.5,10.0,344.0,11.0,343.0,1.0,342.5,7.0,342.0,10.0
2023-04-27 21:04:12.0,1682600652000000000,363.5,363.5,350.0,3575.0,73.0,259690.0,367.0,20.0,368.0,1.0,369.0,10.0,374.5,10.0,379.0,6.0,355.5,10.0,344.0,11.0,343.0,1.0,342.5,7.0,342.0,10.0
2023-04-27 21:04:12.25,1682600652250000000,367.0,367.0,350.0,3575.0,93.0,333090.0,368.0,1.0,369.0,10.0,374.5,10.0,379.0,6.0,388.0,11.0,355.5,10.0,344.0,11.0,343.0,1.0,342.5,7.0,342.0,10.0
2023-04-27 21:04:12.5,1682600652500000000,367.0,367.0,350.0,3575.0,93.0,333090.0,368.0,1.0,369.0,10.0,372.5,10.0,374.5,10.0,379.0,16.0,355.5,10.0,350.5,10.0,344.0,11.0,343.0,1.0,342.5,7.0
2023-04-27 21:04:12.75,1682600652750000000,367.0,367.0,350.0,3575.0,93.0,333090.0,368.0,1.0,369.0,10.0,372.5,10.0,374.5,10.0,379.0,6.0,355.5,10.0,350.5,10.0,349.5,15.0,344.0,11.0,343.0,1.0
2023-04-27 21:04:13.25,1682600653250000000,367.0,367.0,350.0,3575.0,93.0,333090.0,368.0,1.0,369.0,10.0,372.5,10.0,374.5,10.0,379.0,6.0,355.5,10.0,350.5,10.0,344.0,11.0,343.0,1.0,342.5,7.0
2023-04-27 21:04:13.5,1682600653500000000,367.0,367.0,350.0,3575.0,93.0,333090.0,368.0,1.0,369.0,10.0,374.5,10.0,379.0,6.0,388.0,11.0,355.5,10.0,350.0,15.0,344.0,11.0,343.0,1.0,342.5,7.0
2023-04-27 21:04:13.75,1682600653750000000,367.0,367.0,350.0,3575.0,93.0,333090.0,368.0,1.0,369.0,10.0,374.5,10.0,379.0,6.0,385.0,10.0,355.5,10.0,344.0,11.0,343.0,1.0,342.5,7.0,342.0,10.0
2023-04-27 21:04:14.0,1682600654000000000,367.0,367.0,350.0,3575.0,93.0,333090.0,368.0,1.0,369.0,10.0,374.5,10.0,379.0,6.0,385.0,10.0,355.5,10.0,350.5,15.0,344.0,11.0,343.0,1.0,342.5,7.0
2023-04-27 21:04:15.75,1682600655750000000,367.0,367.0,350.0,3575.0,93.0,333090.0,368.0,1.0,369.0,20.0,374.5,10.0,379.0,6.0,385.0,10.0,355.5,20.0,350.5,15.0,344.0,11.0,343.0,1.0,342.5,7.0
2023-04-27 21:04:23.25,1682600663250000000,368.0,368.0,350.0,3575.0,94.0,336770.0,369.0,20.0,374.5,10.0,379.0,6.0,385.0,10.0,388.0,11.0,355.5,20.0,350.5,15.0,344.0,11.0,343.0,1.0,342.5,7.0
2023-04-27 21:04:23.5,1682600663500000000,369.0,369.0,350.0,3575.0,114.0,410570.0,373.0,10.0,374.5,10.0,379.0,6.0,385.0,10.0,388.0,11.0,368.5,10.0,355.5,10.0,354.5,15.0,352.5,10.0,344.0,1.0
2023-04-27 21:04:23.75,1682600663750000000,369.0,369.0,350.0,3575.0,114.0,410570.0,374.5,10.0,379.0,6.0,385.0,10.0,388.0,11.0,403.0,15.0,355.5,10.0,354.5,15.0,352.5,10.0,344.0,1.0,343.0,1.0
2023-04-27 21:04:24.0,1682600664000000000,369.0,369.0,350.0,3575.0,114.0,410570.0,374.5,10.0,379.0,6.0,382.5,10.0,385.0,10.0,388.0,11.0,355.5,10.0,354.5,25.0,352.5,10.0,344.0,1.0,343.0,1.0
2023-04-27 21:04:24.25,1682600664250000000,369.0,369.0,350.0,3575.0,114.0,410570.0,374.5,10.0,379.0,6.0,382.5,10.0,385.0,10.0,388.0,11.0,355.5,10.0,354.5,25.0,347.0,10.0,344.0,1.0,343.0,1.0
2023-04-27 21:04:25.0,1682600665000000000,369.0,369.0,350.0,3575.0,114.0,410570.0,377.5,10.0,379.0,6.0,382.5,10.0,385.0,10.0,388.0,11.0,359.0,10.0,354.5,25.0,347.0,10.0,344.0,1.0,343.0,1.0
2023-04-27 21:04:27.25,1682600667250000000,369.0,369.0,350.0,3575.0,114.0,410570.0,377.5,10.0,379.0,6.0,379.5,10.0,382.5,10.0,385.0,10.0,368.5,10.0,359.0,10.0,354.5,25.0,347.0,10.0,344.0,1.0
2023-04-27 21:04:27.5,1682600667500000000,369.0,369.0,350.0,3575.0,114.0,410570.0,377.5,10.0,379.0,6.0,382.5,10.0,385.0,10.0,388.0,11.0,359.0,10.0,354.5,25.0,347.0,10.0,344.0,1.0,343.0,1.0
2023-04-27 21:04:28.75,1682600668750000000,369.0,369.0,350.0,3575.0,114.0,410570.0,377.5,10.0,379.0,6.0,382.5,10.0,385.5,10.0,388.0,11.0,359.0,10.0,354.5,25.0,347.0,10.0,344.0,1.0,343.0,1.0
2023-04-27 21:04:29.0,1682600669000000000,369.0,369.0,350.0,3575.0,114.0,410570.0,377.5,10.0,379.0,6.0,382.5,10.0,385.5,10.0,388.0,11.0,359.0,10.0,355.0,10.0,354.5,25.0,344.0,1.0,343.0,1.0
2023-04-27 21:04:29.5,1682600669500000000,369.0,369.0,350.0,3575.0,114.0,410570.0,377.5,20.0,379.0,6.0,382.5,10.0,385.5,10.0,388.0,11.0,359.0,20.0,355.0,10.0,354.5,25.0,344.0,1.0,343.0,1.0
2023-04-27 21:04:29.75,1682600669750000000,369.0,369.0,350.0,3575.0,114.0,410570.0,377.5,20.0,379.0,6.0,382.5,10.0,386.0,10.0,388.0,11.0,359.0,20.0,355.0,10.0,354.5,25.0,344.0,1.0,343.0,1.0
2023-04-27 21:04:30.75,1682600670750000000,369.0,369.0,350.0,3575.0,114.0,410570.0,377.5,20.0,379.0,6.0,382.5,10.0,386.0,10.0,388.0,11.0,360.0,1.0,359.0,20.0,355.0,10.0,354.5,25.0,344.0,1.0
2023-04-27 21:04:31.25,1682600671250000000,369.0,369.0,350.0,3575.0,114.0,410570.0,377.5,20.0,379.0,6.0,382.5,10.0,386.5,10.0,388.0,11.0,360.0,1.0,359.0,20.0,355.0,10.0,354.5,25.0,344.0,1.0
2023-04-27 21:04:31.75,1682600671750000000,369.0,369.0,350.0,3575.0,114.0,410570.0,377.5,20.0,379.0,6.0,382.5,10.0,386.5,10.0,388.0,11.0,360.0,1.0,359.0,20.0,358.5,15.0,355.0,10.0,354.5,10.0
2023-04-27 21:04:32.25,1682600672250000000,369.0,369.0,350.0,3575.0,114.0,410570.0,377.5,10.0,379.0,6.0,381.0,10.0,382.5,10.0,386.5,10.0,362.0,10.0,360.0,1.0,359.0,10.0,358.5,15.0,355.0,10.0
2023-04-27 21:04:32.5,1682600672500000000,369.0,369.0,350.0,3575.0,114.0,410570.0,379.0,6.0,381.0,20.0,382.5,10.0,386.5,10.0,388.0,11.0,362.0,20.0,360.0,1.0,358.5,15.0,355.0,10.0,354.5,10.0
2023-04-27 21:04:39.75,1682600679750000000,369.0,369.0,350.0,3575.0,114.0,410570.0,379.0,6.0,381.0,20.0,382.5,10.0,386.5,10.0,388.0,11.0,365.0,1.0,362.0,20.0,358.5,15.0,355.0,10.0,354.5,10.0
2023-04-27 21:04:40.25,1682600680250000000,369.0,369.0,350.0,3575.0,114.0,410570.0,379.0,7.0,381.0,20.0,382.5,10.0,386.5,10.0,388.0,11.0,365.0,1.0,362.0,20.0,358.5,15.0,355.0,10.0,354.5,10.0
2023-04-27 21:04:45.25,1682600685250000000,369.0,369.0,350.0,3575.0,114.0,410570.0,379.0,7.0,381.0,20.0,382.5,10.0,386.5,10.0,388.0,11.0,365.0,1.0,362.0,20.0,358.5,15.0,354.5,20.0,344.0,1.0
2023-04-27 21:04:45.5,1682600685500000000,369.0,369.0,350.0,3575.0,114.0,410570.0,379.0,7.0,381.0,20.0,382.5,10.0,386.5,10.0,388.0,11.0,365.0,1.0,362.0,20.0,358.5,15.0,354.5,10.0,347.0,10.0
2023-04-27 21:04:47.0,1682600687000000000,369.0,369.0,350.0,3575.0,114.0,410570.0,379.0,7.0,381.0,20.0,382.5,10.0,386.5,10.0,388.0,11.0,365.0,1.0,362.0,20.0,355.0,15.0,354.5,10.0,347.0,10.0
2023-04-27 21:04:47.25,1682600687250000000,369.0,369.0,350.0,3575.0,114.0,410570.0,377.0,10.0,379.0,7.0,381.0,10.0,382.5,10.0,386.5,10.0,365.0,1.0,362.0,10.0,358.5,10.0,355.0,15.0,354.5,10.0
2023-04-27 21:04:47.5,1682600687500000000,369.0,369.0,350.0,3575.0,114.0,410570.0,377.0,20.0,379.0,7.0,382.5,10.0,386.5,10.0,388.0,11.0,365.0,1.0,358.5,20.0,355.0,15.0,354.5,10.0,347.0,10.0
2023-04-27 21:04:47.75,1682600687750000000,369.0,369.0,350.0,3575.0,114.0,410570.0,377.0,20.0,379.0,6.0,382.5,10.0,386.5,10.0,388.0,11.0,365.0,1.0,358.5,20.0,355.0,15.0,354.5,10.0,347.0,10.0
2023-04-27 21:04:48.0,1682600688000000000,369.0,369.0,350.0,3575.0,114.0,410570.0,377.0,20.0,378.0,1.0,379.0,6.0,382.5,10.0,386.5,10.0,365.0,1.0,358.5,20.0,355.0,15.0,354.5,10.0,347.0,10.0
2023-04-27 21:04:56.5,1682600696500000000,369.0,369.0,350.0,3575.0,114.0,410570.0,377.0,20.0,379.0,6.0,382.5,10.0,386.5,10.0,388.0,11.0,365.0,1.0,358.5,20.0,355.0,15.0,354.5,10.0,347.0,10.0
2023-04-27 21:04:56.75,1682600696750000000,369.0,369.0,350.0,3575.0,114.0,410570.0,376.0,1.0,377.0,20.0,379.0,6.0,382.0,10.0,382.5,10.0,365.0,1.0,358.5,20.0,355.0,15.0,354.5,10.0,347.0,10.0
2023-04-27 21:04:59.25,1682600699250000000,369.0,369.0,350.0,3575.0,114.0,410570.0,376.0,1.0,377.0,20.0,379.0,6.0,382.0,10.0,382.5,10.0,365.0,1.0,358.5,20.0,354.5,10.0,354.0,15.0,347.0,10.0
2023-04-27 21:05:00.5,1682600700500000000,369.0,369.0,350.0,3575.0,114.0,410570.0,376.0,11.0,377.0,20.0,379.0,6.0,382.0,10.0,382.5,10.0,365.0,1.0,364.5,10.0,358.5,20.0,354.5,10.0,354.0,15.0
2023-04-27 21:05:00.75,1682600700750000000,369.0,369.0,350.0,3575.0,114.0,410570.0,376.0,21.0,377.0,10.0,379.0,6.0,382.0,10.0,382.5,10.0,365.0,1.0,364.5,10.0,363.5,10.0,358.5,10.0,354.5,10.0
2023-04-27 21:05:01.0,1682600701000000000,369.0,369.0,350.0,3575.0,114.0,410570.0,376.0,21.0,377.0,10.0,379.0,6.0,382.0,10.0,382.5,10.0,365.0,1.0,364.5,20.0,358.5,10.0,354.5,10.0,354.0,15.0
2023-04-27 21:05:02.25,1682600702250000000,369.0,369.0,350.0,3575.0,114.0,410570.0,376.0,21.0,377.0,10.0,379.0,6.0,382.0,10.0,382.5,10.0,365.0,1.0,364.5,10.0,363.0,10.0,358.5,10.0,354.5,10.0
2023-04-27 21:05:02.5,1682600702500000000,369.0,369.0,350.0,3575.0,114.0,410570.0,376.0,21.0,377.0,10.0,379.0,6.0,382.0,10.0,382.5,10.0,365.0,1.0,363.5,10.0,363.0,10.0,358.5,10.0,354.5,10.0
2023-04-27 21:05:03.0,1682600703000000000,369.0,369.0,350.0,3575.0,114.0,410570.0,370.0,5.0,376.0,21.0,377.0,10.0,379.0,6.0,382.0,10.0,365.0,1.0,363.5,10.0,363.0,10.0,358.5,10.0,354.5,10.0
2023-04-27 21:05:03.5,1682600703500000000,369.0,369.0,350.0,3575.0,114.0,410570.0,370.0,15.0,376.0,11.0,377.0,10.0,379.0,6.0,382.0,10.0,365.0,1.0,364.0,10.0,363.0,10.0,358.5,10.0,354.5,10.0
2023-04-27 21:05:03.75,1682600703750000000,369.0,369.0,350.0,3575.0,114.0,410570.0,370.0,25.0,376.0,1.0,377.0,10.0,379.0,6.0,382.0,10.0,365.0,1.0,364.0,20.0,358.5,10.0,354.5,10.0,353.5,15.0
2023-04-27 21:05:04.75,1682600704750000000,369.0,369.0,350.0,3575.0,114.0,410570.0,370.0,25.0,376.0,1.0,377.0,10.0,379.0,6.0,382.0,10.0,365.0,1.0,364.0,10.0,363.0,10.0,358.5,10.0,354.5,10.0
2023-04-27 21:05:05.25,1682600705250000000,369.0,369.0,350.0,3575.0,114.0,410570.0,370.0,25.0,376.0,1.0,377.0,10.0,379.0,6.0,382.0,10.0,365.0,11.0,363.0,10.0,358.5,10.0,354.5,10.0,353.5,15.0
2023-04-27 21:05:07.25,1682600707250000000,369.0,369.0,350.0,3575.0,114.0,410570.0,370.0,25.0,376.0,1.0,377.0,10.0,379.0,6.0,382.0,10.0,365.0,11.0,364.5,10.0,358.5,10.0,354.5,10.0,353.5,15.0
2023-04-27 21:05:11.0,1682600711000000000,369.0,369.0,350.0,3575.0,114.0,410570.0,370.0,25.0,376.0,1.0,377.0,10.0,379.0,6.0,382.0,10.0,365.0,11.0,363.5,10.0,358.5,10.0,354.5,10.0,353.5,15.0
2023-04-27 21:05:11.5,1682600711500000000,369.0,369.0,350.0,3575.0,114.0,410570.0,370.0,25.0,376.0,1.0,377.0,10.0,379.0,6.0,382.0,10.0,365.0,1.0,364.0,10.0,363.5,10.0,358.5,10.0,354.5,10.0
2023-04-27 21:05:13.25,1682600713250000000,369.0,369.0,350.0,3575.0,114.0,410570.0,370.0,25.0,373.5,10.0,376.0,1.0,379.0,6.0,382.0,10.0,365.0,1.0,363.5,10.0,362.0,10.0,355.0,10.0,354.5,10.0
2023-04-27 21:05:13.5,1682600713500000000,369.0,369.0,350.0,3575.0,114.0,410570.0,370.0,25.0,373.5,10.0,376.0,1.0,379.0,6.0,382.0,10.0,365.0,1.0,363.0,10.0,362.0,10.0,355.0,10.0,354.5,10.0
2023-04-27 21:05:13.75,1682600713750000000,369.0,369.0,350.0,3575.0,114.0,410570.0,370.0,25.0,373.5,10.0,376.0,1.0,378.5,10.0,379.0,6.0,365.0,1.0,363.0,10.0,362.0,10.0,355.0,10.0,354.5,10.0
2023-04-27 21:05:15.0,1682600715000000000,369.0,369.0,350.0,3575.0,114.0,410570.0,370.0,25.0,373.5,10.0,376.0,1.0,378.5,10.0,379.0,6.0,365.0,1.0,363.0,10.0,360.5,10.0,355.0,10.0,354.5,10.0
2023-04-27 21:05:15.25,1682600715250000000,369.0,365.0,350.0,3576.0,115.0,414220.0,370.0,25.0,373.5,10.0,376.0,1.0,378.5,10.0,379.0,6.0,363.0,10.0,360.5,10.0,355.0,10.0,354.5,10.0,352.0,15.0
2023-04-27 21:05:15.5,1682600715500000000,369.0,365.0,350.0,3576.0,115.0,414220.0,370.0,25.0,373.5,10.0,376.0,1.0,378.5,10.0,379.0,6.0,361.5,10.0,360.5,10.0,355.0,10.0,354.5,10.0,352.0,15.0
2023-04-27 21:05:16.25,1682600716250000000,369.0,365.0,350.0,3576.0,115.0,414220.0,370.0,25.0,373.5,10.0,376.0,1.0,378.5,10.0,379.0,6.0,361.0,10.0,360.5,10.0,355.0,10.0,354.5,10.0,352.0,15.0
2023-04-27 21:05:20.5,1682600720500000000,369.0,365.0,350.0,3576.0,115.0,414220.0,370.0,25.0,373.5,10.0,376.0,1.0,378.5,10.0,379.0,6.0,360.5,20.0,355.0,10.0,354.5,10.0,352.0,15.0,344.0,1.0
2023-04-27 21:05:20.75,1682600720750000000,369.0,365.0,350.0,3576.0,115.0,414220.0,370.0,25.0,370.5,10.0,376.0,1.0,378.5,10.0,379.0,6.0,360.5,10.0,359.0,10.0,354.5,10.0,352.0,15.0,351.0,10.0
2023-04-27 21:05:21.25,1682600721250000000,369.0,365.0,350.0,3576.0,115.0,414220.0,370.0,25.0,370.5,10.0,376.0,1.0,378.5,10.0,379.0,6.0,359.5,10.0,359.0,10.0,354.5,10.0,351.0,10.0,348.5,15.0
2023-04-27 21:05:23.0,1682600723000000000,369.0,365.0,350.0,3576.0,115.0,414220.0,370.0,25.0,370.5,10.0,376.0,1.0,378.5,10.0,379.0,6.0,359.0,20.0,354.5,10.0,351.0,10.0,348.5,15.0,344.0,1.0
2023-04-27 21:05:23.25,1682600723250000000,369.0,365.0,350.0,3576.0,115.0,414220.0,370.0,25.0,370.5,10.0,375.0,10.0,376.0,1.0,379.0,6.0,359.0,10.0,357.0,10.0,354.5,10.0,351.0,10.0,348.5,15.0
2023-04-27 21:05:23.5,1682600723500000000,369.0,365.0,350.0,3576.0,115.0,414220.0,370.0,25.0,370.5,10.0,375.0,10.0,376.0,1.0,379.0,6.0,358.0,10.0,357.0,10.0,354.5,10.0,351.0,10.0,348.5,15.0
2023-04-27 21:05:24.25,1682600724250000000,369.0,358.0,350.0,3576.0,117.0,421380.0,370.0,25.0,370.5,10.0,375.0,10.0,376.0,1.0,379.0,6.0,358.0,8.0,357.0,10.0,354.5,10.0,351.0,10.0,348.5,15.0
2023-04-27 21:05:24.5,1682600724500000000,369.0,358.0,350.0,3576.0,117.0,421380.0,370.0,25.0,370.5,10.0,375.0,10.0,376.0,1.0,379.0,6.0,358.0,8.0,354.5,20.0,351.0,10.0,344.0,1.0,343.0,1.0
2023-04-27 21:05:24.75,1682600724750000000,369.0,358.0,350.0,3576.0,119.0,428540.0,370.0,25.0,370.5,10.0,375.0,10.0,376.0,1.0,379.0,6.0,358.0,6.0,354.5,20.0,351.0,10.0,344.5,10.0,344.0,1.0
2023-04-27 21:05:25.0,1682600725000000000,369.0,358.0,350.0,3576.0,119.0,428540.0,370.0,25.0,370.5,10.0,375.0,10.0,376.0,1.0,379.0,6.0,358.0,6.0,354.5,20.0,351.0,10.0,347.0,15.0,344.5,10.0
2023-04-27 21:05:25.25,1682600725250000000,369.0,358.0,350.0,3576.0,121.0,435700.0,370.0,25.0,370.5,10.0,375.0,10.0,376.0,1.0,379.0,6.0,358.0,4.0,354.5,20.0,351.0,10.0,347.0,15.0,344.5,10.0
2023-04-27 21:05:25.5,1682600725500000000,369.0,358.0,350.0,3576.0,121.0,435700.0,370.0,25.0,370.5,10.0,375.0,10.0,376.0,1.0,379.0,6.0,358.0,10.0,354.5,20.0,351.0,10.0,347.0,15.0,344.5,10.0
2023-04-27 21:05:25.75,1682600725750000000,369.0,358.0,350.0,3576.0,121.0,435700.0,370.0,25.0,370.5,10.0,375.0,10.0,376.0,1.0,379.0,6.0,358.0,10.0,357.0,10.0,354.5,10.0,351.0,10.0,347.0,15.0
2023-04-27 21:05:26.5,1682600726500000000,369.0,358.0,350.0,3576.0,123.0,442860.0,370.0,25.0,370.5,10.0,375.0,10.0,376.0,1.0,379.0,6.0,358.0,8.0,357.0,10.0,354.5,10.0,351.0,10.0,344.5,10.0
2023-04-27 21:05:26.75,1682600726750000000,369.0,358.0,350.0,3576.0,125.0,450020.0,370.0,25.0,370.5,10.0,375.0,10.0,376.0,1.0,379.0,6.0,358.0,6.0,354.5,20.0,351.0,10.0,344.5,10.0,344.0,1.0
2023-04-27 21:05:27.25,1682600727250000000,369.0,358.0,350.0,3576.0,127.0,457180.0,370.0,25.0,370.5,10.0,375.0,10.0,376.0,1.0,379.0,6.0,358.0,4.0,354.5,20.0,351.0,10.0,344.5,10.0,344.0,1.0
2023-04-27 21:05:27.5,1682600727500000000,369.0,358.0,350.0,3576.0,127.0,457180.0,370.0,25.0,370.5,10.0,375.0,10.0,376.0,1.0,379.0,6.0,358.0,10.0,354.5,20.0,351.0,10.0,346.5,15.0,344.5,10.0
2023-04-27 21:05:27.75,1682600727750000000,369.0,358.0,350.0,3576.0,127.0,457180.0,370.0,25.0,370.5,10.0,375.0,10.0,376.0,1.0,379.0,6.0,358.0,10.0,357.0,10.0,354.5,10.0,351.0,10.0,344.5,10.0
2023-04-27 21:05:28.0,1682600728000000000,369.0,358.0,350.0,3576.0,127.0,457180.0,370.0,25.0,370.5,10.0,375.0,10.0,376.0,1.0,379.0,6.0,358.0,10.0,357.0,10.0,354.5,10.0,351.0,10.0,347.0,15.0
2023-04-27 21:05:28.25,1682600728250000000,369.0,358.0,350.0,3576.0,130.0,467920.0,370.0,25.0,370.5,10.0,375.5,10.0,376.0,1.0,379.0,6.0,358.0,7.0,357.0,10.0,354.5,10.0,351.0,10.0,344.5,10.0
2023-04-27 21:05:28.5,1682600728500000000,369.0,358.0,350.0,3576.0,130.0,467920.0,370.0,25.0,370.5,10.0,375.5,10.0,376.0,1.0,379.0,6.0,358.0,7.0,354.5,20.0,351.0,10.0,347.0,15.0,344.5,10.0
2023-04-27 21:05:28.75,1682600728750000000,369.0,358.0,350.0,3576.0,130.0,467920.0,370.0,25.0,370.5,10.0,375.5,10.0,376.0,1.0,379.0,6.0,358.0,32.0,354.5,20.0,351.0,10.0,347.0,15.0,344.5,10.0
2023-04-27 21:05:29.0,1682600729000000000,369.0,358.0,350.0,3576.0,130.0,467920.0,370.0,25.0,370.5,10.0,375.5,10.0,376.0,1.0,379.0,6.0,358.0,32.0,357.5,10.0,354.5,10.0,351.0,10.0,347.0,15.0
2023-04-27 21:05:29.25,1682600729250000000,369.0,358.0,350.0,3576.0,133.0,478660.0,370.0,25.0,370.5,10.0,375.5,10.0,376.0,1.0,379.0,6.0,358.0,29.0,357.5,10.0,354.5,10.0,351.0,10.0,347.0,15.0
2023-04-27 21:05:29.5,1682600729500000000,369.0,358.0,350.0,3576.0,133.0,478660.0,370.0,25.0,370.5,10.0,375.5,10.0,376.0,1.0,379.0,6.0,358.0,35.0,357.5,10.0,354.5,10.0,351.0,10.0,347.0,15.0
2023-04-27 21:05:30.0,1682600730000000000,369.0,358.0,350.0,3575.0,134.0,482240.0,370.0,25.0,370.5,10.0,375.5,10.0,376.0,1.0,379.0,6.0,358.0,34.0,357.5,10.0,354.5,10.0,351.0,10.0,347.0,15.0
2023-04-27 21:05:30.25,1682600730250000000,369.0,358.0,350.0,3573.0,136.0,489400.0,370.0,25.0,370.5,10.0,375.5,10.0,376.0,1.0,379.0,6.0,358.0,32.0,357.5,10.0,354.5,10.0,351.0,10.0,347.0,15.0
2023-04-27 21:05:31.0,1682600731000000000,369.0,358.0,350.0,3570.0,139.0,500140.0,370.0,25.0,370.5,10.0,375.5,10.0,376.0,1.0,379.0,6.0,358.0,29.0,357.5,10.0,354.5,10.0,351.0,10.0,347.0,15.0
2023-04-27 21:05:32.0,1682600732000000000,369.0,358.0,350.0,3567.0,142.0,510880.0,370.0,25.0,370.5,10.0,375.5,10.0,376.0,1.0,379.0,6.0,358.0,10.0,357.5,10.0,354.5,10.0,351.0,10.0,347.0,15.0
2023-04-27 21:05:32.25,1682600732250000000,369.0,358.0,350.0,3567.0,142.0,510880.0,370.0,25.0,370.5,10.0,375.5,10.0,376.0,1.0,377.0,15.0,355.5,10.0,355.0,10.0,354.5,10.0,351.0,10.0,345.5,15.0
2023-04-27 21:05:32.5,1682600732500000000,369.0,358.0,350.0,3567.0,142.0,510880.0,366.0,10.0,370.0,25.0,375.5,10.0,376.0,1.0,377.0,15.0,355.5,10.0,355.0,10.0,354.5,10.0,347.5,10.0,345.5,15.0
2023-04-27 21:05:32.75,1682600732750000000,369.0,358.0,350.0,3567.0,142.0,510880.0,355.5,1.0,366.0,30.0,370.0,5.0,375.5,10.0,376.0,1.0,355.0,10.0,354.5,10.0,354.0,10.0,347.5,10.0,345.5,15.0
2023-04-27 21:05:33.0,1682600733000000000,369.0,355.5,350.0,3566.0,143.0,514435.0,355.5,2.0,366.0,30.0,370.0,5.0,372.5,10.0,375.5,10.0,355.0,10.0,354.0,10.0,347.5,10.0,345.5,15.0,345.0,10.0
2023-04-27 21:05:33.25,1682600733250000000,369.0,355.5,350.0,3564.0,145.0,521545.0,357.5,10.0,366.0,20.0,370.0,5.0,372.5,10.0,375.5,10.0,354.0,10.0,353.5,10.0,347.5,10.0,345.5,15.0,345.0,10.0
2023-04-27 21:05:33.5,1682600733500000000,369.0,355.5,350.0,3564.0,145.0,521545.0,358.0,10.0,359.5,10.0,366.0,10.0,370.0,5.0,372.5,10.0,353.0,20.0,347.5,10.0,345.5,15.0,345.0,10.0,344.0,1.0
2023-04-27 21:05:33.75,1682600733750000000,369.0,354.0,350.0,3564.0,148.0,532165.0,358.0,10.0,359.0,10.0,366.0,10.0,370.0,5.0,372.5,10.0,354.0,7.0,352.5,10.0,347.5,10.0,345.5,15.0,345.0,10.0
2023-04-27 21:05:34.0,1682600734000000000,369.0,354.0,350.0,3564.0,148.0,532165.0,359.0,20.0,366.0,10.0,370.0,5.0,372.0,10.0,372.5,10.0,354.0,7.0,347.5,20.0,345.5,15.0,345.0,10.0,344.0,1.0
2023-04-27 21:05:34.5,1682600734500000000,369.0,354.0,350.0,3564.0,148.0,532165.0,359.0,10.0,359.5,10.0,366.0,10.0,370.0,5.0,372.0,10.0,354.0,10.0,347.5,20.0,345.5,15.0,345.0,10.0,344.0,1.0
2023-04-27 21:05:34.75,1682600734750000000,369.0,354.0,350.0,3564.0,148.0,532165.0,359.5,20.0,366.0,10.0,370.0,5.0,372.0,10.0,372.5,10.0,354.0,10.0,353.0,10.0,347.5,10.0,345.5,15.0,345.0,10.0
2023-04-27 21:05:35.5,1682600735500000000,369.0,354.0,350.0,3564.0,149.0,535705.0,359.5,20.0,366.0,10.0,370.0,5.0,372.0,10.0,372.5,10.0,354.0,9.0,353.0,10.0,347.5,10.0,345.5,15.0,345.0,10.0
2023-04-27 21:05:35.75,1682600735750000000,369.0,354.0,350.0,3564.0,150.0,539245.0,359.5,20.0,366.0,10.0,370.0,5.0,372.0,10.0,372.5,10.0,354.0,8.0,347.5,20.0,345.5,15.0,345.0,10.0,344.0,1.0
2023-04-27 21:05:36.25,1682600736250000000,369.0,354.0,350.0,3564.0,152.0,546325.0,359.5,20.0,366.0,10.0,370.0,5.0,372.0,10.0,372.5,10.0,354.0,33.0,347.5,20.0,345.5,15.0,345.0,10.0,344.0,1.0
2023-04-27 21:05:36.5,1682600736500000000,369.0,354.0,350.0,3564.0,152.0,546325.0,359.5,20.0,366.0,10.0,370.0,5.0,372.0,10.0,372.5,10.0,354.0,33.0,353.0,10.0,347.5,10.0,345.5,15.0,345.0,10.0
2023-04-27 21:05:36.75,1682600736750000000,369.0,354.0,350.0,3562.0,154.0,553405.0,359.5,20.0,366.0,10.0,370.0,5.0,372.0,10.0,372.5,10.0,354.5,28.0,354.0,6.0,353.0,10.0,347.5,10.0,345.5,15.0
2023-04-27 21:05:37.0,1682600737000000000,369.0,354.0,350.0,3562.0,154.0,553405.0,359.5,20.0,366.0,10.0,370.0,5.0,372.5,20.0,376.0,1.0,354.5,28.0,354.0,6.0,353.0,10.0,347.5,10.0,345.0,10.0
2023-04-27 21:05:37.25,1682600737250000000,369.0,354.0,350.0,3562.0,154.0,553405.0,359.5,10.0,360.0,10.0,366.0,10.0,370.0,5.0,372.5,20.0,354.5,38.0,353.0,10.0,347.5,10.0,345.0,10.0,344.0,1.0
2023-04-27 21:05:37.5,1682600737500000000,369.0,354.0,350.0,3562.0,154.0,553405.0,360.0,20.0,366.0,10.0,370.0,5.0,372.5,20.0,375.5,15.0,354.5,38.0,353.0,10.0,347.5,10.0,345.0,10.0,344.0,16.0
2023-04-27 21:05:38.25,1682600738250000000,369.0,354.0,350.0,3562.0,154.0,553405.0,360.0,20.0,366.0,10.0,370.0,5.0,372.5,20.0,375.5,15.0,354.5,48.0,347.5,10.0,345.0,10.0,344.0,16.0,343.0,1.0
2023-04-27 21:05:38.5,1682600738500000000,369.0,354.5,350.0,3559.0,157.0,564040.0,360.0,20.0,366.0,10.0,370.0,5.0,372.5,10.0,373.0,10.0,354.5,45.0,347.5,10.0,345.0,10.0,344.0,16.0,343.0,1.0
2023-04-27 21:05:38.75,1682600738750000000,369.0,354.5,350.0,3556.0,161.0,578275.0,360.0,19.0,366.0,10.0,370.0,5.0,372.5,10.0,375.5,15.0,354.5,42.0,347.5,10.0,345.0,10.0,344.0,16.0,343.0,11.0
2023-04-27 21:05:39.0,1682600739000000000,369.0,354.5,350.0,3556.0,161.0,578275.0,360.0,9.0,366.0,20.0,370.0,5.0,372.5,10.0,373.5,10.0,354.5,42.0,347.5,10.0,345.0,10.0,344.0,16.0,343.0,11.0
2023-04-27 21:05:39.25,1682600739250000000,369.0,354.5,350.0,3555.0,162.0,581820.0,360.0,9.0,366.0,20.0,370.0,5.0,372.5,10.0,373.5,10.0,354.5,41.0,347.5,10.0,345.0,10.0,344.0,16.0,343.0,11.0
2023-04-27 21:05:40.25,1682600740250000000,369.0,354.5,350.0,3553.0,164.0,588910.0,360.0,9.0,366.0,20.0,370.0,5.0,372.5,10.0,373.5,10.0,354.5,39.0,347.5,10.0,345.0,10.0,344.0,16.0,343.0,1.0
2023-04-27 21:05:40.75,1682600740750000000,369.0,354.5,350.0,3552.0,165.0,592455.0,360.0,9.0,366.0,20.0,370.0,5.0,372.5,10.0,373.5,10.0,354.5,38.0,347.5,10.0,345.0,10.0,344.0,16.0,343.0,1.0
2023-04-27 21:05:41.0,1682600741000000000,369.0,354.5,350.0,3550.0,167.0,599545.0,360.0,9.0,366.0,20.0,370.0,5.0,372.5,10.0,373.5,10.0,354.5,36.0,347.5,10.0,345.0,10.0,344.0,16.0,343.0,1.0
2023-04-27 21:05:42.25,1682600742250000000,369.0,354.5,350.0,3547.0,170.0,610180.0,360.0,9.0,366.0,20.0,370.0,5.0,372.5,10.0,373.5,10.0,354.5,33.0,347.5,10.0,345.0,10.0,344.0,16.0,343.0,1.0
2023-04-27 21:05:42.75,1682600742750000000,369.0,354.5,350.0,3546.0,171.0,613725.0,360.0,9.0,366.0,20.0,370.0,5.0,372.5,10.0,373.5,10.0,354.5,32.0,347.5,10.0,345.0,10.0,344.0,16.0,343.0,1.0
2023-04-27 21:05:43.25,1682600743250000000,369.0,354.5,350.0,3545.0,172.0,617270.0,360.0,9.0,366.0,20.0,370.0,5.0,372.5,10.0,373.5,10.0,354.5,31.0,347.5,10.0,345.0,10.0,344.0,16.0,343.0,1.0
2023-04-27 21:05:43.75,1682600743750000000,369.0,354.5,350.0,3544.0,173.0,620815.0,360.0,9.0,366.0,20.0,370.0,5.0,372.5,10.0,373.5,10.0,354.5,30.0,347.5,10.0,345.0,10.0,344.0,16.0,343.0,1.0
2023-04-27 21:05:44.75,1682600744750000000,369.0,354.5,350.0,3543.0,175.0,627905.0,360.0,9.0,366.0,20.0,370.0,5.0,372.5,10.0,373.5,10.0,354.5,29.0,347.5,10.0,345.0,10.0,344.0,16.0,343.0,1.0
2023-04-27 21:05:45.0,1682600745000000000,369.0,354.5,350.0,3543.0,175.0,627905.0,360.0,9.0,366.0,20.0,370.0,5.0,372.0,10.0,372.5,10.0,354.5,29.0,347.5,10.0,345.0,10.0,344.0,16.0,343.0,1.0
2023-04-27 21:05:45.25,1682600745250000000,369.0,354.5,350.0,3543.0,176.0,631450.0,360.0,9.0,366.0,20.0,370.0,5.0,372.0,10.0,372.5,10.0,354.5,19.0,347.5,10.0,345.0,10.0,344.0,16.0,343.0,1.0
2023-04-27 21:05:45.5,1682600745500000000,369.0,354.5,350.0,3543.0,176.0,631450.0,360.0,10.0,366.0,20.0,370.0,5.0,372.0,10.0,372.5,10.0,353.5,10.0,347.5,20.0,345.0,10.0,344.0,15.0,343.0,1.0
2023-04-27 21:05:45.75,1682600745750000000,369.0,354.5,350.0,3543.0,176.0,631450.0,360.0,20.0,366.0,10.0,370.0,5.0,372.0,10.0,372.5,10.0,352.5,20.0,347.5,10.0,345.0,10.0,344.0,15.0,343.0,1.0
2023-04-27 21:05:46.0,1682600746000000000,369.0,354.5,350.0,3543.0,176.0,631450.0,354.5,1.0,360.0,20.0,366.0,10.0,370.0,5.0,372.0,10.0,352.5,20.0,347.5,10.0,345.0,10.0,343.0,1.0,342.5,7.0
2023-04-27 21:05:46.25,1682600746250000000,369.0,354.5,350.0,3542.0,177.0,634995.0,360.0,20.0,366.0,10.0,370.0,5.0,372.0,10.0,372.5,10.0,352.5,20.0,347.5,10.0,345.0,10.0,343.0,1.0,342.5,7.0
2023-04-27 21:05:48.75,1682600748750000000,369.0,354.5,350.0,3542.0,177.0,634995.0,360.0,20.0,366.0,10.0,370.0,5.0,372.0,10.0,372.5,10.0,352.5,20.0,347.5,10.0,345.0,10.0,343.0,16.0,342.5,7.0
2023-04-27 21:05:50.25,1682600750250000000,369.0,352.5,350.0,3542.0,178.0,638520.0,360.0,20.0,366.0,10.0,370.0,5.0,372.0,10.0,372.5,10.0,352.5,19.0,347.5,10.0,345.0,10.0,343.0,16.0,342.5,7.0
2023-04-27 21:05:50.5,1682600750500000000,369.0,352.5,350.0,3542.0,178.0,638520.0,360.0,20.0,366.0,10.0,370.0,5.0,372.0,10.0,372.5,10.0,352.5,30.0,347.5,20.0,345.0,10.0,343.0,16.0,342.5,7.0
2023-04-27 21:05:50.75,1682600750750000000,369.0,352.5,350.0,3542.0,178.0,638520.0,360.0,20.0,366.0,10.0,370.0,5.0,372.0,10.0,372.5,10.0,352.5,40.0,347.5,10.0,345.0,10.0,343.0,16.0,342.5,7.0
2023-04-27 21:05:56.0,1682600756000000000,369.0,352.5,350.0,3542.0,178.0,638520.0,360.0,20.0,366.0,10.0,370.0,5.0,372.0,10.0,372.5,10.0,352.5,40.0,347.5,10.0,345.5,15.0,345.0,10.0,343.0,1.0
2023-04-27 21:05:57.75,1682600757750000000,369.0,352.5,350.0,3542.0,178.0,638520.0,359.0,1.0,360.0,20.0,366.0,10.0,370.0,5.0,372.0,10.0,352.5,40.0,347.5,10.0,345.5,15.0,345.0,10.0,343.0,1.0
2023-04-27 21:05:58.5,1682600758500000000,369.0,352.5,350.0,3542.0,178.0,638520.0,359.0,11.0,360.0,10.0,366.0,10.0,370.0,5.0,372.0,10.0,353.0,10.0,352.5,31.0,347.5,10.0,345.5,15.0,345.0,10.0
2023-04-27 21:05:58.75,1682600758750000000,369.0,359.0,350.0,3541.0,179.0,642110.0,360.5,10.0,361.0,10.0,366.0,10.0,370.0,5.0,372.5,10.0,353.0,20.0,352.5,21.0,347.5,10.0,345.5,15.0,345.0,10.0
2023-04-27 21:05:59.0,1682600759000000000,369.0,359.0,350.0,3541.0,179.0,642110.0,361.0,10.0,362.0,10.0,366.0,10.0,370.0,5.0,372.5,10.0,353.0,20.0,352.5,21.0,347.5,10.0,345.5,15.0,345.0,10.0
2023-04-27 21:06:00.75,1682600760750000000,369.0,359.0,350.0,3541.0,179.0,642110.0,361.0,20.0,366.0,10.0,370.0,5.0,372.5,10.0,378.0,15.0,353.0,20.0,352.5,21.0,347.5,10.0,345.5,15.0,345.0,10.0
2023-04-27 21:06:01.0,1682600761000000000,369.0,359.0,350.0,3541.0,179.0,642110.0,361.0,20.0,366.0,10.0,370.0,5.0,372.5,10.0,375.0,10.0,353.0,20.0,352.5,21.0,347.5,10.0,345.5,15.0,345.0,10.0
2023-04-27 21:06:07.5,1682600767500000000,369.0,359.0,350.0,3541.0,179.0,642110.0,361.0,10.0,362.0,10.0,366.0,10.0,370.0,5.0,372.5,10.0,353.0,20.0,352.5,21.0,347.5,10.0,345.5,15.0,345.0,10.0
2023-04-27 21:06:07.75,1682600767750000000,369.0,359.0,350.0,3541.0,179.0,642110.0,361.5,10.0,362.0,10.0,366.0,10.0,370.0,5.0,372.5,10.0,353.0,20.0,352.5,21.0,347.5,10.0,345.5,15.0,345.0,10.0
2023-04-27 21:06:08.0,1682600768000000000,369.0,359.0,350.0,3541.0,179.0,642110.0,361.5,10.0,362.0,10.0,369.5,10.0,370.0,5.0,372.5,10.0,353.0,20.0,352.5,21.0,350.5,10.0,345.5,15.0,345.0,20.0
2023-04-27 21:06:08.25,1682600768250000000,369.0,359.0,350.0,3541.0,179.0,642110.0,362.0,20.0,369.5,10.0,370.0,5.0,372.5,10.0,378.0,15.0,353.0,20.0,352.5,21.0,350.5,10.0,345.5,15.0,345.0,20.0
2023-04-27 21:06:08.5,1682600768500000000,369.0,359.0,350.0,3541.0,179.0,642110.0,362.5,10.0,363.5,10.0,369.5,10.0,370.0,5.0,372.5,10.0,353.0,20.0,352.5,21.0,350.5,10.0,345.5,15.0,345.0,20.0
2023-04-27 21:06:08.75,1682600768750000000,369.0,359.0,350.0,3541.0,179.0,642110.0,362.5,10.0,363.5,10.0,369.5,10.0,370.0,5.0,372.5,10.0,353.0,20.0,352.5,21.0,350.5,10.0,346.0,10.0,345.5,15.0
2023-04-27 21:06:09.0,1682600769000000000,369.0,359.0,350.0,3541.0,179.0,642110.0,363.0,10.0,363.5,10.0,369.5,10.0,370.0,5.0,372.5,10.0,353.0,20.0,352.5,21.0,350.5,10.0,346.0,10.0,345.5,15.0
2023-04-27 21:06:09.25,1682600769250000000,369.0,359.0,350.0,3541.0,179.0,642110.0,363.0,10.0,364.5,10.0,369.5,10.0,370.0,5.0,372.5,10.0,353.0,20.0,352.5,21.0,350.5,10.0,346.0,10.0,345.5,15.0
2023-04-27 21:06:10.5,1682600770500000000,369.0,359.0,350.0,3541.0,179.0,642110.0,364.5,10.0,369.5,10.0,370.0,5.0,372.5,10.0,378.0,15.0,353.0,10.0,352.5,21.0,350.5,10.0,346.0,10.0,345.5,15.0
2023-04-27 21:06:10.75,1682600770750000000,369.0,359.0,350.0,3541.0,179.0,642110.0,369.5,20.0,370.0,5.0,372.5,10.0,377.0,10.0,378.0,15.0,352.5,31.0,350.5,10.0,346.0,10.0,345.5,15.0,345.0,10.0
2023-04-27 21:06:14.0,1682600774000000000,369.0,359.0,350.0,3541.0,179.0,642110.0,369.5,20.0,370.0,5.0,372.5,10.0,377.0,10.0,378.0,15.0,353.5,1.0,352.5,31.0,350.5,10.0,345.5,25.0,345.0,10.0
2023-04-27 21:06:14.25,1682600774250000000,369.0,359.0,350.0,3541.0,179.0,642110.0,368.0,10.0,369.5,20.0,370.0,5.0,372.5,10.0,377.0,10.0,354.0,10.0,353.5,1.0,352.5,31.0,350.5,10.0,345.5,25.0
2023-04-27 21:06:15.0,1682600775000000000,369.0,359.0,350.0,3541.0,179.0,642110.0,368.5,10.0,369.5,20.0,370.0,5.0,372.5,10.0,377.0,10.0,354.5,10.0,353.5,1.0,352.5,31.0,350.5,10.0,345.5,25.0
2023-04-27 21:06:15.25,1682600775250000000,369.0,359.0,350.0,3541.0,179.0,642110.0,368.0,10.0,369.5,20.0,370.0,5.0,372.5,10.0,377.0,10.0,353.5,11.0,352.5,31.0,350.5,10.0,345.5,25.0,345.0,10.0
2023-04-27 21:06:15.5,1682600775500000000,369.0,359.0,350.0,3541.0,179.0,642110.0,367.5,10.0,369.5,20.0,370.0,5.0,372.5,10.0,377.0,10.0,353.5,11.0,352.5,31.0,350.5,10.0,345.5,25.0,345.0,10.0
2023-04-27 21:06:15.75,1682600775750000000,369.0,359.0,350.0,3541.0,179.0,642110.0,367.5,20.0,369.5,10.0,370.0,5.0,372.5,10.0,377.0,10.0,353.5,21.0,352.5,21.0,350.5,10.0,345.5,25.0,345.0,10.0
2023-04-27 21:06:16.75,1682600776750000000,369.0,359.0,350.0,3541.0,179.0,642110.0,367.0,10.0,367.5,10.0,369.5,10.0,370.0,5.0,372.5,10.0,353.5,10.0,352.5,31.0,350.5,10.0,345.5,25.0,345.0,10.0
2023-04-27 21:06:17.0,1682600777000000000,369.0,359.0,350.0,3541.0,179.0,642110.0,367.0,20.0,369.5,10.0,370.0,5.0,372.5,10.0,377.0,10.0,352.5,41.0,350.5,10.0,345.5,25.0,345.0,10.0,343.0,1.0
2023-04-27 21:06:18.0,1682600778000000000,369.0,359.0,350.0,3541.0,179.0,642110.0,366.5,10.0,367.0,10.0,369.5,10.0,370.0,5.0,372.5,10.0,352.5,41.0,350.5,10.0,345.5,25.0,345.0,10.0,343.0,1.0
2023-04-27 21:06:18.25,1682600778250000000,369.0,359.0,350.0,3541.0,179.0,642110.0,367.0,10.0,367.5,10.0,369.5,10.0,370.0,5.0,372.5,10.0,353.0,10.0,352.5,31.0,350.5,10.0,345.5,25.0,345.0,10.0
2023-04-27 21:06:18.5,1682600778500000000,369.0,359.0,350.0,3541.0,179.0,642110.0,367.5,20.0,369.5,10.0,370.0,5.0,372.5,10.0,377.0,10.0,353.0,20.0,352.5,21.0,350.5,10.0,345.5,25.0,345.0,10.0
2023-04-27 21:06:18.75,1682600778750000000,369.0,359.0,350.0,3541.0,179.0,642110.0,366.5,10.0,367.5,10.0,369.5,10.0,370.0,5.0,372.5,10.0,353.0,10.0,352.5,31.0,350.5,10.0,345.5,25.0,345.0,10.0
2023-04-27 21:06:19.0,1682600779000000000,369.0,359.0,350.0,3541.0,179.0,642110.0,365.5,10.0,366.5,10.0,369.5,10.0,370.0,5.0,372.5,10.0,352.5,31.0,351.5,10.0,350.5,10.0,345.5,15.0,345.0,10.0
2023-04-27 21:06:19.25,1682600779250000000,369.0,359.0,350.0,3541.0,179.0,642110.0,365.0,10.0,366.5,10.0,369.5,10.0,370.0,5.0,372.5,10.0,352.5,31.0,351.0,10.0,350.5,10.0,345.0,10.0,343.0,1.0
2023-04-27 21:06:19.5,1682600779500000000,369.0,359.0,350.0,3541.0,179.0,642110.0,365.0,20.0,369.5,10.0,370.0,5.0,372.5,10.0,377.0,10.0,352.5,31.0,351.0,10.0,350.5,10.0,345.0,10.0,343.5,10.0
2023-04-27 21:06:19.75,1682600779750000000,369.0,359.0,350.0,3541.0,179.0,642110.0,365.0,20.0,369.5,10.0,370.0,5.0,372.5,10.0,377.0,10.0,352.5,31.0,350.5,20.0,345.0,10.0,343.5,10.0,343.0,1.0
2023-04-27 21:06:21.75,1682600781750000000,369.0,359.0,350.0,3541.0,179.0,642110.0,365.0,10.0,366.0,10.0,369.5,10.0,370.0,5.0,372.5,10.0,353.0,1.0,352.5,31.0,352.0,10.0,350.5,10.0,345.0,10.0
2023-04-27 21:06:22.0,1682600782000000000,369.0,359.0,350.0,3541.0,179.0,642110.0,366.0,20.0,369.5,10.0,370.0,5.0,372.5,10.0,377.0,10.0,353.0,1.0,352.5,31.0,352.0,10.0,350.5,10.0,345.0,10.0
2023-04-27 21:06:22.25,1682600782250000000,369.0,359.0,350.0,3541.0,179.0,642110.0,366.0,20.0,369.5,10.0,370.0,5.0,372.5,10.0,377.0,10.0,353.0,1.0,352.5,31.0,352.0,10.0,350.5,10.0,346.5,15.0
2023-04-27 21:06:22.5,1682600782500000000,369.0,359.0,350.0,3541.0,179.0,642110.0,366.0,10.0,366.5,10.0,369.5,10.0,370.0,5.0,372.5,10.0,353.0,1.0,352.5,31.0,352.0,10.0,350.5,10.0,346.5,15.0
2023-04-27 21:06:22.75,1682600782750000000,369.0,359.0,350.0,3541.0,179.0,642110.0,366.5,20.0,369.5,10.0,370.0,5.0,372.5,10.0,377.0,10.0,353.0,1.0,352.5,31.0,352.0,10.0,350.5,10.0,346.5,15.0
2023-04-27 21:06:23.0,1682600783000000000,369.0,359.0,350.0,3541.0,179.0,642110.0,366.5,10.0,367.0,10.0,369.5,10.0,370.0,5.0,372.5,10.0,353.0,11.0,352.5,31.0,350.5,10.0,346.5,15.0,345.0,10.0
2023-04-27 21:06:23.25,1682600783250000000,369.0,359.0,350.0,3541.0,179.0,642110.0,366.5,10.0,367.0,10.0,369.5,10.0,370.0,5.0,372.5,10.0,353.0,11.0,352.5,21.0,352.0,10.0,350.5,10.0,346.5,15.0
2023-04-27 21:06:23.5,1682600783500000000,369.0,359.0,350.0,3541.0,179.0,642110.0,366.5,20.0,369.5,10.0,370.0,5.0,372.5,10.0,377.0,10.0,353.0,1.0,352.5,31.0,352.0,10.0,350.5,10.0,346.5,15.0
2023-04-27 21:06:23.75,1682600783750000000,369.0,359.0,350.0,3541.0,179.0,642110.0,366.5,10.0,367.0,10.0,369.5,10.0,370.0,5.0,372.5,10.0,353.0,11.0,352.5,31.0,350.5,10.0,346.5,15.0,345.0,10.0
2023-04-27 21:06:24.0,1682600784000000000,369.0,359.0,350.0,3541.0,179.0,642110.0,367.0,20.0,369.5,10.0,370.0,5.0,372.5,10.0,377.0,10.0,353.0,21.0,352.5,21.0,350.5,10.0,346.5,15.0,345.0,10.0
2023-04-27 21:06:24.5,1682600784500000000,369.0,359.0,350.0,3541.0,179.0,642110.0,366.5,10.0,367.0,10.0,369.5,10.0,370.0,5.0,372.5,10.0,353.0,11.0,352.5,21.0,352.0,10.0,350.5,10.0,346.5,15.0
2023-04-27 21:06:24.75,1682600784750000000,369.0,359.0,350.0,3541.0,179.0,642110.0,366.5,20.0,369.5,10.0,370.0,5.0,372.5,10.0,377.0,10.0,353.0,1.0,352.5,31.0,352.0,10.0,350.5,10.0,346.5,15.0
2023-04-27 21:06:25.0,1682600785000000000,369.0,359.0,350.0,3541.0,179.0,642110.0,366.5,20.0,369.5,10.0,370.0,5.0,372.5,10.0,377.0,10.0,353.0,1.0,352.5,41.0,350.5,10.0,346.5,15.0,345.0,10.0
2023-04-27 21:06:25.25,1682600785250000000,369.0,359.0,350.0,3541.0,179.0,642110.0,366.0,10.0,366.5,10.0,369.5,10.0,370.0,5.0,372.5,10.0,353.0,1.0,352.5,31.0,351.5,10.0,350.5,10.0,346.5,15.0
2023-04-27 21:06:25.5,1682600785500000000,369.0,359.0,350.0,3541.0,179.0,642110.0,366.5,20.0,369.5,10.0,370.0,5.0,372.5,10.0,377.0,10.0,353.0,1.0,352.5,41.0,350.5,10.0,346.5,15.0,345.0,10.0
2023-04-27 21:06:25.75,1682600785750000000,369.0,359.0,350.0,3541.0,179.0,642110.0,366.0,10.0,366.5,10.0,369.5,10.0,370.0,5.0,372.5,10.0,353.0,1.0,352.5,31.0,351.5,10.0,350.5,10.0,346.5,15.0
2023-04-27 21:06:27.75,1682600787750000000,369.0,359.0,350.0,3541.0,179.0,642110.0,365.0,10.0,366.5,10.0,369.5,10.0,370.0,5.0,372.5,10.0,353.0,1.0,352.5,31.0,351.0,10.0,350.5,10.0,346.5,15.0
2023-04-27 21:06:28.0,1682600788000000000,369.0,359.0,350.0,3541.0,179.0,642110.0,365.0,20.0,369.5,10.0,370.0,5.0,372.5,10.0,377.0,10.0,353.0,1.0,352.5,31.0,351.0,10.0,350.5,10.0,346.5,15.0
2023-04-27 21:06:28.25,1682600788250000000,369.0,359.0,350.0,3541.0,179.0,642110.0,365.0,10.0,365.5,10.0,369.5,10.0,370.0,5.0,372.5,10.0,353.0,1.0,352.5,31.0,351.5,10.0,350.5,10.0,346.5,15.0
2023-04-27 21:06:28.5,1682600788500000000,369.0,359.0,350.0,3541.0,179.0,642110.0,365.0,10.0,365.5,10.0,369.5,10.0,370.0,5.0,372.5,10.0,353.0,1.0,352.5,31.0,351.0,10.0,350.5,10.0,346.5,15.0
2023-04-27 21:06:28.75,1682600788750000000,369.0,359.0,350.0,3541.0,179.0,642110.0,364.5,10.0,365.5,10.0,366.0,10.0,370.0,5.0,372.5,10.0,353.0,1.0,352.5,31.0,350.5,10.0,347.5,10.0,346.5,15.0
2023-04-27 21:06:29.25,1682600789250000000,369.0,359.0,350.0,3541.0,179.0,642110.0,364.0,10.0,365.5,10.0,366.0,10.0,370.0,5.0,372.5,10.0,353.0,1.0,352.5,31.0,350.0,10.0,347.5,10.0,346.5,15.0
2023-04-27 21:06:29.5,1682600789500000000,369.0,359.0,350.0,3541.0,179.0,642110.0,364.0,10.0,365.5,10.0,366.0,10.0,370.0,5.0,371.5,10.0,353.0,1.0,352.5,31.0,350.0,10.0,347.5,10.0,346.5,15.0
2023-04-27 21:06:29.75,1682600789750000000,369.0,359.0,350.0,3541.0,179.0,642110.0,363.5,10.0,365.5,10.0,366.0,10.0,370.0,5.0,371.5,10.0,353.0,1.0,352.5,31.0,349.5,10.0,347.5,10.0,345.0,10.0
2023-04-27 21:06:30.0,1682600790000000000,369.0,359.0,350.0,3541.0,179.0,642110.0,363.5,20.0,366.0,10.0,370.0,5.0,371.5,10.0,372.5,10.0,353.0,1.0,352.5,31.0,349.5,10.0,347.5,10.0,345.0,10.0
2023-04-27 21:06:30.75,1682600790750000000,369.0,359.0,350.0,3541.0,179.0,642110.0,363.0,10.0,363.5,10.0,366.0,10.0,370.0,5.0,371.5,10.0,353.0,1.0,352.5,31.0,349.0,10.0,347.5,10.0,345.0,10.0
2023-04-27 21:06:31.25,1682600791250000000,369.0,353.0,350.0,3541.0,180.0,645640.0,363.0,10.0,363.5,10.0,366.0,10.0,370.0,5.0,371.5,10.0,352.5,31.0,349.0,10.0,347.5,10.0,345.0,10.0,343.0,16.0
2023-04-27 21:06:32.0,1682600792000000000,369.0,353.0,350.0,3541.0,180.0,645640.0,363.5,10.0,364.0,10.0,366.0,10.0,370.0,5.0,372.5,10.0,352.5,31.0,350.0,10.0,347.5,10.0,345.0,10.0,343.0,16.0
2023-04-27 21:06:32.25,1682600792250000000,369.0,353.0,350.0,3541.0,180.0,645640.0,364.0,20.0,366.0,10.0,370.0,5.0,372.0,10.0,372.5,10.0,353.0,21.0,352.5,10.0,350.0,10.0,347.5,10.0,345.0,10.0
2023-04-27 21:06:33.0,1682600793000000000,369.0,353.0,350.0,3541.0,180.0,645640.0,364.0,10.0,364.5,10.0,366.0,10.0,370.0,5.0,372.5,20.0,353.0,21.0,352.5,10.0,350.0,10.0,347.5,10.0,345.0,10.0
2023-04-27 21:06:33.25,1682600793250000000,369.0,353.0,350.0,3541.0,180.0,645640.0,364.5,20.0,366.0,10.0,370.0,5.0,372.5,20.0,379.0,6.0,353.0,31.0,350.0,10.0,347.5,10.0,345.0,10.0,343.0,1.0
2023-04-27 21:06:34.0,1682600794000000000,369.0,353.0,350.0,3541.0,180.0,645640.0,364.0,10.0,364.5,10.0,366.0,10.0,370.0,5.0,372.5,20.0,353.0,31.0,350.0,10.0,347.5,10.0,345.0,10.0,344.5,15.0
2023-04-27 21:06:35.25,1682600795250000000,369.0,353.0,350.0,3541.0,180.0,645640.0,363.0,10.0,364.5,10.0,366.0,10.0,370.0,5.0,372.5,20.0,353.0,31.0,349.0,10.0,347.5,10.0,345.0,10.0,344.5,15.0
2023-04-27 21:06:35.5,1682600795500000000,369.0,353.0,350.0,3541.0,180.0,645640.0,363.0,20.0,366.0,10.0,370.0,5.0,372.5,20.0,378.0,15.0,353.0,31.0,349.0,10.0,347.5,10.0,345.0,10.0,344.5,15.0
2023-04-27 21:06:38.5,1682600798500000000,369.0,353.0,350.0,3541.0,180.0,645640.0,363.0,10.0,363.5,10.0,366.0,10.0,370.0,5.0,372.5,20.0,353.0,31.0,349.5,10.0,347.5,10.0,345.0,10.0,344.5,15.0
2023-04-27 21:06:38.75,1682600798750000000,369.0,353.0,350.0,3541.0,180.0,645640.0,362.0,1.0,363.5,20.0,366.0,10.0,370.0,5.0,372.5,20.0,353.0,21.0,352.5,10.0,349.5,10.0,347.5,10.0,345.0,10.0
2023-04-27 21:06:40.25,1682600800250000000,369.0,353.0,350.0,3541.0,180.0,645640.0,362.0,1.0,363.5,10.0,364.0,10.0,366.0,10.0,370.0,5.0,353.0,21.0,352.5,10.0,350.0,10.0,347.5,10.0,345.0,10.0
2023-04-27 21:06:40.5,1682600800500000000,369.0,353.0,350.0,3541.0,180.0,645640.0,362.0,1.0,364.0,20.0,366.0,10.0,370.0,5.0,372.5,20.0,353.0,31.0,350.0,10.0,347.5,10.0,345.0,10.0,343.0,1.0
2023-04-27 21:06:41.0,1682600801000000000,369.0,353.0,350.0,3541.0,180.0,645640.0,362.0,1.0,364.0,20.0,366.0,10.0,370.0,5.0,372.5,20.0,353.0,31.0,350.0,10.0,347.5,10.0,345.0,10.0,343.5,15.0
2023-04-27 21:06:42.75,1682600802750000000,369.0,353.0,350.0,3541.0,180.0,645640.0,362.0,1.0,364.0,20.0,366.0,10.0,370.0,5.0,372.5,20.0,353.0,31.0,350.0,10.0,347.5,10.0,345.0,10.0,343.0,1.0
2023-04-27 21:06:43.25,1682600803250000000,369.0,353.0,350.0,3541.0,180.0,645640.0,362.0,1.0,364.0,10.0,364.5,10.0,366.0,10.0,370.0,5.0,353.0,31.0,350.5,10.0,347.5,10.0,345.0,10.0,343.0,1.0
2023-04-27 21:06:43.5,1682600803500000000,369.0,353.0,350.0,3541.0,180.0,645640.0,362.0,11.0,364.5,20.0,366.0,10.0,370.0,5.0,372.5,20.0,353.0,41.0,350.5,10.0,347.5,10.0,345.0,10.0,343.0,1.0
2023-04-27 21:06:43.75,1682600803750000000,369.0,353.0,350.0,3541.0,180.0,645640.0,362.0,21.0,364.5,10.0,366.0,10.0,370.0,5.0,372.5,20.0,353.0,41.0,350.5,10.0,347.5,10.0,345.0,10.0,343.0,1.0
2023-04-27 21:06:44.0,1682600804000000000,369.0,353.0,350.0,3541.0,180.0,645640.0,362.0,21.0,364.0,10.0,366.0,10.0,370.0,5.0,372.5,20.0,353.0,41.0,350.0,10.0,347.5,10.0,345.0,10.0,344.0,15.0
2023-04-27 21:06:44.5,1682600804500000000,369.0,353.0,350.0,3541.0,180.0,645640.0,362.0,21.0,365.0,10.0,366.0,10.0,370.0,5.0,372.5,20.0,353.0,41.0,351.0,10.0,347.5,10.0,345.0,10.0,344.0,15.0
2023-04-27 21:06:44.75,1682600804750000000,369.0,353.0,350.0,3541.0,180.0,645640.0,362.0,21.0,365.0,10.0,366.0,10.0,370.0,5.0,372.5,10.0,353.0,41.0,351.0,10.0,347.5,10.0,345.0,10.0,344.0,15.0
2023-04-27 21:06:45.5,1682600805500000000,369.0,353.0,350.0,3541.0,180.0,645640.0,362.0,21.0,364.5,10.0,366.0,10.0,370.0,5.0,372.5,10.0,353.0,41.0,350.5,10.0,347.5,10.0,345.0,10.0,344.0,15.0
2023-04-27 21:06:46.25,1682600806250000000,369.0,353.0,350.0,3541.0,180.0,645640.0,362.0,21.0,366.0,10.0,366.5,10.0,370.0,5.0,372.5,10.0,353.0,41.0,352.0,10.0,347.5,10.0,345.0,10.0,344.0,15.0
2023-04-27 21:06:47.25,1682600807250000000,369.0,353.0,350.0,3541.0,180.0,645640.0,362.0,21.0,366.0,10.0,366.5,10.0,370.0,5.0,372.5,10.0,353.0,41.0,352.5,10.0,347.5,10.0,345.0,10.0,344.0,15.0
2023-04-27 21:06:47.75,1682600807750000000,369.0,353.0,350.0,3541.0,180.0,645640.0,362.0,21.0,366.0,20.0,370.0,5.0,372.5,20.0,377.0,15.0,353.0,41.0,352.0,10.0,347.5,10.0,345.0,10.0,344.0,15.0
2023-04-27 21:06:53.5,1682600813500000000,369.0,353.0,350.0,3541.0,180.0,645640.0,362.0,21.0,366.0,10.0,366.5,10.0,370.0,5.0,372.5,20.0,353.0,41.0,352.5,10.0,347.5,10.0,345.0,10.0,344.0,15.0
2023-04-27 21:06:54.25,1682600814250000000,369.0,353.0,350.0,3541.0,180.0,645640.0,362.0,21.0,366.0,10.0,367.0,10.0,370.0,5.0,372.5,20.0,353.0,51.0,347.5,10.0,345.0,10.0,344.0,15.0,343.0,1.0
2023-04-27 21:06:54.75,1682600814750000000,369.0,353.0,350.0,3541.0,180.0,645640.0,362.0,21.0,366.0,10.0,367.0,10.0,370.0,5.0,372.5,10.0,353.0,51.0,347.5,10.0,345.0,10.0,344.0,15.0,343.0,1.0
2023-04-27 21:06:56.5,1682600816500000000,369.0,353.0,350.0,3541.0,180.0,645640.0,362.0,21.0,366.0,10.0,367.5,10.0,370.0,5.0,372.5,10.0,353.5,10.0,353.0,41.0,347.5,10.0,345.0,10.0,344.0,15.0
2023-04-27 21:06:57.0,1682600817000000000,369.0,353.0,350.0,3541.0,180.0,645640.0,362.0,21.0,366.0,10.0,366.5,10.0,370.0,5.0,372.5,10.0,353.0,41.0,352.5,10.0,347.5,10.0,345.0,10.0,344.0,15.0
2023-04-27 21:06:57.75,1682600817750000000,369.0,353.0,350.0,3541.0,180.0,645640.0,362.0,21.0,366.0,10.0,367.5,10.0,370.0,5.0,372.5,10.0,353.5,10.0,353.0,41.0,347.5,10.0,345.0,10.0,344.0,15.0
2023-04-27 21:06:58.0,1682600818000000000,369.0,353.0,350.0,3541.0,180.0,645640.0,362.0,21.0,366.0,10.0,368.0,10.0,370.0,5.0,372.5,10.0,353.5,10.0,353.0,41.0,347.5,10.0,345.0,10.0,344.0,15.0
2023-04-27 21:06:58.25,1682600818250000000,369.0,353.0,350.0,3541.0,180.0,645640.0,362.0,21.0,366.0,10.0,368.0,10.0,370.0,5.0,372.5,10.0,354.0,10.0,353.0,41.0,347.5,10.0,345.0,10.0,344.0,15.0
2023-04-27 21:06:58.75,1682600818750000000,369.0,353.0,350.0,3541.0,180.0,645640.0,362.0,21.0,366.0,10.0,367.5,10.0,370.0,5.0,372.5,10.0,354.0,10.0,353.5,10.0,353.0,31.0,347.5,10.0,345.0,10.0
2023-04-27 21:06:59.75,1682600819750000000,369.0,353.0,350.0,3541.0,180.0,645640.0,362.0,21.0,364.0,10.0,366.0,10.0,367.5,10.0,370.0,5.0,354.0,10.0,353.5,10.0,353.0,31.0,352.0,10.0,347.5,10.0
2023-04-27 21:07:00.75,1682600820750000000,369.0,353.0,350.0,3541.0,180.0,645640.0,362.0,21.0,364.0,10.0,366.0,10.0,368.5,10.0,370.0,5.0,354.0,20.0,353.0,31.0,352.0,10.0,347.5,10.0,345.0,10.0
2023-04-27 21:07:02.25,1682600822250000000,369.0,353.0,350.0,3541.0,180.0,645640.0,362.0,21.0,364.0,10.0,366.0,10.0,367.0,10.0,370.0,5.0,354.0,10.0,353.0,41.0,352.0,10.0,347.5,10.0,345.0,10.0
2023-04-27 21:07:03.25,1682600823250000000,369.0,353.0,350.0,3541.0,180.0,645640.0,362.0,21.0,364.0,10.0,366.0,10.0,366.5,10.0,370.0,5.0,354.0,10.0,353.0,31.0,352.5,10.0,352.0,10.0,347.5,10.0
2023-04-27 21:07:04.0,1682600824000000000,369.0,353.0,350.0,3541.0,180.0,645640.0,362.0,21.0,364.0,10.0,366.0,10.0,367.0,10.0,370.0,5.0,354.0,10.0,353.0,41.0,352.0,10.0,347.5,10.0,345.0,10.0
2023-04-27 21:07:08.25,1682600828250000000,369.0,353.0,350.0,3541.0,180.0,645640.0,362.0,21.0,364.0,10.0,366.0,10.0,367.0,10.0,370.0,5.0,354.0,10.0,353.0,31.0,352.5,10.0,352.0,10.0,347.5,10.0
2023-04-27 21:07:08.5,1682600828500000000,369.0,353.0,350.0,3541.0,180.0,645640.0,362.0,21.0,364.0,10.0,366.0,20.0,370.0,5.0,372.5,10.0,354.0,10.0,353.0,31.0,352.0,20.0,347.5,10.0,345.0,10.0
2023-04-27 21:07:08.75,1682600828750000000,369.0,353.0,350.0,3541.0,180.0,645640.0,362.0,21.0,364.0,10.0,366.0,10.0,367.0,10.0,370.0,5.0,354.0,10.0,353.0,31.0,352.5,10.0,352.0,10.0,347.5,10.0
2023-04-27 21:07:09.0,1682600829000000000,369.0,353.0,350.0,3541.0,180.0,645640.0,362.0,21.0,364.0,10.0,366.0,20.0,370.0,5.0,372.5,10.0,354.0,10.0,353.0,31.0,352.0,20.0,347.5,10.0,345.0,10.0
2023-04-27 21:07:09.5,1682600829500000000,369.0,353.0,350.0,3541.0,180.0,645640.0,362.0,21.0,364.0,10.0,366.0,10.0,367.0,10.0,370.0,5.0,354.0,10.0,353.0,31.0,352.5,10.0,352.0,10.0,347.5,10.0
2023-04-27 21:07:10.0,1682600830000000000,369.0,353.0,350.0,3541.0,180.0,645640.0,362.0,21.0,364.0,10.0,366.0,10.0,368.0,10.0,370.0,5.0,354.0,10.0,353.5,10.0,353.0,31.0,352.0,10.0,347.5,10.0
2023-04-27 21:07:10.25,1682600830250000000,369.0,353.0,350.0,3541.0,180.0,645640.0,362.0,21.0,364.0,10.0,366.0,10.0,368.0,10.0,370.0,5.0,354.0,20.0,353.0,31.0,352.0,10.0,347.5,10.0,345.0,10.0
2023-04-27 21:07:10.5,1682600830500000000,369.0,353.0,350.0,3541.0,180.0,645640.0,362.0,21.0,364.0,10.0,366.0,10.0,368.5,10.0,370.0,5.0,354.5,10.0,354.0,10.0,353.0,31.0,352.0,10.0,347.5,10.0
2023-04-27 21:07:10.75,1682600830750000000,369.0,353.0,350.0,3541.0,180.0,645640.0,362.0,21.0,364.0,10.0,366.0,10.0,368.5,10.0,370.0,5.0,354.5,20.0,354.0,10.0,353.0,21.0,352.0,10.0,347.5,10.0
2023-04-27 21:07:11.0,1682600831000000000,369.0,353.0,350.0,3541.0,180.0,645640.0,362.0,21.0,364.0,10.0,366.0,10.0,368.5,10.0,370.0,5.0,354.5,20.0,354.0,10.0,353.0,21.0,352.5,10.0,347.5,10.0
2023-04-27 21:07:11.25,1682600831250000000,369.0,353.0,350.0,3541.0,180.0,645640.0,362.0,31.0,364.0,10.0,366.0,10.0,368.5,10.0,370.0,5.0,356.5,10.0,354.5,20.0,354.0,10.0,353.0,21.0,352.5,10.0
2023-04-27 21:07:11.5,1682600831500000000,369.0,353.0,350.0,3541.0,180.0,645640.0,362.0,31.0,364.0,10.0,366.0,10.0,368.5,10.0,370.0,5.0,356.5,30.0,354.5,20.0,353.0,21.0,347.5,10.0,345.0,10.0
2023-04-27 21:07:11.75,1682600831750000000,369.0,353.0,350.0,3541.0,180.0,645640.0,362.0,21.0,362.5,10.0,364.0,10.0,366.0,10.0,368.5,10.0,356.5,30.0,354.5,20.0,353.0,21.0,347.5,10.0,345.0,10.0
2023-04-27 21:07:13.25,1682600833250000000,369.0,353.0,350.0,3541.0,180.0,645640.0,362.0,21.0,362.5,10.0,364.0,10.0,366.0,10.0,368.5,10.0,356.5,20.0,356.0,10.0,354.5,20.0,353.0,21.0,347.5,10.0
2023-04-27 21:07:13.5,1682600833500000000,369.0,353.0,350.0,3541.0,180.0,645640.0,362.0,31.0,364.0,10.0,366.0,10.0,368.5,10.0,370.0,5.0,356.5,20.0,356.0,10.0,354.5,20.0,353.0,21.0,347.5,10.0
2023-04-27 21:07:13.75,1682600833750000000,369.0,353.0,350.0,3541.0,180.0,645640.0,362.0,31.0,364.0,10.0,366.0,10.0,368.0,10.0,370.0,5.0,356.5,20.0,356.0,10.0,354.5,10.0,354.0,10.0,353.0,21.0
2023-04-27 21:07:14.0,1682600834000000000,369.0,353.0,350.0,3541.0,180.0,645640.0,362.0,31.0,364.0,10.0,366.0,10.0,368.5,10.0,370.0,5.0,356.5,20.0,356.0,10.0,354.5,20.0,353.0,21.0,347.5,10.0
2023-04-27 21:07:14.25,1682600834250000000,369.0,353.0,350.0,3541.0,180.0,645640.0,362.0,31.0,364.0,10.0,364.5,10.0,368.5,10.0,370.0,5.0,356.5,20.0,356.0,10.0,354.5,20.0,353.0,21.0,352.5,10.0
2023-04-27 21:07:15.5,1682600835500000000,369.0,353.0,350.0,3541.0,180.0,645640.0,362.0,31.0,362.5,10.0,364.0,10.0,364.5,10.0,368.5,10.0,356.5,20.0,356.0,20.0,354.5,20.0,353.0,21.0,352.5,10.0
2023-04-27 21:07:20.5,1682600840500000000,369.0,353.0,350.0,3541.0,180.0,645640.0,362.0,21.0,362.5,10.0,364.0,10.0,364.5,10.0,368.5,10.0,356.5,20.0,356.0,10.0,354.5,20.0,353.0,21.0,352.5,10.0
2023-04-27 21:07:21.0,1682600841000000000,369.0,353.0,350.0,3541.0,180.0,645640.0,362.0,21.0,362.5,10.0,364.0,10.0,364.5,10.0,368.0,10.0,356.5,20.0,356.0,10.0,354.5,10.0,354.0,10.0,353.0,21.0
2023-04-27 21:07:22.0,1682600842000000000,369.0,353.0,350.0,3541.0,180.0,645640.0,362.0,21.0,362.5,10.0,364.0,10.0,364.5,10.0,369.5,10.0,356.5,20.0,356.0,10.0,355.5,10.0,354.5,10.0,353.0,21.0
2023-04-27 21:07:23.0,1682600843000000000,369.0,353.0,350.0,3541.0,180.0,645640.0,362.0,21.0,362.5,10.0,364.0,10.0,364.5,10.0,370.0,15.0,356.5,20.0,356.0,20.0,354.5,10.0,353.0,21.0,352.5,10.0
2023-04-27 21:07:24.0,1682600844000000000,369.0,353.0,350.0,3541.0,180.0,645640.0,362.0,21.0,362.5,10.0,364.0,10.0,364.5,10.0,368.5,10.0,356.5,20.0,356.0,10.0,354.5,20.0,353.0,21.0,352.5,10.0
2023-04-27 21:07:26.25,1682600846250000000,369.0,353.0,350.0,3541.0,180.0,645640.0,362.0,21.0,362.5,10.0,364.0,10.0,364.5,10.0,369.5,10.0,356.5,20.0,356.0,10.0,355.0,10.0,354.5,10.0,353.0,21.0
2023-04-27 21:07:29.5,1682600849500000000,369.0,353.0,350.0,3541.0,180.0,645640.0,362.0,21.0,362.5,10.0,364.0,10.0,364.5,10.0,369.0,10.0,356.5,20.0,356.0,10.0,354.5,20.0,353.0,21.0,352.5,10.0
2023-04-27 21:07:29.75,1682600849750000000,369.0,353.0,350.0,3541.0,180.0,645640.0,362.0,21.0,362.5,10.0,364.0,10.0,364.5,10.0,368.5,10.0,356.5,20.0,356.0,10.0,354.5,20.0,353.0,21.0,352.5,10.0
2023-04-27 21:07:31.25,1682600851250000000,369.0,353.0,350.0,3541.0,180.0,645640.0,362.0,21.0,362.5,10.0,364.0,10.0,364.5,10.0,369.5,10.0,356.5,20.0,356.0,10.0,355.0,10.0,354.5,10.0,353.0,21.0
2023-04-27 21:07:32.5,1682600852500000000,369.0,353.0,350.0,3541.0,180.0,645640.0,362.0,21.0,362.5,10.0,364.0,10.0,364.5,10.0,368.5,10.0,356.5,20.0,356.0,10.0,354.5,20.0,353.0,21.0,352.5,10.0
2023-04-27 21:07:32.75,1682600852750000000,369.0,353.0,350.0,3541.0,180.0,645640.0,362.0,21.0,362.5,10.0,364.0,10.0,364.5,10.0,369.5,10.0,356.5,20.0,356.0,10.0,355.0,10.0,354.5,10.0,353.0,21.0
2023-04-27 21:07:35.5,1682600855500000000,369.0,353.0,350.0,3541.0,180.0,645640.0,362.0,21.0,362.5,10.0,364.0,10.0,364.5,10.0,369.5,20.0,356.5,20.0,356.0,10.0,355.0,10.0,354.5,10.0,353.0,21.0
2023-04-27 21:07:36.5,1682600856500000000,369.0,353.0,350.0,3541.0,180.0,645640.0,362.0,21.0,364.0,20.0,364.5,10.0,369.5,20.0,370.0,5.0,357.0,10.0,356.5,20.0,355.0,10.0,354.5,10.0,353.0,21.0
2023-04-27 21:07:36.75,1682600856750000000,369.0,353.0,350.0,3541.0,180.0,645640.0,362.0,11.0,363.0,10.0,364.0,20.0,364.5,10.0,369.5,20.0,357.0,20.0,356.5,10.0,355.0,10.0,354.5,10.0,353.0,21.0
2023-04-27 21:07:37.0,1682600857000000000,369.0,353.0,350.0,3541.0,180.0,645640.0,362.0,11.0,363.0,10.0,364.0,20.0,364.5,10.0,369.5,20.0,357.0,20.0,356.5,10.0,355.0,20.0,353.0,21.0,352.5,20.0
2023-04-27 21:07:37.25,1682600857250000000,369.0,353.0,350.0,3541.0,180.0,645640.0,362.0,11.0,363.0,10.0,364.0,20.0,364.5,10.0,369.5,10.0,357.0,20.0,356.5,10.0,356.0,10.0,355.0,10.0,353.0,21.0
2023-04-27 21:07:37.75,1682600857750000000,369.0,353.0,350.0,3541.0,180.0,645640.0,362.0,1.0,362.5,10.0,364.0,20.0,364.5,10.0,369.5,20.0,357.0,20.0,355.5,10.0,355.0,10.0,353.0,21.0,352.5,20.0
2023-04-27 21:07:38.0,1682600858000000000,369.0,353.0,350.0,3541.0,180.0,645640.0,362.0,1.0,362.5,10.0,364.0,20.0,366.5,10.0,369.5,10.0,357.0,20.0,356.0,10.0,355.5,10.0,355.0,10.0,353.0,21.0
2023-04-27 21:07:38.5,1682600858500000000,369.0,353.0,350.0,3541.0,180.0,645640.0,362.0,1.0,363.0,10.0,364.0,20.0,366.5,10.0,369.5,10.0,357.0,20.0,356.0,10.0,355.5,10.0,355.0,10.0,353.0,21.0
2023-04-27 21:07:38.75,1682600858750000000,369.0,353.0,350.0,3541.0,180.0,645640.0,362.0,1.0,363.0,10.0,364.0,10.0,365.0,10.0,366.5,10.0,358.5,10.0,357.0,10.0,356.0,10.0,355.5,10.0,355.0,10.0
2023-04-27 21:07:39.0,1682600859000000000,369.0,353.0,350.0,3541.0,180.0,645640.0,362.0,1.0,363.5,10.0,364.0,10.0,365.0,20.0,366.5,10.0,358.5,30.0,356.5,20.0,355.5,10.0,353.0,21.0,352.5,10.0
2023-04-27 21:07:39.25,1682600859250000000,369.0,362.0,350.0,3540.0,181.0,649260.0,363.5,10.0,364.0,10.0,365.0,20.0,366.5,10.0,369.5,10.0,358.5,30.0,356.5,20.0,355.5,10.0,353.0,21.0,352.5,10.0
2023-04-27 21:07:39.5,1682600859500000000,369.0,362.0,350.0,3540.0,181.0,649260.0,363.5,10.0,365.0,20.0,365.5,10.0,366.5,10.0,369.5,10.0,358.5,30.0,356.5,20.0,355.5,10.0,353.0,21.0,352.5,10.0
2023-04-27 21:07:39.75,1682600859750000000,369.0,362.0,350.0,3540.0,181.0,649260.0,363.5,10.0,365.0,20.0,365.5,10.0,366.5,10.0,369.5,10.0,358.5,30.0,357.0,10.0,356.5,10.0,355.5,10.0,353.0,21.0
2023-04-27 21:07:40.0,1682600860000000000,369.0,362.0,350.0,3540.0,181.0,649260.0,364.0,10.0,365.5,10.0,366.0,10.0,366.5,10.0,368.5,10.0,359.5,10.0,358.5,20.0,357.5,10.0,357.0,10.0,356.5,10.0
2023-04-27 21:07:40.25,1682600860250000000,369.0,362.0,350.0,3540.0,181.0,649260.0,364.5,10.0,365.5,10.0,366.0,10.0,366.5,10.0,368.5,10.0,359.5,20.0,358.5,10.0,357.5,10.0,357.0,10.0,356.5,10.0
2023-04-27 21:07:40.5,1682600860500000000,369.0,362.0,350.0,3540.0,181.0,649260.0,364.5,10.0,366.5,20.0,367.0,10.0,368.5,10.0,370.0,5.0,359.5,30.0,359.0,10.0,357.5,10.0,357.0,10.0,355.5,10.0
2023-04-27 21:07:40.75,1682600860750000000,369.0,362.0,350.0,3540.0,181.0,649260.0,365.5,10.0,366.5,20.0,367.0,10.0,368.5,10.0,370.0,5.0,359.5,30.0,358.5,10.0,357.5,10.0,357.0,10.0,355.5,10.0
2023-04-27 21:07:41.0,1682600861000000000,369.0,362.0,350.0,3540.0,181.0,649260.0,365.5,10.0,366.5,10.0,367.0,10.0,367.5,10.0,368.5,10.0,359.5,30.0,359.0,10.0,357.5,10.0,357.0,10.0,355.5,10.0
2023-04-27 21:07:41.25,1682600861250000000,369.0,362.0,350.0,3540.0,181.0,649260.0,365.5,10.0,366.5,10.0,367.0,10.0,367.5,10.0,368.5,10.0,359.5,30.0,358.0,10.0,357.5,10.0,357.0,10.0,355.5,10.0
2023-04-27 21:07:41.5,1682600861500000000,369.0,362.0,350.0,3540.0,181.0,649260.0,365.5,10.0,366.5,10.0,367.0,10.0,367.5,10.0,368.5,10.0,359.5,30.0,359.0,10.0,357.5,10.0,357.0,10.0,355.5,10.0
2023-04-27 21:07:42.0,1682600862000000000,369.0,362.0,350.0,3540.0,181.0,649260.0,365.5,10.0,366.5,10.0,367.0,10.0,367.5,10.0,368.5,10.0,359.5,30.0,358.5,10.0,357.5,10.0,357.0,10.0,355.5,10.0
2023-04-27 21:07:42.25,1682600862250000000,369.0,362.0,350.0,3540.0,181.0,649260.0,365.5,10.0,366.5,10.0,367.0,10.0,367.5,10.0,368.5,10.0,359.5,40.0,357.5,10.0,357.0,10.0,355.5,10.0,353.0,21.0
2023-04-27 21:07:42.5,1682600862500000000,369.0,362.0,350.0,3540.0,181.0,649260.0,365.5,10.0,366.5,10.0,367.0,10.0,367.5,10.0,368.5,10.0,359.5,30.0,359.0,10.0,357.5,10.0,357.0,10.0,355.5,10.0
2023-04-27 21:07:43.0,1682600863000000000,369.0,362.0,350.0,3540.0,181.0,649260.0,365.5,10.0,366.5,10.0,367.0,10.0,367.5,10.0,368.5,10.0,359.5,30.0,358.0,10.0,357.5,10.0,357.0,10.0,355.5,10.0
2023-04-27 21:07:43.25,1682600863250000000,369.0,362.0,350.0,3540.0,181.0,649260.0,365.5,10.0,366.5,10.0,367.0,10.0,367.5,10.0,368.5,10.0,359.5,30.0,359.0,10.0,357.5,10.0,357.0,10.0,355.5,10.0
2023-04-27 21:07:44.0,1682600864000000000,369.0,362.0,350.0,3540.0,181.0,649260.0,365.5,10.0,366.5,10.0,367.0,10.0,367.5,10.0,368.5,10.0,359.5,30.0,358.0,10.0,357.5,10.0,357.0,10.0,355.5,10.0
2023-04-27 21:07:44.25,1682600864250000000,369.0,362.0,350.0,3540.0,181.0,649260.0,365.5,10.0,366.5,10.0,367.0,10.0,367.5,10.0,368.5,10.0,359.5,30.0,359.0,10.0,357.5,10.0,357.0,10.0,355.5,10.0
2023-04-27 21:07:46.75,1682600866750000000,369.0,362.0,350.0,3540.0,181.0,649260.0,366.5,10.0,367.5,10.0,368.0,20.0,368.5,10.0,370.0,5.0,361.5,10.0,360.0,10.0,359.5,20.0,358.5,9.0,357.5,10.0
2023-04-27 21:07:47.0,1682600867000000000,369.0,362.0,350.0,3540.0,181.0,649260.0,366.5,10.0,368.0,20.0,368.5,20.0,370.0,5.0,372.5,10.0,361.5,20.0,359.5,20.0,359.0,10.0,358.5,9.0,357.0,10.0
2023-04-27 21:07:47.25,1682600867250000000,369.0,362.0,350.0,3540.0,181.0,649260.0,366.5,10.0,367.0,10.0,368.0,10.0,368.5,20.0,370.0,5.0,361.5,30.0,359.5,20.0,358.5,9.0,357.0,10.0,355.5,10.0
2023-04-27 21:07:50.5,1682600870500000000,369.0,362.0,350.0,3540.0,181.0,649260.0,366.5,10.0,367.0,10.0,368.0,10.0,368.5,20.0,370.0,5.0,361.5,30.0,360.0,10.0,359.5,10.0,358.5,9.0,357.0,10.0
2023-04-27 21:07:51.25,1682600871250000000,369.0,362.0,350.0,3540.0,181.0,649260.0,366.5,10.0,367.0,10.0,368.0,10.0,368.5,20.0,370.0,5.0,361.5,30.0,359.5,10.0,359.0,10.0,358.5,9.0,357.0,10.0
2023-04-27 21:07:52.0,1682600872000000000,369.0,362.0,350.0,3540.0,181.0,649260.0,366.5,10.0,367.0,20.0,368.5,20.0,370.0,5.0,372.5,10.0,361.5,20.0,360.0,10.0,359.5,10.0,359.0,10.0,358.5,9.0
2023-04-27 21:07:54.5,1682600874500000000,369.0,362.0,350.0,3540.0,181.0,649260.0,366.5,10.0,367.0,20.0,368.5,20.0,370.0,5.0,372.5,10.0,361.5,20.0,360.0,10.0,359.5,20.0,358.5,9.0,357.0,10.0
2023-04-27 21:07:54.75,1682600874750000000,369.0,362.0,350.0,3540.0,181.0,649260.0,366.5,10.0,367.0,20.0,368.5,20.0,370.0,5.0,372.5,10.0,361.5,20.0,360.0,10.0,359.5,10.0,358.5,19.0,357.0,10.0
2023-04-27 21:07:55.5,1682600875500000000,369.0,362.0,350.0,3540.0,181.0,649260.0,366.5,10.0,367.0,20.0,368.5,20.0,370.0,5.0,372.5,10.0,361.5,20.0,360.0,10.0,359.5,10.0,359.0,10.0,358.5,9.0
2023-04-27 21:07:57.0,1682600877000000000,369.0,362.0,350.0,3540.0,181.0,649260.0,366.5,10.0,367.0,20.0,368.5,20.0,370.0,5.0,372.5,20.0,361.5,20.0,360.0,10.0,359.5,10.0,358.5,9.0,358.0,10.0
2023-04-27 21:07:57.75,1682600877750000000,369.0,362.0,350.0,3540.0,181.0,649260.0,366.5,10.0,367.0,20.0,368.5,20.0,370.0,5.0,372.5,20.0,361.5,10.0,361.0,10.0,360.0,10.0,359.5,10.0,358.5,9.0
2023-04-27 21:07:58.0,1682600878000000000,369.0,362.0,350.0,3540.0,181.0,649260.0,366.5,10.0,367.0,20.0,368.5,20.0,370.0,5.0,372.5,20.0,361.0,20.0,360.0,10.0,359.5,10.0,358.5,9.0,358.0,10.0
2023-04-27 21:07:58.5,1682600878500000000,369.0,362.0,350.0,3540.0,181.0,649260.0,366.5,10.0,367.0,20.0,368.5,20.0,370.0,5.0,372.5,20.0,361.0,20.0,360.0,10.0,359.0,10.0,358.5,9.0,358.0,10.0
2023-04-27 21:07:59.25,1682600879250000000,369.0,362.0,350.0,3540.0,181.0,649260.0,366.5,10.0,367.0,20.0,368.5,20.0,370.0,5.0,372.5,10.0,361.0,20.0,360.0,10.0,359.0,20.0,358.5,9.0,357.0,10.0
2023-04-27 21:07:59.5,1682600879500000000,369.0,362.0,350.0,3540.0,181.0,649260.0,366.5,10.0,367.0,20.0,368.5,20.0,370.0,5.0,372.5,10.0,361.0,20.0,360.0,20.0,359.0,10.0,358.5,9.0,357.0,10.0
2023-04-27 21:08:01.25,1682600881250000000,369.0,362.0,350.0,3540.0,181.0,649260.0,366.5,10.0,367.0,20.0,368.5,20.0,369.0,10.0,370.0,5.0,361.0,20.0,360.5,10.0,360.0,10.0,359.0,20.0,358.5,9.0
2023-04-27 21:08:05.0,1682600885000000000,369.0,362.0,350.0,3540.0,181.0,649260.0,366.5,10.0,367.0,20.0,368.5,20.0,369.0,10.0,370.0,5.0,361.0,20.0,360.5,10.0,360.0,10.0,359.0,10.0,358.5,19.0
2023-04-27 21:08:05.5,1682600885500000000,369.0,362.0,350.0,3540.0,181.0,649260.0,366.5,10.0,367.0,20.0,368.5,20.0,369.0,10.0,370.0,5.0,361.0,20.0,360.5,10.0,360.0,10.0,359.0,20.0,358.5,9.0
2023-04-27 21:08:06.5,1682600886500000000,369.0,362.0,350.0,3540.0,181.0,649260.0,366.5,10.0,367.0,20.0,368.5,20.0,369.0,10.0,370.0,5.0,361.0,20.0,360.5,10.0,360.0,10.0,359.0,10.0,358.5,19.0
2023-04-27 21:08:06.75,1682600886750000000,369.0,362.0,350.0,3540.0,181.0,649260.0,366.5,10.0,367.0,20.0,368.5,20.0,369.0,10.0,370.0,5.0,361.0,20.0,360.5,10.0,360.0,10.0,359.0,20.0,358.5,9.0
2023-04-27 21:08:09.25,1682600889250000000,369.0,362.0,350.0,3540.0,181.0,649260.0,366.5,10.0,367.0,20.0,368.5,20.0,369.0,10.0,370.0,5.0,361.0,20.0,360.5,10.0,360.0,10.0,359.5,10.0,359.0,10.0
2023-04-27 21:08:10.0,1682600890000000000,369.0,362.0,350.0,3540.0,181.0,649260.0,366.5,10.0,367.0,10.0,368.0,10.0,368.5,20.0,370.0,15.0,362.0,10.0,361.5,10.0,361.0,20.0,360.0,10.0,359.0,10.0
2023-04-27 21:08:10.25,1682600890250000000,369.0,362.0,350.0,3540.0,181.0,649260.0,366.5,10.0,367.5,10.0,368.0,10.0,368.5,20.0,370.0,15.0,362.0,30.0,361.5,10.0,360.0,10.0,359.0,10.0,358.5,9.0
2023-04-27 21:08:10.5,1682600890500000000,369.0,362.0,350.0,3540.0,181.0,649260.0,367.0,10.0,368.0,10.0,368.5,20.0,370.0,15.0,371.0,10.0,362.0,30.0,361.5,10.0,360.5,10.0,360.0,10.0,359.5,10.0
2023-04-27 21:08:10.75,1682600890750000000,369.0,362.0,350.0,3540.0,181.0,649260.0,367.5,10.0,368.0,10.0,368.5,20.0,370.0,15.0,371.0,10.0,362.0,30.0,361.5,10.0,360.5,10.0,360.0,10.0,359.5,10.0
2023-04-27 21:08:11.0,1682600891000000000,369.0,362.0,350.0,3540.0,181.0,649260.0,367.5,10.0,368.0,10.0,368.5,10.0,369.5,10.0,370.0,15.0,362.0,30.0,361.5,10.0,360.5,10.0,360.0,10.0,359.5,10.0
2023-04-27 21:08:13.25,1682600893250000000,369.0,362.0,350.0,3540.0,181.0,649260.0,368.0,20.0,368.5,10.0,369.5,10.0,370.0,15.0,371.0,10.0,362.0,30.0,361.5,10.0,360.5,10.0,360.0,10.0,359.5,10.0
2023-04-27 21:08:13.5,1682600893500000000,369.0,362.0,350.0,3540.0,181.0,649260.0,368.0,20.0,368.5,10.0,370.0,25.0,371.0,10.0,372.5,10.0,362.0,30.0,361.5,10.0,360.0,20.0,359.5,10.0,358.5,9.0
2023-04-27 21:08:14.0,1682600894000000000,369.0,362.0,350.0,3540.0,181.0,649260.0,368.0,20.0,368.5,10.0,370.0,25.0,371.0,10.0,372.5,10.0,362.0,30.0,361.5,10.0,360.5,10.0,360.0,10.0,359.5,10.0
2023-04-27 21:08:14.75,1682600894750000000,369.0,362.0,350.0,3540.0,181.0,649260.0,368.0,20.0,368.5,10.0,370.0,25.0,371.0,10.0,372.5,10.0,362.0,30.0,361.5,10.0,360.0,10.0,359.5,20.0,358.5,9.0
2023-04-27 21:08:16.5,1682600896500000000,369.0,362.0,350.0,3540.0,181.0,649260.0,368.0,20.0,368.5,10.0,370.0,25.0,371.0,10.0,372.5,10.0,362.0,30.0,361.5,10.0,360.5,10.0,360.0,10.0,359.5,10.0
2023-04-27 21:08:18.25,1682600898250000000,369.0,362.0,350.0,3540.0,181.0,649260.0,368.0,20.0,368.5,10.0,370.0,25.0,371.0,10.0,372.5,10.0,364.0,10.0,362.0,20.0,361.5,10.0,360.5,10.0,360.0,10.0
2023-04-27 21:08:18.5,1682600898500000000,369.0,362.0,350.0,3540.0,181.0,649260.0,368.0,20.0,368.5,10.0,370.0,25.0,371.0,10.0,372.5,10.0,364.0,10.0,363.0,10.0,362.0,20.0,361.5,10.0,360.5,10.0
2023-04-27 21:08:20.25,1682600900250000000,369.0,362.0,350.0,3540.0,181.0,649260.0,368.0,20.0,368.5,10.0,370.0,25.0,371.0,10.0,372.5,10.0,364.0,10.0,363.0,10.0,362.0,20.0,361.5,10.0,360.0,10.0
2023-04-27 21:08:20.75,1682600900750000000,369.0,362.0,350.0,3540.0,181.0,649260.0,368.0,20.0,368.5,10.0,370.0,25.0,371.0,10.0,372.5,10.0,364.0,10.0,363.0,10.0,362.0,20.0,361.5,10.0,361.0,10.0
2023-04-27 21:08:23.5,1682600903500000000,369.0,362.0,350.0,3540.0,181.0,649260.0,368.0,30.0,370.0,25.0,371.0,10.0,372.5,10.0,374.5,10.0,362.5,20.0,362.0,20.0,361.5,10.0,360.0,10.0,359.5,10.0
2023-04-27 21:08:24.0,1682600904000000000,369.0,362.0,350.0,3540.0,181.0,649260.0,368.0,30.0,370.0,25.0,371.0,10.0,372.5,10.0,374.5,10.0,362.5,20.0,362.0,10.0,361.5,10.0,360.5,10.0,360.0,10.0
2023-04-27 21:08:24.25,1682600904250000000,369.0,362.0,350.0,3540.0,181.0,649260.0,367.0,10.0,368.0,20.0,370.0,25.0,371.0,10.0,372.5,10.0,362.5,20.0,362.0,10.0,361.5,10.0,360.5,10.0,360.0,10.0
2023-04-27 21:08:24.5,1682600904500000000,369.0,362.0,350.0,3540.0,181.0,649260.0,367.0,10.0,368.0,20.0,369.0,10.0,370.0,15.0,371.0,10.0,362.5,20.0,362.0,10.0,361.5,10.0,360.5,10.0,360.0,10.0
2023-04-27 21:08:24.75,1682600904750000000,369.0,362.0,350.0,3540.0,181.0,649260.0,367.0,20.0,368.5,10.0,369.0,20.0,370.0,5.0,372.5,10.0,362.0,10.0,360.5,20.0,360.0,10.0,359.5,10.0,358.5,9.0
2023-04-27 21:08:25.0,1682600905000000000,369.0,362.0,350.0,3540.0,181.0,649260.0,367.0,20.0,368.5,10.0,369.0,20.0,370.0,5.0,372.5,10.0,362.0,10.0,360.5,10.0,360.0,20.0,359.5,10.0,358.5,9.0
2023-04-27 21:08:25.5,1682600905500000000,369.0,362.0,350.0,3540.0,181.0,649260.0,367.0,20.0,368.5,10.0,369.0,20.0,370.0,5.0,372.5,10.0,362.0,10.0,360.5,10.0,360.0,20.0,359.0,10.0,358.5,9.0
2023-04-27 21:08:25.75,1682600905750000000,369.0,362.0,350.0,3540.0,181.0,649260.0,367.0,20.0,368.5,10.0,369.0,20.0,370.0,5.0,372.5,10.0,362.0,10.0,360.5,10.0,360.0,20.0,359.5,10.0,358.5,9.0
2023-04-27 21:08:26.0,1682600906000000000,369.0,362.0,350.0,3540.0,181.0,649260.0,366.5,10.0,367.0,20.0,368.5,10.0,369.0,20.0,370.0,5.0,362.0,10.0,361.5,10.0,360.5,10.0,360.0,20.0,359.0,10.0
2023-04-27 21:08:26.5,1682600906500000000,369.0,362.0,350.0,3540.0,181.0,649260.0,366.5,10.0,367.0,20.0,368.5,20.0,369.0,10.0,370.0,5.0,362.0,10.0,361.5,10.0,360.5,10.0,360.0,20.0,359.0,10.0
2023-04-27 21:08:26.75,1682600906750000000,369.0,362.0,350.0,3540.0,181.0,649260.0,366.5,10.0,367.0,20.0,368.5,20.0,369.0,10.0,370.0,5.0,362.0,10.0,361.5,10.0,360.5,10.0,360.0,20.0,359.5,10.0
2023-04-27 21:08:27.75,1682600907750000000,369.0,362.0,350.0,3540.0,181.0,649260.0,366.5,10.0,367.0,20.0,368.5,20.0,369.0,10.0,370.0,5.0,362.0,10.0,361.5,10.0,360.5,10.0,360.0,20.0,359.0,10.0
2023-04-27 21:08:28.75,1682600908750000000,369.0,362.0,350.0,3540.0,181.0,649260.0,366.5,20.0,367.0,10.0,368.5,20.0,369.0,10.0,370.0,5.0,361.5,10.0,361.0,10.0,360.5,10.0,360.0,20.0,358.5,19.0
2023-04-27 21:08:29.0,1682600909000000000,369.0,362.0,350.0,3540.0,181.0,649260.0,366.5,20.0,367.0,10.0,368.5,20.0,369.0,10.0,370.0,5.0,361.5,10.0,361.0,10.0,360.5,10.0,360.0,10.0,359.5,10.0
2023-04-27 21:08:29.25,1682600909250000000,369.0,362.0,350.0,3540.0,181.0,649260.0,366.5,20.0,367.0,10.0,368.0,15.0,368.5,20.0,369.0,10.0,361.5,25.0,361.0,10.0,360.5,10.0,360.0,10.0,359.5,10.0
2023-04-27 21:08:30.0,1682600910000000000,369.0,362.0,350.0,3540.0,181.0,649260.0,365.5,10.0,366.5,10.0,367.0,10.0,367.5,10.0,368.0,15.0,361.5,15.0,361.0,20.0,360.0,10.0,359.5,10.0,359.0,10.0
2023-04-27 21:08:30.25,1682600910250000000,369.0,362.0,350.0,3540.0,181.0,649260.0,365.5,30.0,367.5,10.0,368.0,15.0,368.5,20.0,370.0,5.0,361.5,15.0,361.0,10.0,360.5,10.0,359.5,10.0,359.0,20.0
2023-04-27 21:08:30.5,1682600910500000000,369.0,362.0,350.0,3540.0,181.0,649260.0,365.5,30.0,367.5,20.0,368.0,15.0,368.5,10.0,370.0,5.0,361.5,15.0,361.0,10.0,360.5,10.0,359.5,10.0,359.0,20.0
2023-04-27 21:08:30.75,1682600910750000000,369.0,362.0,350.0,3540.0,181.0,649260.0,365.5,30.0,366.0,1.0,367.5,20.0,368.0,15.0,368.5,10.0,361.5,15.0,361.0,10.0,360.5,10.0,359.5,10.0,359.0,20.0
2023-04-27 21:08:31.25,1682600911250000000,369.0,362.0,350.0,3540.0,181.0,649260.0,365.5,30.0,366.0,1.0,367.5,20.0,368.0,15.0,368.5,10.0,361.5,15.0,361.0,10.0,360.5,10.0,359.5,10.0,359.0,30.0
2023-04-27 21:08:31.75,1682600911750000000,369.0,362.0,350.0,3540.0,181.0,649260.0,365.5,20.0,366.0,11.0,367.5,20.0,368.0,15.0,368.5,10.0,361.5,25.0,361.0,10.0,359.5,10.0,359.0,20.0,358.5,19.0
2023-04-27 21:08:33.25,1682600913250000000,369.0,362.0,350.0,3540.0,181.0,649260.0,365.5,10.0,366.0,11.0,367.5,20.0,368.0,15.0,368.5,10.0,361.5,25.0,359.5,10.0,359.0,20.0,358.5,19.0,357.0,10.0
2023-04-27 21:08:33.5,1682600913500000000,369.0,362.0,350.0,3540.0,181.0,649260.0,365.5,10.0,366.0,11.0,366.5,10.0,367.5,20.0,368.0,15.0,362.0,10.0,361.5,25.0,359.5,10.0,359.0,20.0,358.5,19.0
2023-04-27 21:08:34.0,1682600914000000000,369.0,362.0,350.0,3540.0,181.0,649260.0,365.5,10.0,366.0,11.0,366.5,10.0,367.5,20.0,368.0,15.0,362.0,10.0,361.5,25.0,360.0,10.0,359.0,20.0,358.5,19.0
