datetime,datetime_nano,highest,last_price,lowest,open_interest,volume,amount,ask_price1,ask_volume1,ask_price2,ask_volume2,ask_price3,ask_volume3,ask_price4,ask_volume4,ask_price5,ask_volume5,bid_price1,bid_volume1,bid_price2,bid_volume2,bid_price3,bid_volume3,bid_price4,bid_volume4,bid_price5,bid_volume5
2023-04-27 20:55:58.0,1682600158000000000,,,,366.0,0.0,0.0,,0.0,,0.0,,0.0,,0.0,,0.0,,0.0,,0.0,,0.0,,0.0,,0.0
2023-04-27 20:59:00.0,1682600340000000000,,,,366.0,0.0,0.0,,0.0,,0.0,,0.0,,0.0,,0.0,139.0,1.0,91.0,6.0,66.0,2.0,51.0,10.0,50.0,1.0
2023-04-27 21:00:00.25,1682600400250000000,,,,366.0,0.0,0.0,1015.0,10.0,,0.0,,0.0,,0.0,,0.0,139.5,10.0,139.0,1.0,91.0,6.0,66.0,2.0,51.0,10.0
2023-04-27 21:00:00.5,1682600400500000000,,,,366.0,0.0,0.0,1015.0,10.0,,0.0,,0.0,,0.0,,0.0,147.0,2.0,139.5,10.0,139.0,1.0,91.0,6.0,66.0,2.0
2023-04-27 21:00:01.75,1682600401750000000,,,,366.0,0.0,0.0,1015.0,10.0,,0.0,,0.0,,0.0,,0.0,147.5,10.0,147.0,2.0,139.0,1.0,91.0,6.0,66.0,2.0
2023-04-27 21:00:02.0,1682600402000000000,,,,366.0,0.0,0.0,1013.5,1.0,1015.0,10.0,,0.0,,0.0,,0.0,148.5,1.0,147.5,10.0,147.0,2.0,139.0,1.0,91.0,6.0
2023-04-27 21:00:03.0,1682600403000000000,,,,366.0,0.0,0.0,1013.0,10.0,1013.5,1.0,,0.0,,0.0,,0.0,149.0,10.0,148.5,1.0,147.0,2.0,139.0,1.0,91.0,6.0
2023-04-27 21:00:03.25,1682600403250000000,,,,366.0,0.0,0.0,1010.5,10.0,1013.0,10.0,1013.5,1.0,,0.0,,0.0,151.5,10.0,149.0,10.0,148.5,1.0,139.0,1.0,91.0,6.0
2023-04-27 21:00:04.0,1682600404000000000,,,,366.0,0.0,0.0,1010.0,10.0,1010.5,10.0,,0.0,,0.0,,0.0,152.0,10.0,151.5,10.0,139.0,1.0,91.0,6.0,66.0,2.0
2023-04-27 21:00:04.25,1682600404250000000,,,,366.0,0.0,0.0,1010.0,10.0,1010.5,10.0,,0.0,,0.0,,0.0,152.0,10.0,151.5,10.0,149.5,2.0,139.0,1.0,91.0,6.0
2023-04-27 21:00:04.5,1682600404500000000,,,,366.0,0.0,0.0,1009.0,1.0,1009.5,10.0,1010.0,10.0,,0.0,,0.0,153.0,1.0,152.5,10.0,152.0,10.0,149.5,2.0,139.0,1.0
2023-04-27 21:00:05.0,1682600405000000000,,,,366.0,0.0,0.0,1009.0,1.0,1010.0,10.0,,0.0,,0.0,,0.0,153.0,1.0,152.0,10.0,149.5,2.0,139.0,1.0,91.0,6.0
2023-04-27 21:00:05.25,1682600405250000000,,,,366.0,0.0,0.0,1008.5,20.0,1009.0,1.0,,0.0,,0.0,,0.0,153.5,20.0,153.0,1.0,149.5,2.0,139.0,1.0,91.0,6.0
2023-04-27 21:00:05.5,1682600405500000000,,,,366.0,0.0,0.0,533.0,16.0,1008.5,20.0,1009.0,1.0,,0.0,,0.0,253.5,16.0,153.5,20.0,153.0,1.0,139.0,1.0,91.0,6.0
2023-04-27 21:00:05.75,1682600405750000000,,,,366.0,0.0,0.0,533.0,16.0,1008.0,10.0,1009.0,1.0,,0.0,,0.0,253.5,16.0,154.0,10.0,153.0,1.0,139.0,1.0,91.0,6.0
2023-04-27 21:00:06.0,1682600406000000000,,,,366.0,0.0,0.0,532.5,20.0,533.0,16.0,,0.0,,0.0,,0.0,254.0,20.0,253.5,16.0,139.0,1.0,91.0,6.0,66.0,2.0
2023-04-27 21:00:06.25,1682600406250000000,,,,366.0,0.0,0.0,532.0,10.0,532.5,10.0,533.0,16.0,,0.0,,0.0,254.5,10.0,254.0,10.0,253.5,16.0,139.0,1.0,91.0,6.0
2023-04-27 21:00:06.5,1682600406500000000,,,,366.0,0.0,0.0,532.0,10.0,533.0,16.0,,0.0,,0.0,,0.0,254.5,10.0,253.5,16.0,139.0,1.0,91.0,6.0,66.0,2.0
2023-04-27 21:00:06.75,1682600406750000000,,,,366.0,0.0,0.0,530.5,1.0,531.5,10.0,532.0,10.0,533.0,16.0,,0.0,288.5,16.0,256.0,1.0,255.0,10.0,254.5,10.0,139.0,1.0
2023-04-27 21:00:07.0,1682600407000000000,,,,366.0,0.0,0.0,530.5,1.0,532.0,10.0,533.0,16.0,,0.0,,0.0,288.5,16.0,256.0,1.0,254.5,10.0,139.0,1.0,91.0,6.0
2023-04-27 21:00:07.25,1682600407250000000,,,,366.0,0.0,0.0,530.0,10.0,530.5,1.0,533.0,16.0,,0.0,,0.0,289.0,20.0,288.5,16.0,139.0,1.0,91.0,6.0,66.0,2.0
2023-04-27 21:00:07.5,1682600407500000000,,,,366.0,0.0,0.0,530.0,20.0,530.5,1.0,533.0,16.0,,0.0,,0.0,289.5,10.0,289.0,10.0,288.5,16.0,139.0,1.0,91.0,6.0
2023-04-27 21:00:07.75,1682600407750000000,,,,366.0,0.0,0.0,496.0,16.0,529.5,10.0,530.0,10.0,,0.0,,0.0,323.5,16.0,289.5,10.0,139.0,1.0,91.0,6.0,66.0,2.0
2023-04-27 21:00:08.0,1682600408000000000,,,,366.0,0.0,0.0,495.5,10.0,496.0,16.0,,0.0,,0.0,,0.0,324.0,10.0,323.5,16.0,139.0,1.0,91.0,6.0,66.0,2.0
2023-04-27 21:00:08.75,1682600408750000000,,,,366.0,0.0,0.0,494.0,1.0,495.5,10.0,496.0,16.0,,0.0,,0.0,324.0,10.0,323.5,16.0,139.0,1.0,91.0,6.0,66.0,2.0
2023-04-27 21:00:09.0,1682600409000000000,,,,366.0,0.0,0.0,461.5,16.0,491.0,10.0,494.0,1.0,495.5,10.0,,0.0,358.0,16.0,327.0,10.0,324.0,10.0,139.0,1.0,91.0,6.0
2023-04-27 21:00:09.25,1682600409250000000,,,,366.0,0.0,0.0,458.5,10.0,461.0,20.0,461.5,16.0,,0.0,,0.0,361.0,10.0,358.5,20.0,358.0,16.0,139.0,1.0,91.0,6.0
2023-04-27 21:00:09.5,1682600409500000000,,,,366.0,0.0,0.0,458.0,10.0,458.5,10.0,461.5,16.0,,0.0,,0.0,380.5,16.0,361.5,10.0,361.0,10.0,139.0,1.0,91.0,6.0
2023-04-27 21:00:09.75,1682600409750000000,,,,366.0,0.0,0.0,457.5,10.0,458.0,10.0,458.5,10.0,461.5,16.0,,0.0,380.5,16.0,371.5,10.0,361.0,10.0,139.0,1.0,91.0,6.0
2023-04-27 21:00:10.0,1682600410000000000,,,,366.0,0.0,0.0,423.5,16.0,457.0,10.0,457.5,10.0,458.5,10.0,,0.0,380.5,16.0,374.5,10.0,370.5,10.0,139.0,1.0,91.0,6.0
2023-04-27 21:00:10.25,1682600410250000000,,,,366.0,0.0,0.0,420.5,10.0,423.5,16.0,434.0,10.0,,0.0,,0.0,380.5,16.0,374.5,10.0,370.5,10.0,139.0,1.0,91.0,6.0
2023-04-27 21:00:10.5,1682600410500000000,,,,366.0,0.0,0.0,420.0,10.0,420.5,10.0,423.5,16.0,434.0,10.0,,0.0,380.5,16.0,374.5,10.0,370.5,10.0,139.0,1.0,91.0,6.0
2023-04-27 21:00:10.75,1682600410750000000,,,,366.0,0.0,0.0,417.0,10.0,423.5,16.0,434.0,10.0,,0.0,,0.0,380.5,16.0,374.5,10.0,370.5,10.0,139.0,1.0,91.0,6.0
2023-04-27 21:00:11.5,1682600411500000000,,,,366.0,0.0,0.0,411.0,16.0,417.0,10.0,434.0,10.0,,0.0,,0.0,380.5,16.0,374.5,10.0,370.5,10.0,139.0,1.0,91.0,6.0
2023-04-27 21:00:16.5,1682600416500000000,,,,366.0,0.0,0.0,411.0,16.0,417.0,10.0,438.5,10.0,,0.0,,0.0,380.5,16.0,377.0,10.0,374.5,10.0,139.0,1.0,91.0,6.0
2023-04-27 21:00:16.75,1682600416750000000,,,,366.0,0.0,0.0,411.0,16.0,417.0,10.0,438.5,10.0,,0.0,,0.0,383.5,10.0,380.5,16.0,377.0,10.0,139.0,1.0,91.0,6.0
2023-04-27 21:00:17.0,1682600417000000000,,,,366.0,0.0,0.0,411.0,16.0,417.0,10.0,438.5,10.0,,0.0,,0.0,391.0,16.0,383.5,10.0,377.0,10.0,139.0,1.0,91.0,6.0
2023-04-27 21:00:18.0,1682600418000000000,,,,366.0,0.0,0.0,411.0,16.0,435.5,10.0,438.5,10.0,,0.0,,0.0,391.0,16.0,383.5,10.0,377.0,10.0,139.0,1.0,91.0,6.0
2023-04-27 21:00:20.75,1682600420750000000,,,,366.0,0.0,0.0,411.0,16.0,435.5,10.0,438.5,10.0,,0.0,,0.0,391.0,16.0,380.0,10.0,377.0,10.0,139.0,1.0,91.0,6.0
2023-04-27 21:01:06.75,1682600466750000000,,,,366.0,0.0,0.0,411.0,16.0,433.0,10.0,435.5,10.0,,0.0,,0.0,391.0,16.0,380.0,10.0,371.0,10.0,139.0,1.0,91.0,6.0
2023-04-27 21:01:07.0,1682600467000000000,,,,366.0,0.0,0.0,410.5,10.0,411.0,16.0,433.0,10.0,,0.0,,0.0,391.0,16.0,380.0,10.0,371.0,10.0,139.0,1.0,91.0,6.0
2023-04-27 21:01:07.25,1682600467250000000,,,,366.0,0.0,0.0,411.0,26.0,433.0,10.0,,0.0,,0.0,,0.0,391.0,16.0,380.0,10.0,371.0,10.0,139.0,1.0,91.0,6.0
2023-04-27 21:01:07.75,1682600467750000000,,,,366.0,0.0,0.0,411.0,16.0,430.0,10.0,433.0,10.0,,0.0,,0.0,391.0,16.0,380.0,10.0,371.0,10.0,139.0,1.0,91.0,6.0
2023-04-27 21:01:08.75,1682600468750000000,,,,366.0,0.0,0.0,411.0,16.0,418.5,10.0,430.0,10.0,,0.0,,0.0,391.0,16.0,380.0,20.0,139.0,1.0,91.0,6.0,66.0,2.0
2023-04-27 21:01:09.0,1682600469000000000,,,,366.0,0.0,0.0,411.0,16.0,415.5,10.0,418.5,10.0,,0.0,,0.0,391.0,16.0,380.0,20.0,139.0,1.0,91.0,6.0,66.0,2.0
2023-04-27 21:01:09.25,1682600469250000000,,,,366.0,0.0,0.0,411.0,16.0,415.5,10.0,439.0,10.0,,0.0,,0.0,391.0,16.0,380.0,10.0,372.5,10.0,139.0,1.0,91.0,6.0
2023-04-27 21:01:09.5,1682600469500000000,,,,366.0,0.0,0.0,411.0,16.0,415.5,10.0,419.0,10.0,,0.0,,0.0,391.0,16.0,380.0,10.0,379.5,10.0,139.0,1.0,91.0,6.0
2023-04-27 21:01:09.75,1682600469750000000,,,,366.0,0.0,0.0,411.0,16.0,415.5,10.0,440.0,10.0,,0.0,,0.0,391.0,16.0,380.0,10.0,372.5,10.0,139.0,1.0,91.0,6.0
2023-04-27 21:01:12.25,1682600472250000000,,,,366.0,0.0,0.0,411.0,16.0,437.0,10.0,440.0,10.0,,0.0,,0.0,391.0,16.0,380.0,10.0,372.5,10.0,139.0,1.0,91.0,6.0
2023-04-27 21:01:16.75,1682600476750000000,,,,366.0,0.0,0.0,411.0,16.0,437.0,10.0,454.0,10.0,,0.0,,0.0,391.0,16.0,380.0,10.0,376.5,10.0,139.0,1.0,91.0,6.0
2023-04-27 21:01:47.0,1682600507000000000,,,,366.0,0.0,0.0,421.5,16.0,437.0,10.0,454.0,10.0,,0.0,,0.0,391.0,16.0,380.0,10.0,376.5,10.0,139.0,1.0,91.0,6.0
2023-04-27 21:01:47.25,1682600507250000000,,,,366.0,0.0,0.0,421.5,16.0,437.0,10.0,454.0,10.0,,0.0,,0.0,394.0,10.0,391.0,16.0,376.5,10.0,139.0,1.0,91.0,6.0
2023-04-27 21:01:49.0,1682600509000000000,,,,366.0,0.0,0.0,421.5,16.0,434.5,10.0,437.0,10.0,,0.0,,0.0,394.0,10.0,391.0,16.0,390.5,10.0,139.0,1.0,91.0,6.0
2023-04-27 21:01:49.25,1682600509250000000,,,,366.0,0.0,0.0,421.5,16.0,432.0,10.0,434.5,10.0,,0.0,,0.0,394.0,10.0,391.0,16.0,390.5,10.0,139.0,1.0,91.0,6.0
2023-04-27 21:01:49.75,1682600509750000000,,,,366.0,0.0,0.0,421.5,16.0,432.0,10.0,477.5,10.0,,0.0,,0.0,394.0,10.0,391.0,16.0,382.5,10.0,139.0,1.0,91.0,6.0
2023-04-27 21:01:53.5,1682600513500000000,,,,366.0,0.0,0.0,421.5,16.0,474.5,10.0,477.5,10.0,,0.0,,0.0,394.0,10.0,391.0,16.0,382.5,10.0,139.0,1.0,91.0,6.0
2023-04-27 21:01:53.75,1682600513750000000,,,,366.0,0.0,0.0,421.5,16.0,474.5,10.0,477.5,10.0,,0.0,,0.0,399.5,16.0,394.0,10.0,382.5,10.0,139.0,1.0,91.0,6.0
2023-04-27 21:01:54.0,1682600514000000000,,,,366.0,0.0,0.0,421.5,16.0,474.5,10.0,477.5,10.0,,0.0,,0.0,402.5,10.0,399.5,16.0,382.5,10.0,139.0,1.0,91.0,6.0
2023-04-27 21:01:54.25,1682600514250000000,,,,366.0,0.0,0.0,421.5,16.0,474.5,10.0,479.5,10.0,,0.0,,0.0,402.5,10.0,399.5,16.0,386.0,10.0,139.0,1.0,91.0,6.0
2023-04-27 21:01:56.25,1682600516250000000,,,,366.0,0.0,0.0,421.5,16.0,439.0,10.0,474.5,10.0,,0.0,,0.0,402.5,10.0,399.5,16.0,392.5,10.0,139.0,1.0,91.0,6.0
2023-04-27 21:01:56.5,1682600516500000000,,,,366.0,0.0,0.0,421.5,16.0,436.0,10.0,482.0,10.0,,0.0,,0.0,402.5,10.0,399.5,16.0,385.5,10.0,139.0,1.0,91.0,6.0
2023-04-27 21:01:56.75,1682600516750000000,,,,366.0,0.0,0.0,421.5,16.0,436.0,10.0,439.5,10.0,,0.0,,0.0,402.5,10.0,399.5,16.0,392.0,10.0,139.0,1.0,91.0,6.0
2023-04-27 21:01:57.25,1682600517250000000,,,,366.0,0.0,0.0,421.5,16.0,436.0,10.0,483.0,10.0,,0.0,,0.0,402.0,10.0,399.5,16.0,385.0,10.0,139.0,1.0,91.0,6.0
2023-04-27 21:01:57.5,1682600517500000000,,,,366.0,0.0,0.0,421.5,16.0,436.0,10.0,483.0,10.0,,0.0,,0.0,401.5,10.0,399.5,16.0,385.0,10.0,139.0,1.0,91.0,6.0
2023-04-27 21:01:58.0,1682600518000000000,,,,366.0,0.0,0.0,421.5,16.0,436.0,10.0,483.0,10.0,,0.0,,0.0,401.0,10.0,399.5,16.0,385.0,10.0,139.0,1.0,91.0,6.0
2023-04-27 21:01:58.5,1682600518500000000,,,,366.0,0.0,0.0,421.5,16.0,436.0,10.0,483.0,10.0,,0.0,,0.0,400.0,10.0,399.5,16.0,385.0,10.0,139.0,1.0,91.0,6.0
2023-04-27 21:02:00.25,1682600520250000000,,,,366.0,0.0,0.0,421.5,16.0,436.0,10.0,483.0,10.0,,0.0,,0.0,399.5,26.0,385.0,10.0,139.0,1.0,91.0,6.0,66.0,2.0
2023-04-27 21:02:01.0,1682600521000000000,,,,366.0,0.0,0.0,421.5,16.0,436.0,10.0,483.0,10.0,,0.0,,0.0,399.5,16.0,388.0,10.0,385.0,10.0,139.0,1.0,91.0,6.0
2023-04-27 21:02:04.0,1682600524000000000,,,,366.0,0.0,0.0,421.5,16.0,436.0,10.0,479.0,10.0,,0.0,,0.0,399.5,16.0,388.0,10.0,379.0,10.0,139.0,1.0,91.0,6.0
2023-04-27 21:02:06.5,1682600526500000000,,,,366.0,0.0,0.0,421.5,16.0,436.0,10.0,479.0,10.0,,0.0,,0.0,389.5,16.0,388.0,10.0,379.0,10.0,139.0,1.0,91.0,6.0
2023-04-27 21:02:06.75,1682600526750000000,,,,366.0,0.0,0.0,421.5,16.0,436.0,10.0,479.0,10.0,,0.0,,0.0,392.5,10.0,389.5,16.0,379.0,10.0,139.0,1.0,91.0,6.0
2023-04-27 21:02:16.25,1682600536250000000,,,,366.0,0.0,0.0,421.5,16.0,436.0,10.0,479.0,10.0,,0.0,,0.0,392.0,10.0,389.5,16.0,379.0,10.0,139.0,1.0,91.0,6.0
2023-04-27 21:02:17.5,1682600537500000000,,,,366.0,0.0,0.0,421.5,16.0,436.0,10.0,479.0,10.0,,0.0,,0.0,391.5,10.0,389.5,16.0,379.0,10.0,139.0,1.0,91.0,6.0
2023-04-27 21:02:31.0,1682600551000000000,,,,366.0,0.0,0.0,421.5,16.0,436.0,10.0,438.0,10.0,,0.0,,0.0,391.5,10.0,390.0,10.0,389.5,16.0,139.0,1.0,91.0,6.0
2023-04-27 21:02:32.0,1682600552000000000,,,,366.0,0.0,0.0,421.5,16.0,436.0,10.0,486.0,10.0,,0.0,,0.0,391.5,10.0,389.5,16.0,382.5,10.0,139.0,1.0,91.0,6.0
2023-04-27 21:02:38.25,1682600558250000000,,,,366.0,0.0,0.0,421.5,16.0,436.0,10.0,438.5,10.0,,0.0,,0.0,391.5,10.0,390.0,10.0,389.5,16.0,139.0,1.0,91.0,6.0
2023-04-27 21:02:38.75,1682600558750000000,,,,366.0,0.0,0.0,421.5,16.0,436.0,10.0,487.0,10.0,,0.0,,0.0,391.5,10.0,389.5,16.0,383.0,10.0,139.0,1.0,91.0,6.0
2023-04-27 21:02:41.75,1682600561750000000,,,,366.0,0.0,0.0,421.5,16.0,436.0,10.0,440.5,10.0,,0.0,,0.0,391.5,20.0,389.5,16.0,139.0,1.0,91.0,6.0,66.0,2.0
2023-04-27 21:02:43.5,1682600563500000000,,,,366.0,0.0,0.0,421.5,16.0,436.0,10.0,513.0,10.0,,0.0,,0.0,391.5,10.0,389.5,16.0,378.5,10.0,139.0,1.0,91.0,6.0
2023-04-27 21:02:45.0,1682600565000000000,,,,366.0,0.0,0.0,421.5,16.0,436.0,10.0,450.5,10.0,,0.0,,0.0,391.5,10.0,389.5,16.0,387.5,10.0,139.0,1.0,91.0,6.0
2023-04-27 21:02:45.5,1682600565500000000,,,,366.0,0.0,0.0,421.5,16.0,436.0,10.0,517.5,10.0,,0.0,,0.0,391.5,10.0,389.5,16.0,378.0,10.0,139.0,1.0,91.0,6.0
2023-04-27 21:02:46.75,1682600566750000000,,,,366.0,0.0,0.0,421.5,16.0,436.0,10.0,450.0,10.0,,0.0,,0.0,391.5,10.0,389.5,16.0,386.5,10.0,139.0,1.0,91.0,6.0
2023-04-27 21:02:47.75,1682600567750000000,,,,366.0,0.0,0.0,421.5,16.0,436.0,10.0,519.0,10.0,,0.0,,0.0,391.5,10.0,389.5,16.0,377.5,10.0,139.0,1.0,91.0,6.0
2023-04-27 21:02:48.5,1682600568500000000,,,,366.0,0.0,0.0,421.5,16.0,436.0,10.0,450.5,10.0,,0.0,,0.0,391.5,10.0,389.5,16.0,386.5,10.0,139.0,1.0,91.0,6.0
2023-04-27 21:02:48.75,1682600568750000000,,,,366.0,0.0,0.0,421.5,16.0,436.0,10.0,519.0,10.0,,0.0,,0.0,391.5,10.0,389.5,16.0,377.5,10.0,139.0,1.0,91.0,6.0
2023-04-27 21:02:49.0,1682600569000000000,,,,366.0,0.0,0.0,421.5,16.0,436.0,10.0,450.5,10.0,,0.0,,0.0,391.5,10.0,389.5,16.0,386.5,10.0,139.0,1.0,91.0,6.0
2023-04-27 21:02:49.75,1682600569750000000,,,,366.0,0.0,0.0,421.5,26.0,436.0,10.0,519.0,10.0,,0.0,,0.0,391.5,20.0,389.5,16.0,377.5,10.0,139.0,1.0,91.0,6.0
2023-04-27 21:02:50.0,1682600570000000000,,,,366.0,0.0,0.0,421.5,26.0,436.0,10.0,450.5,10.0,,0.0,,0.0,391.5,20.0,389.5,16.0,386.5,10.0,139.0,1.0,91.0,6.0
2023-04-27 21:02:50.75,1682600570750000000,,,,366.0,0.0,0.0,421.5,26.0,425.0,10.0,436.0,10.0,450.5,10.0,,0.0,396.0,10.0,391.5,20.0,389.5,16.0,386.5,10.0,139.0,1.0
2023-04-27 21:02:51.0,1682600571000000000,,,,366.0,0.0,0.0,421.5,26.0,425.0,10.0,436.0,10.0,450.5,10.0,,0.0,396.0,20.0,391.5,10.0,389.5,16.0,386.5,10.0,139.0,1.0
2023-04-27 21:02:58.25,1682600578250000000,,,,366.0,0.0,0.0,421.5,36.0,425.0,10.0,436.0,10.0,450.5,10.0,,0.0,396.0,30.0,391.5,10.0,389.5,16.0,386.5,10.0,139.0,1.0
2023-04-27 21:02:58.5,1682600578500000000,,,,366.0,0.0,0.0,421.5,36.0,423.5,10.0,425.0,10.0,450.5,10.0,,0.0,396.0,30.0,391.5,10.0,389.5,16.0,386.5,10.0,139.0,1.0
2023-04-27 21:02:59.75,1682600579750000000,,,,366.0,0.0,0.0,421.5,26.0,422.5,10.0,423.5,10.0,425.0,10.0,450.5,10.0,396.0,20.0,394.5,10.0,391.5,10.0,389.5,16.0,386.5,10.0
2023-04-27 21:03:00.75,1682600580750000000,,,,366.0,0.0,0.0,421.5,26.0,422.5,10.0,423.5,10.0,425.0,10.0,450.5,10.0,396.0,20.0,394.5,10.0,391.0,10.0,389.5,16.0,386.5,10.0
2023-04-27 21:03:01.0,1682600581000000000,,,,366.0,0.0,0.0,421.0,10.0,421.5,26.0,422.5,10.0,425.0,10.0,450.5,10.0,396.0,20.0,394.5,10.0,390.5,10.0,389.5,16.0,386.5,10.0
2023-04-27 21:03:02.75,1682600582750000000,,,,366.0,0.0,0.0,421.0,10.0,421.5,26.0,422.5,10.0,425.0,10.0,450.5,10.0,396.0,20.0,394.5,10.0,390.0,10.0,389.5,16.0,386.5,10.0
2023-04-27 21:03:03.0,1682600583000000000,,,,366.0,0.0,0.0,421.0,10.0,421.5,26.0,422.5,10.0,425.0,10.0,450.5,10.0,396.0,20.0,394.5,10.0,389.5,26.0,386.5,10.0,139.0,1.0
2023-04-27 21:03:03.25,1682600583250000000,,,,366.0,0.0,0.0,421.0,10.0,421.5,26.0,422.5,10.0,425.0,10.0,450.5,10.0,396.0,20.0,394.5,10.0,389.5,16.0,389.0,10.0,386.5,10.0
2023-04-27 21:03:03.5,1682600583500000000,,,,366.0,0.0,0.0,419.0,10.0,421.0,10.0,421.5,26.0,422.5,10.0,450.5,10.0,396.0,10.0,394.5,10.0,391.0,10.0,389.5,16.0,388.5,10.0
2023-04-27 21:03:03.75,1682600583750000000,,,,366.0,0.0,0.0,419.0,10.0,421.0,10.0,421.5,16.0,422.5,10.0,450.5,10.0,394.5,10.0,391.0,10.0,389.5,16.0,388.5,10.0,386.5,10.0
2023-04-27 21:03:04.0,1682600584000000000,,,,366.0,0.0,0.0,419.0,10.0,420.0,10.0,421.0,10.0,421.5,16.0,450.5,10.0,392.0,10.0,391.0,10.0,389.5,16.0,388.5,10.0,386.5,10.0
2023-04-27 21:03:04.25,1682600584250000000,,,,366.0,0.0,0.0,419.0,10.0,419.5,10.0,421.5,16.0,450.5,10.0,,0.0,391.0,10.0,389.5,16.0,388.5,10.0,386.5,10.0,139.0,1.0
2023-04-27 21:03:04.5,1682600584500000000,,,,366.0,0.0,0.0,419.0,10.0,420.0,10.0,421.5,16.0,450.5,10.0,,0.0,391.0,10.0,389.5,16.0,388.5,10.0,386.5,10.0,139.0,1.0
2023-04-27 21:03:05.25,1682600585250000000,,,,366.0,0.0,0.0,419.0,10.0,420.0,10.0,421.5,16.0,450.5,10.0,650.0,1.0,391.0,10.0,389.5,16.0,388.5,10.0,386.5,10.0,139.0,1.0
2023-04-27 21:03:06.0,1682600586000000000,,,,366.0,0.0,0.0,419.0,10.0,420.0,10.0,421.5,16.0,450.5,10.0,650.0,1.0,391.0,10.0,389.5,16.0,388.0,10.0,386.5,10.0,139.0,1.0
2023-04-27 21:03:06.25,1682600586250000000,,,,366.0,0.0,0.0,418.0,10.0,419.0,10.0,421.5,16.0,450.5,10.0,650.0,1.0,391.0,10.0,389.5,16.0,387.5,10.0,386.5,10.0,139.0,1.0
2023-04-27 21:03:06.5,1682600586500000000,,,,366.0,0.0,0.0,418.5,10.0,419.0,10.0,421.5,16.0,450.5,10.0,650.0,1.0,391.0,10.0,389.5,16.0,387.5,10.0,386.5,10.0,139.0,1.0
2023-04-27 21:03:06.75,1682600586750000000,,,,366.0,0.0,0.0,419.0,20.0,421.5,16.0,450.5,10.0,650.0,1.0,,0.0,391.0,10.0,389.5,16.0,387.5,10.0,386.5,10.0,139.0,1.0
2023-04-27 21:03:07.75,1682600587750000000,,,,366.0,0.0,0.0,419.0,10.0,419.5,10.0,421.5,16.0,450.5,10.0,650.0,1.0,391.0,10.0,389.5,16.0,387.5,10.0,386.5,10.0,139.0,1.0
2023-04-27 21:03:09.25,1682600589250000000,,,,366.0,0.0,0.0,419.0,10.0,420.0,10.0,421.5,16.0,450.5,10.0,650.0,1.0,391.0,10.0,389.5,16.0,387.5,10.0,386.5,10.0,139.0,1.0
2023-04-27 21:03:11.0,1682600591000000000,,,,366.0,0.0,0.0,419.0,10.0,420.0,10.0,421.5,16.0,514.5,10.0,650.0,1.0,391.0,10.0,389.5,16.0,387.5,10.0,377.5,10.0,139.0,1.0
2023-04-27 21:03:11.25,1682600591250000000,,,,366.0,0.0,0.0,419.0,10.0,420.5,10.0,421.5,16.0,514.5,10.0,650.0,1.0,391.0,10.0,389.5,16.0,387.5,10.0,377.5,10.0,139.0,1.0
2023-04-27 21:03:11.5,1682600591500000000,,,,366.0,0.0,0.0,419.0,10.0,420.5,10.0,421.5,16.0,514.5,10.0,650.0,1.0,391.0,10.0,390.0,10.0,389.5,16.0,377.5,10.0,139.0,1.0
2023-04-27 21:03:11.75,1682600591750000000,,,,366.0,0.0,0.0,419.0,10.0,420.5,10.0,421.5,16.0,514.5,10.0,650.0,1.0,391.0,10.0,389.5,26.0,377.5,10.0,139.0,1.0,91.0,6.0
2023-04-27 21:03:12.25,1682600592250000000,,,,366.0,0.0,0.0,419.0,10.0,420.5,10.0,421.5,16.0,514.5,10.0,650.0,1.0,391.0,10.0,389.5,16.0,380.5,10.0,377.5,10.0,139.0,1.0
2023-04-27 21:03:17.5,1682600597500000000,,,,366.0,0.0,0.0,419.0,10.0,421.0,10.0,421.5,16.0,514.5,10.0,650.0,1.0,391.0,10.0,389.5,16.0,380.5,10.0,377.5,10.0,139.0,1.0
2023-04-27 21:03:17.75,1682600597750000000,,,,366.0,0.0,0.0,419.0,10.0,421.0,10.0,421.5,16.0,514.5,10.0,650.0,1.0,391.0,10.0,390.5,10.0,389.5,16.0,377.5,10.0,139.0,1.0
2023-04-27 21:03:18.5,1682600598500000000,,,,366.0,0.0,0.0,419.0,10.0,421.5,26.0,514.5,10.0,650.0,1.0,,0.0,391.0,10.0,390.5,10.0,389.5,16.0,377.5,10.0,139.0,1.0
2023-04-27 21:03:19.5,1682600599500000000,,,,366.0,0.0,0.0,419.0,10.0,421.5,16.0,511.5,10.0,514.5,10.0,650.0,1.0,391.0,10.0,390.5,10.0,389.5,16.0,377.5,10.0,139.0,1.0
2023-04-27 21:03:19.75,1682600599750000000,,,,366.0,0.0,0.0,419.0,10.0,421.5,16.0,511.5,10.0,514.5,10.0,650.0,1.0,392.0,10.0,391.0,10.0,389.5,16.0,377.5,10.0,139.0,1.0
2023-04-27 21:03:22.0,1682600602000000000,,,,366.0,0.0,0.0,419.0,10.0,421.5,16.0,451.0,10.0,511.5,10.0,650.0,1.0,392.0,10.0,391.0,10.0,389.5,16.0,388.5,10.0,139.0,1.0
2023-04-27 21:03:22.25,1682600602250000000,,,,366.0,0.0,0.0,419.0,10.0,421.5,16.0,448.0,10.0,515.5,10.0,650.0,1.0,392.0,10.0,391.0,10.0,389.5,16.0,379.0,10.0,139.0,1.0
2023-04-27 21:03:23.5,1682600603500000000,,,,366.0,0.0,0.0,419.0,10.0,421.5,16.0,448.0,10.0,451.0,10.0,650.0,1.0,392.0,10.0,391.0,10.0,389.5,16.0,388.0,10.0,139.0,1.0
2023-04-27 21:03:25.5,1682600605500000000,,,,366.0,0.0,0.0,419.0,10.0,421.5,16.0,448.0,10.0,516.5,10.0,650.0,1.0,392.0,10.0,391.0,10.0,389.5,16.0,379.0,10.0,139.0,1.0
2023-04-27 21:03:46.0,1682600626000000000,,,,366.0,0.0,0.0,419.0,10.0,421.5,16.0,448.0,10.0,516.5,10.0,650.0,1.0,391.5,10.0,391.0,10.0,389.5,16.0,379.0,10.0,139.0,1.0
2023-04-27 21:03:46.75,1682600626750000000,,,,366.0,0.0,0.0,419.0,10.0,421.5,16.0,448.0,10.0,516.5,10.0,650.0,1.0,391.0,20.0,389.5,16.0,379.0,10.0,139.0,1.0,91.0,6.0
2023-04-27 21:03:51.25,1682600631250000000,,,,366.0,0.0,0.0,419.0,10.0,421.5,16.0,448.0,10.0,516.5,10.0,650.0,1.0,391.0,10.0,390.5,10.0,389.5,16.0,379.0,10.0,139.0,1.0
2023-04-27 21:03:51.5,1682600631500000000,,,,366.0,0.0,0.0,419.0,10.0,421.0,10.0,421.5,16.0,516.5,10.0,650.0,1.0,391.0,10.0,390.5,10.0,389.5,16.0,379.0,10.0,139.0,1.0
2023-04-27 21:03:54.5,1682600634500000000,,,,366.0,0.0,0.0,419.0,10.0,421.0,10.0,421.5,16.0,516.5,10.0,650.0,1.0,391.0,10.0,390.0,10.0,389.5,16.0,379.0,10.0,139.0,1.0
2023-04-27 21:04:00.75,1682600640750000000,,,,366.0,0.0,0.0,419.0,10.0,421.0,10.0,421.5,16.0,447.5,10.0,650.0,1.0,391.0,10.0,390.0,10.0,389.5,16.0,384.5,10.0,139.0,1.0
2023-04-27 21:04:01.0,1682600641000000000,,,,366.0,0.0,0.0,419.0,10.0,421.0,10.0,421.5,16.0,515.5,10.0,650.0,1.0,391.0,10.0,390.0,10.0,389.5,16.0,375.0,10.0,139.0,1.0
2023-04-27 21:04:02.25,1682600642250000000,,,,366.0,0.0,0.0,419.0,10.0,421.5,16.0,449.0,10.0,512.5,10.0,650.0,1.0,391.0,10.0,390.0,10.0,389.5,16.0,385.5,10.0,139.0,1.0
2023-04-27 21:04:02.5,1682600642500000000,,,,366.0,0.0,0.0,419.0,10.0,421.5,16.0,446.0,10.0,449.0,10.0,650.0,1.0,392.0,10.0,391.0,10.0,389.5,16.0,385.5,10.0,139.0,1.0
2023-04-27 21:04:03.0,1682600643000000000,,,,366.0,0.0,0.0,419.0,10.0,421.5,16.0,446.0,10.0,517.0,10.0,650.0,1.0,392.0,10.0,391.0,10.0,389.5,16.0,376.5,10.0,139.0,1.0
2023-04-27 21:04:03.25,1682600643250000000,,,,366.0,0.0,0.0,419.0,10.0,421.5,16.0,446.0,10.0,517.0,10.0,650.0,1.0,391.5,10.0,391.0,10.0,389.5,16.0,376.5,10.0,139.0,1.0
2023-04-27 21:04:04.0,1682600644000000000,,,,366.0,0.0,0.0,419.0,10.0,421.5,16.0,446.0,10.0,448.5,10.0,650.0,1.0,391.5,10.0,391.0,10.0,389.5,16.0,385.0,10.0,139.0,1.0
2023-04-27 21:04:04.75,1682600644750000000,,,,366.0,0.0,0.0,419.0,10.0,421.5,16.0,446.0,10.0,517.5,10.0,650.0,1.0,391.5,10.0,391.0,10.0,389.5,16.0,376.0,10.0,139.0,1.0
2023-04-27 21:04:06.0,1682600646000000000,,,,366.0,0.0,0.0,419.0,10.0,421.5,16.0,446.0,10.0,517.5,10.0,650.0,1.0,391.0,20.0,389.5,16.0,376.0,10.0,139.0,1.0,91.0,6.0
2023-04-27 21:04:07.0,1682600647000000000,,,,366.0,0.0,0.0,419.0,10.0,421.5,16.0,446.0,10.0,517.5,10.0,650.0,1.0,391.0,10.0,390.5,10.0,389.5,16.0,376.0,10.0,139.0,1.0
2023-04-27 21:04:07.25,1682600647250000000,,,,366.0,0.0,0.0,419.0,10.0,420.0,10.0,421.5,16.0,517.5,10.0,650.0,1.0,391.0,10.0,389.5,26.0,376.0,10.0,139.0,1.0,91.0,6.0
2023-04-27 21:04:07.5,1682600647500000000,,,,366.0,0.0,0.0,419.0,10.0,420.0,10.0,421.5,16.0,447.0,10.0,650.0,1.0,391.0,10.0,389.5,26.0,383.5,10.0,139.0,1.0,91.0,6.0
2023-04-27 21:04:07.75,1682600647750000000,,,,366.0,0.0,0.0,419.0,10.0,420.5,10.0,421.5,16.0,447.0,10.0,650.0,1.0,391.0,10.0,389.5,26.0,383.5,10.0,139.0,1.0,91.0,6.0
2023-04-27 21:04:08.5,1682600648500000000,,,,366.0,0.0,0.0,419.0,10.0,420.5,10.0,421.5,16.0,517.5,10.0,650.0,1.0,391.0,10.0,389.5,26.0,374.0,10.0,139.0,1.0,91.0,6.0
2023-04-27 21:04:09.0,1682600649000000000,,,,366.0,0.0,0.0,413.0,10.0,420.5,10.0,421.5,16.0,517.5,10.0,650.0,1.0,394.5,10.0,389.5,16.0,377.0,10.0,374.0,10.0,139.0,1.0
2023-04-27 21:04:09.25,1682600649250000000,,,,366.0,0.0,0.0,413.0,10.0,418.0,10.0,420.5,10.0,421.5,16.0,517.5,10.0,394.5,10.0,390.0,10.0,389.5,16.0,377.0,10.0,374.0,10.0
2023-04-27 21:04:10.0,1682600650000000000,,,,366.0,0.0,0.0,413.0,10.0,418.0,10.0,420.5,10.0,421.5,16.0,447.5,10.0,394.5,10.0,390.0,10.0,389.5,16.0,383.0,10.0,377.0,10.0
2023-04-27 21:04:10.25,1682600650250000000,,,,366.0,0.0,0.0,413.0,10.0,418.0,10.0,420.5,10.0,421.5,16.0,447.5,10.0,394.5,10.0,390.0,10.0,389.5,16.0,386.0,10.0,383.0,10.0
2023-04-27 21:04:10.5,1682600650500000000,,,,366.0,0.0,0.0,413.0,10.0,418.0,10.0,420.5,10.0,421.5,16.0,518.0,10.0,394.5,10.0,390.0,10.0,389.5,16.0,386.0,10.0,373.5,10.0
2023-04-27 21:04:11.0,1682600651000000000,,,,366.0,0.0,0.0,413.0,26.0,418.0,10.0,420.5,10.0,518.0,10.0,650.0,1.0,394.5,10.0,390.0,10.0,389.5,16.0,386.0,10.0,373.5,10.0
2023-04-27 21:04:12.75,1682600652750000000,,,,366.0,0.0,0.0,413.0,26.0,418.0,10.0,420.5,10.0,447.0,10.0,650.0,1.0,394.5,10.0,390.0,10.0,389.5,16.0,386.0,10.0,382.5,10.0
2023-04-27 21:04:13.25,1682600653250000000,,,,366.0,0.0,0.0,413.0,26.0,418.0,10.0,420.5,10.0,518.0,10.0,650.0,1.0,394.5,10.0,390.0,10.0,389.5,16.0,386.0,10.0,372.5,10.0
2023-04-27 21:04:13.5,1682600653500000000,,,,366.0,0.0,0.0,413.0,26.0,418.0,10.0,420.5,10.0,447.0,10.0,650.0,1.0,394.5,10.0,390.0,10.0,389.5,16.0,386.0,10.0,382.5,10.0
2023-04-27 21:04:13.75,1682600653750000000,,,,366.0,0.0,0.0,413.0,26.0,418.0,10.0,420.5,10.0,519.0,10.0,650.0,1.0,394.5,10.0,390.0,10.0,389.5,16.0,386.0,10.0,373.0,10.0
2023-04-27 21:04:14.0,1682600654000000000,,,,366.0,0.0,0.0,413.0,26.0,418.0,10.0,420.5,10.0,447.0,10.0,650.0,1.0,394.5,10.0,390.0,10.0,389.5,16.0,386.0,10.0,382.0,10.0
2023-04-27 21:04:23.75,1682600663750000000,,,,366.0,0.0,0.0,413.0,26.0,418.0,10.0,420.5,10.0,447.0,10.0,650.0,1.0,394.5,10.0,390.0,10.0,389.5,16.0,385.0,10.0,382.0,10.0
2023-04-27 21:04:24.0,1682600664000000000,,,,366.0,0.0,0.0,413.0,26.0,416.5,10.0,418.0,10.0,447.0,10.0,650.0,1.0,394.5,10.0,390.0,10.0,389.5,16.0,385.0,10.0,382.0,10.0
2023-04-27 21:04:28.0,1682600668000000000,,,,366.0,0.0,0.0,409.0,10.0,413.0,16.0,416.5,10.0,418.0,10.0,447.0,10.0,390.5,10.0,390.0,10.0,389.5,16.0,384.5,10.0,382.0,10.0
2023-04-27 21:04:28.25,1682600668250000000,,,,366.0,0.0,0.0,409.0,10.0,413.0,16.0,414.0,10.0,416.5,10.0,447.0,10.0,390.5,10.0,389.5,16.0,386.0,10.0,384.5,10.0,382.0,10.0
2023-04-27 21:04:28.5,1682600668500000000,,,,366.0,0.0,0.0,409.0,10.0,413.0,16.0,414.0,10.0,416.5,10.0,447.0,10.0,390.5,10.0,389.5,16.0,386.0,10.0,384.0,10.0,382.0,10.0
2023-04-27 21:04:28.75,1682600668750000000,,,,366.0,0.0,0.0,409.0,10.0,413.0,16.0,414.0,10.0,416.5,10.0,447.0,10.0,390.5,10.0,389.5,16.0,386.0,10.0,383.5,10.0,382.0,10.0
2023-04-27 21:04:29.75,1682600669750000000,,,,366.0,0.0,0.0,409.0,10.0,413.0,16.0,414.0,10.0,416.5,10.0,447.0,10.0,390.5,10.0,389.5,16.0,386.0,10.0,383.0,10.0,382.0,10.0
2023-04-27 21:04:30.0,1682600670000000000,,,,366.0,0.0,0.0,409.0,10.0,413.0,16.0,413.5,10.0,414.0,10.0,447.0,10.0,390.5,10.0,389.5,16.0,386.0,10.0,383.0,10.0,382.0,10.0
2023-04-27 21:04:30.75,1682600670750000000,,,,366.0,0.0,0.0,409.0,10.0,413.0,16.0,414.0,10.0,444.0,10.0,447.0,10.0,390.5,10.0,389.5,16.0,386.0,10.0,383.0,10.0,382.0,10.0
2023-04-27 21:04:31.75,1682600671750000000,,,,366.0,0.0,0.0,409.0,10.0,413.0,16.0,414.0,10.0,444.0,10.0,447.0,10.0,390.5,10.0,389.5,16.0,386.0,10.0,382.5,10.0,382.0,10.0
2023-04-27 21:04:32.0,1682600672000000000,,,,366.0,0.0,0.0,409.0,10.0,413.0,26.0,414.0,10.0,447.0,10.0,650.0,1.0,390.5,10.0,389.5,16.0,386.0,10.0,382.5,10.0,382.0,10.0
2023-04-27 21:04:32.25,1682600672250000000,,,,366.0,0.0,0.0,409.0,10.0,413.0,16.0,413.5,10.0,414.0,10.0,447.0,10.0,390.5,10.0,389.5,16.0,386.0,10.0,382.5,10.0,382.0,10.0
2023-04-27 21:04:32.5,1682600672500000000,,,,366.0,0.0,0.0,409.0,10.0,413.0,16.0,414.0,10.0,444.0,10.0,447.0,10.0,390.5,10.0,389.5,16.0,386.0,10.0,382.5,10.0,382.0,10.0
2023-04-27 21:04:53.25,1682600693250000000,,,,366.0,0.0,0.0,412.5,10.0,413.0,16.0,414.0,10.0,444.0,10.0,447.0,10.0,394.5,10.0,389.5,16.0,386.0,10.0,382.5,10.0,382.0,10.0
2023-04-27 21:04:53.5,1682600693500000000,,,,366.0,0.0,0.0,412.5,10.0,413.0,16.0,414.0,10.0,444.0,10.0,447.0,10.0,394.5,10.0,389.5,16.0,388.5,10.0,386.0,10.0,382.0,10.0
2023-04-27 21:04:54.0,1682600694000000000,,,,366.0,0.0,0.0,412.5,10.0,413.0,16.0,414.0,10.0,444.0,10.0,447.0,10.0,394.5,10.0,389.5,16.0,388.0,10.0,386.0,10.0,382.0,10.0
2023-04-27 21:04:55.0,1682600695000000000,,,,366.0,0.0,0.0,412.5,10.0,413.0,16.0,414.0,10.0,444.0,10.0,447.0,10.0,394.5,10.0,389.5,16.0,387.5,10.0,386.0,10.0,382.0,10.0
2023-04-27 21:05:00.5,1682600700500000000,,,,366.0,0.0,0.0,412.5,20.0,413.0,16.0,414.0,10.0,444.0,10.0,447.0,10.0,394.5,20.0,389.5,16.0,387.5,10.0,386.0,10.0,382.0,10.0
2023-04-27 21:05:01.5,1682600701500000000,,,,366.0,0.0,0.0,412.5,20.0,413.0,16.0,414.0,10.0,439.0,10.0,444.0,10.0,394.5,20.0,389.5,16.0,387.5,10.0,386.0,10.0,384.0,10.0
2023-04-27 21:05:01.75,1682600701750000000,,,,366.0,0.0,0.0,412.5,20.0,413.0,16.0,414.0,10.0,436.0,10.0,439.0,10.0,394.5,20.0,389.5,16.0,387.5,10.0,386.0,10.0,384.0,10.0
2023-04-27 21:05:14.0,1682600714000000000,,,,366.0,0.0,0.0,412.5,10.0,413.0,16.0,414.0,10.0,416.0,10.0,436.0,10.0,397.5,10.0,394.5,10.0,389.5,16.0,387.5,10.0,386.0,10.0
2023-04-27 21:05:14.25,1682600714250000000,,,,366.0,0.0,0.0,412.5,10.0,413.0,16.0,414.0,10.0,416.0,10.0,436.0,10.0,397.5,10.0,394.5,10.0,392.0,10.0,389.5,16.0,386.0,10.0
2023-04-27 21:05:14.5,1682600714500000000,,,,366.0,0.0,0.0,412.5,10.0,413.0,16.0,414.0,10.0,416.0,10.0,436.0,10.0,397.5,20.0,392.0,10.0,389.5,16.0,386.0,10.0,384.0,10.0
2023-04-27 21:05:18.25,1682600718250000000,,,,366.0,0.0,0.0,412.5,10.0,413.0,16.0,414.0,10.0,416.0,10.0,436.0,10.0,397.5,20.0,391.5,10.0,389.5,16.0,386.0,10.0,384.0,10.0
2023-04-27 21:05:22.75,1682600722750000000,,,,366.0,0.0,0.0,412.5,10.0,413.0,16.0,414.0,10.0,419.5,10.0,436.0,10.0,401.5,10.0,397.5,10.0,391.5,10.0,389.5,16.0,386.0,10.0
2023-04-27 21:05:23.0,1682600723000000000,,,,366.0,0.0,0.0,412.5,10.0,413.0,16.0,414.0,10.0,419.5,10.0,436.0,10.0,401.5,20.0,391.5,10.0,389.5,16.0,386.0,10.0,384.0,10.0
2023-04-27 21:05:23.5,1682600723500000000,,,,366.0,0.0,0.0,413.0,26.0,414.0,10.0,419.5,10.0,436.0,10.0,439.0,10.0,401.5,20.0,391.5,10.0,389.5,16.0,386.0,10.0,384.0,10.0
2023-04-27 21:05:24.5,1682600724500000000,,,,366.0,0.0,0.0,413.0,26.0,414.0,10.0,419.5,10.0,436.0,10.0,462.5,10.0,401.5,20.0,391.5,10.0,389.5,16.0,386.0,10.0,379.5,10.0
2023-04-27 21:05:25.0,1682600725000000000,,,,366.0,0.0,0.0,413.0,26.0,414.0,10.0,419.5,10.0,436.0,10.0,437.5,10.0,401.5,20.0,391.5,10.0,389.5,16.0,388.5,10.0,386.0,10.0
2023-04-27 21:05:26.5,1682600726500000000,,,,366.0,0.0,0.0,413.0,26.0,414.0,10.0,419.5,10.0,436.0,10.0,464.0,10.0,401.5,20.0,391.5,10.0,389.5,16.0,386.0,10.0,379.5,10.0
2023-04-27 21:05:27.5,1682600727500000000,,,,366.0,0.0,0.0,413.0,26.0,414.0,10.0,419.5,10.0,436.0,10.0,438.5,10.0,401.5,20.0,391.5,10.0,389.5,16.0,389.0,10.0,386.0,10.0
2023-04-27 21:05:27.75,1682600727750000000,,,,366.0,0.0,0.0,413.0,26.0,414.0,10.0,419.5,10.0,436.0,10.0,464.5,10.0,401.5,20.0,391.5,10.0,389.5,16.0,386.0,10.0,379.5,10.0
2023-04-27 21:05:28.0,1682600728000000000,,,,366.0,0.0,0.0,413.0,26.0,414.0,10.0,419.5,10.0,436.0,10.0,438.5,10.0,401.5,20.0,391.5,10.0,389.5,16.0,388.5,10.0,386.0,10.0
2023-04-27 21:05:28.25,1682600728250000000,,,,366.0,0.0,0.0,413.0,26.0,414.0,10.0,419.5,10.0,436.0,10.0,463.5,10.0,401.5,20.0,391.5,10.0,389.5,16.0,386.0,10.0,379.0,10.0
2023-04-27 21:05:28.5,1682600728500000000,,,,366.0,0.0,0.0,413.0,26.0,414.0,10.0,419.5,10.0,436.0,10.0,438.0,10.0,401.5,20.0,391.5,10.0,389.5,16.0,388.5,10.0,386.0,10.0
2023-04-27 21:05:32.0,1682600732000000000,,,,366.0,0.0,0.0,413.0,26.0,414.0,10.0,419.5,10.0,436.0,10.0,438.0,10.0,401.5,20.0,397.5,16.0,391.5,10.0,388.5,10.0,386.0,10.0
2023-04-27 21:05:32.25,1682600732250000000,,,,366.0,0.0,0.0,414.0,10.0,415.0,10.0,419.5,10.0,423.0,16.0,436.0,10.0,401.5,20.0,397.5,16.0,391.5,10.0,388.5,10.0,386.0,10.0
2023-04-27 21:05:32.5,1682600732500000000,,,,366.0,0.0,0.0,415.0,10.0,419.5,10.0,423.0,16.0,427.0,10.0,436.0,10.0,401.5,20.0,399.0,10.0,397.5,16.0,391.5,10.0,388.5,10.0
2023-04-27 21:05:33.5,1682600733500000000,,,,366.0,0.0,0.0,415.0,10.0,423.0,26.0,427.0,10.0,436.0,10.0,438.0,10.0,404.0,10.0,401.5,10.0,399.0,10.0,397.5,16.0,391.5,10.0
2023-04-27 21:05:34.0,1682600734000000000,,,,366.0,0.0,0.0,415.0,10.0,423.0,26.0,427.0,10.0,436.0,10.0,438.0,10.0,404.0,20.0,399.0,10.0,397.5,16.0,391.5,10.0,388.5,10.0
2023-04-27 21:05:34.25,1682600734250000000,,,,366.0,0.0,0.0,415.0,10.0,423.0,26.0,427.0,10.0,436.0,10.0,438.0,10.0,404.0,20.0,399.0,10.0,397.5,26.0,388.5,10.0,139.0,1.0
2023-04-27 21:05:34.5,1682600734500000000,,,,366.0,0.0,0.0,415.5,10.0,423.0,26.0,427.0,10.0,436.0,10.0,438.0,10.0,404.0,20.0,399.0,10.0,397.5,26.0,388.5,10.0,139.0,1.0
2023-04-27 21:05:37.0,1682600737000000000,,,,366.0,0.0,0.0,415.5,10.0,423.0,26.0,427.0,10.0,436.0,10.0,454.5,10.0,404.0,20.0,399.0,10.0,397.5,26.0,382.5,10.0,139.0,1.0
2023-04-27 21:05:37.5,1682600737500000000,,,,366.0,0.0,0.0,415.5,10.0,423.0,26.0,427.0,10.0,436.0,10.0,438.0,10.0,404.0,20.0,399.0,10.0,397.5,26.0,392.0,10.0,139.0,1.0
2023-04-27 21:05:38.25,1682600738250000000,,,,366.0,0.0,0.0,415.5,10.0,423.0,26.0,427.0,10.0,436.0,10.0,438.0,10.0,404.0,20.0,399.0,10.0,397.5,16.0,395.0,10.0,392.0,10.0
2023-04-27 21:05:45.5,1682600745500000000,,,,366.0,0.0,0.0,416.0,10.0,423.0,26.0,427.0,10.0,436.0,10.0,438.0,10.0,404.0,20.0,399.0,10.0,397.5,16.0,395.0,10.0,392.0,10.0
2023-04-27 21:05:45.75,1682600745750000000,,,,366.0,0.0,0.0,416.5,10.0,423.0,26.0,427.0,10.0,436.0,10.0,438.0,10.0,404.0,20.0,399.0,10.0,398.5,10.0,397.5,16.0,392.0,10.0
2023-04-27 21:05:46.0,1682600746000000000,,,,366.0,0.0,0.0,416.5,10.0,423.0,26.0,427.0,10.0,436.0,10.0,452.5,10.0,404.0,20.0,399.0,10.0,398.5,10.0,397.5,16.0,384.5,10.0
2023-04-27 21:05:46.25,1682600746250000000,,,,366.0,0.0,0.0,416.5,10.0,423.0,26.0,427.0,10.0,436.0,10.0,452.5,10.0,404.0,20.0,399.0,10.0,398.0,10.0,397.5,16.0,384.5,10.0
2023-04-27 21:05:46.5,1682600746500000000,,,,366.0,0.0,0.0,416.5,10.0,423.0,26.0,427.0,10.0,436.0,10.0,452.5,10.0,404.0,20.0,399.0,10.0,397.5,26.0,384.5,10.0,139.0,1.0
2023-04-27 21:05:48.75,1682600748750000000,,,,366.0,0.0,0.0,416.5,10.0,423.0,26.0,427.0,10.0,436.0,10.0,438.0,10.0,404.0,20.0,399.0,10.0,397.5,26.0,392.5,10.0,139.0,1.0
2023-04-27 21:05:58.75,1682600758750000000,,,,366.0,0.0,0.0,416.5,10.0,419.0,10.0,423.0,16.0,427.0,10.0,436.0,10.0,404.0,10.0,401.0,10.0,399.0,10.0,397.5,16.0,395.5,10.0
2023-04-27 21:05:59.0,1682600759000000000,,,,366.0,0.0,0.0,416.5,10.0,419.0,10.0,423.0,16.0,425.5,10.0,427.0,10.0,404.0,10.0,401.0,10.0,399.0,10.0,397.5,16.0,392.5,10.0
2023-04-27 21:05:59.25,1682600759250000000,,,,366.0,0.0,0.0,416.5,10.0,419.0,10.0,423.0,16.0,426.0,10.0,427.0,10.0,404.0,10.0,401.0,10.0,399.0,10.0,397.5,16.0,395.5,10.0
2023-04-27 21:05:59.5,1682600759500000000,,,,366.0,0.0,0.0,416.5,10.0,419.0,10.0,423.0,16.0,426.0,10.0,427.0,10.0,404.0,10.0,401.0,10.0,399.0,10.0,397.5,16.0,392.5,10.0
2023-04-27 21:05:59.75,1682600759750000000,,,,366.0,0.0,0.0,416.5,10.0,419.0,10.0,423.0,16.0,426.0,10.0,427.0,10.0,404.0,10.0,401.0,10.0,399.0,10.0,397.5,16.0,395.0,10.0
2023-04-27 21:06:00.75,1682600760750000000,,,,366.0,0.0,0.0,416.5,10.0,419.0,10.0,423.0,16.0,426.5,10.0,427.0,10.0,404.0,10.0,401.0,10.0,399.0,10.0,397.5,16.0,395.0,10.0
2023-04-27 21:06:04.25,1682600764250000000,,,,366.0,0.0,0.0,416.5,10.0,419.0,10.0,423.0,16.0,426.5,10.0,427.0,10.0,404.0,10.0,401.0,10.0,399.0,10.0,397.5,16.0,392.5,10.0
2023-04-27 21:06:04.5,1682600764500000000,,,,366.0,0.0,0.0,416.5,10.0,419.0,10.0,423.0,16.0,426.5,10.0,427.0,10.0,404.0,10.0,401.0,10.0,399.0,10.0,397.5,16.0,394.0,10.0
2023-04-27 21:06:07.5,1682600767500000000,,,,366.0,0.0,0.0,416.5,10.0,419.0,10.0,423.0,16.0,426.5,10.0,427.0,10.0,404.0,10.0,401.0,10.0,399.0,10.0,397.5,16.0,392.5,10.0
2023-04-27 21:06:07.75,1682600767750000000,,,,366.0,0.0,0.0,416.5,10.0,419.0,10.0,423.0,16.0,426.5,10.0,427.0,10.0,404.0,10.0,401.0,10.0,399.0,10.0,397.5,16.0,393.0,10.0
2023-04-27 21:06:08.0,1682600768000000000,,,,366.0,0.0,0.0,416.5,10.0,419.0,10.0,423.0,16.0,426.5,10.0,427.0,10.0,404.0,10.0,401.0,10.0,399.0,10.0,397.5,16.0,387.0,10.0
2023-04-27 21:06:08.25,1682600768250000000,,,,366.0,0.0,0.0,416.5,10.0,419.0,10.0,423.0,16.0,426.5,10.0,427.0,10.0,404.0,10.0,401.0,10.0,399.0,10.0,397.5,16.0,390.0,10.0
2023-04-27 21:06:08.5,1682600768500000000,,,,366.0,0.0,0.0,416.5,10.0,419.0,10.0,422.5,10.0,423.0,16.0,427.0,10.0,404.0,10.0,401.0,10.0,399.0,10.0,397.5,16.0,390.0,10.0
2023-04-27 21:06:09.25,1682600769250000000,,,,366.0,0.0,0.0,416.5,20.0,422.5,10.0,423.0,16.0,427.0,10.0,433.5,10.0,404.0,10.0,399.0,10.0,397.5,26.0,390.0,10.0,387.0,10.0
2023-04-27 21:06:10.5,1682600770500000000,,,,366.0,0.0,0.0,416.5,10.0,422.5,10.0,423.0,16.0,427.0,10.0,433.5,10.0,399.0,10.0,397.5,26.0,390.0,10.0,387.0,10.0,139.0,1.0
2023-04-27 21:06:10.75,1682600770750000000,,,,366.0,0.0,0.0,416.5,10.0,421.5,10.0,422.5,10.0,423.0,16.0,433.5,10.0,397.5,26.0,393.5,10.0,390.0,10.0,387.0,10.0,139.0,1.0
2023-04-27 21:06:14.0,1682600774000000000,,,,366.0,0.0,0.0,416.5,10.0,421.5,10.0,423.0,26.0,433.5,10.0,650.0,1.0,397.5,26.0,393.5,10.0,390.0,10.0,387.0,10.0,139.0,1.0
2023-04-27 21:06:18.5,1682600778500000000,,,,366.0,0.0,0.0,414.0,10.0,416.5,10.0,421.5,10.0,423.0,26.0,433.5,10.0,399.0,10.0,397.5,26.0,393.5,10.0,390.0,10.0,387.0,10.0
2023-04-27 21:06:18.75,1682600778750000000,,,,366.0,0.0,0.0,414.5,10.0,416.5,10.0,421.5,10.0,423.0,26.0,433.5,10.0,400.0,10.0,397.5,26.0,393.5,10.0,390.0,10.0,387.0,10.0
2023-04-27 21:06:19.0,1682600779000000000,,,,366.0,0.0,0.0,416.0,10.0,416.5,10.0,421.5,10.0,423.0,16.0,430.5,10.0,401.0,10.0,397.5,26.0,393.5,10.0,390.0,10.0,387.0,10.0
2023-04-27 21:06:19.25,1682600779250000000,,,,366.0,0.0,0.0,416.5,20.0,421.5,10.0,423.0,16.0,430.5,10.0,462.0,10.0,401.5,10.0,397.5,26.0,393.5,10.0,390.0,10.0,378.5,10.0
2023-04-27 21:06:21.75,1682600781750000000,,,,366.0,0.0,0.0,415.5,10.0,416.5,10.0,421.5,10.0,423.0,16.0,430.5,10.0,400.5,10.0,397.5,26.0,393.5,10.0,390.0,10.0,378.5,10.0
2023-04-27 21:06:22.25,1682600782250000000,,,,366.0,0.0,0.0,415.5,10.0,416.5,10.0,421.5,10.0,423.0,16.0,430.5,10.0,400.5,10.0,397.5,26.0,393.5,10.0,390.0,10.0,387.0,10.0
2023-04-27 21:06:22.5,1682600782500000000,,,,366.0,0.0,0.0,415.0,10.0,416.5,10.0,421.5,10.0,423.0,16.0,430.5,10.0,400.0,10.0,397.5,26.0,393.5,10.0,390.0,10.0,387.0,10.0
2023-04-27 21:06:23.0,1682600783000000000,,,,366.0,0.0,0.0,414.5,10.0,416.5,10.0,421.5,10.0,423.0,16.0,430.5,10.0,399.5,10.0,397.5,26.0,393.5,10.0,390.0,10.0,387.0,10.0
2023-04-27 21:06:23.25,1682600783250000000,,,,366.0,0.0,0.0,415.0,10.0,416.5,10.0,421.5,10.0,423.0,16.0,430.5,10.0,400.0,10.0,397.5,26.0,393.5,10.0,390.0,10.0,387.0,10.0
2023-04-27 21:06:23.75,1682600783750000000,,,,366.0,0.0,0.0,414.5,10.0,416.5,10.0,421.5,10.0,423.0,16.0,430.5,10.0,399.5,10.0,397.5,26.0,393.5,10.0,390.0,10.0,387.0,10.0
2023-04-27 21:06:24.0,1682600784000000000,,,,366.0,0.0,0.0,414.5,10.0,416.5,10.0,421.5,10.0,423.0,26.0,436.5,10.0,399.5,10.0,397.5,26.0,393.5,10.0,390.0,10.0,387.0,10.0
2023-04-27 21:06:24.5,1682600784500000000,,,,366.0,0.0,0.0,415.0,10.0,416.5,10.0,421.5,10.0,423.0,26.0,436.5,10.0,400.0,10.0,397.5,26.0,393.5,10.0,390.0,10.0,387.0,10.0
2023-04-27 21:06:25.25,1682600785250000000,,,,366.0,0.0,0.0,415.5,10.0,416.5,10.0,421.5,10.0,423.0,16.0,433.5,10.0,400.5,10.0,397.5,26.0,393.5,10.0,390.0,10.0,387.0,10.0
2023-04-27 21:06:25.5,1682600785500000000,,,,366.0,0.0,0.0,415.0,10.0,416.5,10.0,421.5,10.0,423.0,16.0,433.5,10.0,400.0,10.0,397.5,26.0,393.5,10.0,390.0,10.0,387.0,10.0
2023-04-27 21:06:25.75,1682600785750000000,,,,366.0,0.0,0.0,415.5,10.0,416.5,10.0,421.5,10.0,423.0,16.0,433.5,10.0,400.5,10.0,397.5,26.0,393.5,10.0,390.0,10.0,387.0,10.0
2023-04-27 21:06:27.75,1682600787750000000,,,,366.0,0.0,0.0,416.5,20.0,421.5,10.0,423.0,16.0,433.5,10.0,436.5,10.0,401.5,10.0,397.5,26.0,393.5,10.0,390.0,10.0,387.0,10.0
2023-04-27 21:06:28.0,1682600788000000000,,,,366.0,0.0,0.0,416.5,20.0,421.5,10.0,423.0,16.0,433.5,10.0,436.5,10.0,401.5,10.0,397.5,26.0,394.0,10.0,393.5,10.0,387.0,10.0
2023-04-27 21:06:28.25,1682600788250000000,,,,366.0,0.0,0.0,416.0,10.0,416.5,10.0,421.5,10.0,423.0,16.0,433.5,10.0,401.0,10.0,397.5,26.0,394.0,10.0,393.5,10.0,387.0,10.0
2023-04-27 21:06:28.5,1682600788500000000,,,,366.0,0.0,0.0,416.5,20.0,421.5,10.0,423.0,16.0,433.5,10.0,436.5,10.0,401.5,10.0,397.5,26.0,394.0,10.0,393.5,10.0,387.0,10.0
2023-04-27 21:06:28.75,1682600788750000000,,,,366.0,0.0,0.0,416.5,10.0,417.0,10.0,421.5,10.0,423.0,16.0,433.5,10.0,402.0,10.0,397.5,26.0,394.0,10.0,393.5,10.0,387.0,10.0
2023-04-27 21:06:29.25,1682600789250000000,,,,366.0,0.0,0.0,417.5,10.0,420.5,10.0,421.5,10.0,423.0,16.0,433.5,10.0,402.5,10.0,402.0,10.0,397.5,16.0,394.0,10.0,393.5,10.0
2023-04-27 21:06:29.75,1682600789750000000,,,,366.0,0.0,0.0,418.0,10.0,420.5,10.0,421.5,10.0,423.0,16.0,433.5,10.0,403.0,10.0,402.0,10.0,397.5,16.0,394.0,10.0,393.5,10.0
2023-04-27 21:06:30.75,1682600790750000000,,,,366.0,0.0,0.0,418.5,10.0,420.5,10.0,421.5,10.0,423.0,16.0,433.5,10.0,403.5,10.0,402.0,10.0,397.5,16.0,394.0,10.0,393.5,10.0
2023-04-27 21:06:32.0,1682600792000000000,,,,366.0,0.0,0.0,417.5,10.0,420.5,10.0,421.5,10.0,423.0,16.0,433.5,10.0,402.5,10.0,402.0,10.0,397.5,16.0,394.0,10.0,393.5,10.0
2023-04-27 21:06:33.0,1682600793000000000,,,,366.0,0.0,0.0,417.0,10.0,420.5,10.0,421.5,10.0,423.0,16.0,433.5,10.0,402.0,20.0,397.5,16.0,394.0,10.0,393.5,10.0,380.5,10.0
2023-04-27 21:06:33.5,1682600793500000000,,,,366.0,0.0,0.0,417.0,10.0,420.5,10.0,421.5,10.0,423.0,16.0,433.5,10.0,402.5,10.0,402.0,10.0,397.5,16.0,394.0,10.0,393.5,10.0
2023-04-27 21:06:34.0,1682600794000000000,,,,366.0,0.0,0.0,417.5,10.0,420.5,10.0,421.5,10.0,423.0,16.0,433.5,10.0,402.5,10.0,402.0,10.0,397.5,16.0,394.0,10.0,393.5,10.0
2023-04-27 21:06:35.25,1682600795250000000,,,,366.0,0.0,0.0,418.5,10.0,420.5,10.0,421.5,10.0,423.0,16.0,433.5,10.0,403.5,10.0,402.0,10.0,397.5,16.0,394.0,10.0,393.5,10.0
2023-04-27 21:06:38.5,1682600798500000000,,,,366.0,0.0,0.0,418.0,10.0,420.5,10.0,421.5,10.0,423.0,16.0,433.5,10.0,403.0,10.0,402.0,10.0,397.5,16.0,394.0,10.0,393.5,10.0
2023-04-27 21:06:40.25,1682600800250000000,,,,366.0,0.0,0.0,417.5,10.0,420.5,10.0,421.5,10.0,423.0,16.0,433.5,10.0,402.5,10.0,402.0,10.0,397.5,16.0,394.0,10.0,393.5,10.0
2023-04-27 21:06:43.25,1682600803250000000,,,,366.0,0.0,0.0,417.0,10.0,420.5,10.0,421.5,10.0,423.0,16.0,433.5,10.0,402.0,20.0,397.5,16.0,394.0,10.0,393.5,10.0,380.5,10.0
2023-04-27 21:06:43.5,1682600803500000000,,,,366.0,0.0,0.0,417.0,20.0,420.5,10.0,421.5,10.0,423.0,16.0,433.5,10.0,402.0,30.0,397.5,16.0,394.0,10.0,393.5,10.0,380.5,10.0
2023-04-27 21:06:44.0,1682600804000000000,,,,366.0,0.0,0.0,417.0,10.0,417.5,10.0,420.5,10.0,421.5,10.0,423.0,16.0,402.5,10.0,402.0,20.0,397.5,16.0,394.0,10.0,393.5,10.0
2023-04-27 21:06:44.5,1682600804500000000,,,,366.0,0.0,0.0,416.5,10.0,417.0,10.0,420.5,10.0,421.5,10.0,423.0,16.0,402.0,20.0,401.5,10.0,397.5,16.0,394.0,10.0,393.5,10.0
2023-04-27 21:06:45.5,1682600805500000000,,,,366.0,0.0,0.0,417.0,20.0,420.5,10.0,421.5,10.0,423.0,16.0,433.5,10.0,402.0,30.0,397.5,16.0,394.0,10.0,393.5,10.0,389.5,10.0
2023-04-27 21:06:46.0,1682600806000000000,,,,366.0,0.0,0.0,417.0,20.0,420.5,10.0,421.5,10.0,423.0,16.0,433.5,10.0,402.0,30.0,397.5,16.0,393.5,20.0,389.5,10.0,91.0,6.0
2023-04-27 21:06:46.25,1682600806250000000,,,,366.0,0.0,0.0,415.0,10.0,417.0,10.0,420.5,10.0,421.5,10.0,423.0,16.0,402.0,20.0,400.0,10.0,397.5,16.0,393.5,20.0,389.5,10.0
2023-04-27 21:06:46.75,1682600806750000000,,,,366.0,0.0,0.0,415.0,20.0,420.5,10.0,421.5,10.0,423.0,16.0,433.5,10.0,402.0,20.0,400.0,10.0,397.5,16.0,393.5,20.0,389.5,10.0
2023-04-27 21:06:47.25,1682600807250000000,,,,366.0,0.0,0.0,414.5,10.0,415.0,10.0,420.5,10.0,421.5,10.0,423.0,16.0,402.0,20.0,399.5,10.0,397.5,16.0,393.5,20.0,389.5,10.0
2023-04-27 21:06:47.75,1682600807750000000,,,,366.0,0.0,0.0,415.0,10.0,415.5,10.0,420.5,10.0,421.5,10.0,423.0,16.0,402.0,20.0,400.5,10.0,397.5,16.0,393.5,20.0,389.5,10.0
2023-04-27 21:06:52.5,1682600812500000000,,,,366.0,0.0,0.0,415.0,20.0,420.5,10.0,421.5,10.0,423.0,16.0,433.5,10.0,402.0,20.0,400.0,10.0,397.5,16.0,393.5,20.0,389.5,10.0
2023-04-27 21:06:54.25,1682600814250000000,,,,366.0,0.0,0.0,414.0,10.0,415.0,10.0,420.5,10.0,421.5,10.0,423.0,16.0,402.0,20.0,399.0,10.0,397.5,16.0,393.5,20.0,389.5,10.0
2023-04-27 21:06:54.75,1682600814750000000,,,,366.0,0.0,0.0,414.0,20.0,420.5,10.0,421.5,10.0,423.0,16.0,433.5,10.0,402.0,20.0,399.0,10.0,397.5,16.0,393.5,20.0,389.5,10.0
2023-04-27 21:06:56.5,1682600816500000000,,,,366.0,0.0,0.0,413.5,10.0,414.0,10.0,420.5,10.0,421.5,10.0,423.0,16.0,402.0,20.0,398.5,10.0,397.5,16.0,393.5,10.0,392.5,10.0
2023-04-27 21:06:56.75,1682600816750000000,,,,366.0,0.0,0.0,413.5,10.0,414.0,10.0,420.5,10.0,421.5,10.0,423.0,16.0,402.0,20.0,399.0,10.0,397.5,16.0,393.5,10.0,392.5,10.0
2023-04-27 21:06:57.0,1682600817000000000,,,,366.0,0.0,0.0,414.0,10.0,414.5,10.0,420.5,10.0,421.5,10.0,423.0,16.0,402.0,20.0,399.5,10.0,397.5,16.0,393.5,10.0,392.5,10.0
2023-04-27 21:06:57.75,1682600817750000000,,,,366.0,0.0,0.0,413.5,10.0,414.0,10.0,420.5,10.0,421.5,10.0,423.0,16.0,402.0,20.0,399.0,10.0,397.5,16.0,393.5,10.0,392.5,10.0
2023-04-27 21:06:58.0,1682600818000000000,,,,366.0,0.0,0.0,413.5,10.0,414.0,10.0,420.5,10.0,421.5,10.0,423.0,16.0,402.0,20.0,398.5,10.0,397.5,16.0,393.5,10.0,392.5,10.0
2023-04-27 21:06:58.25,1682600818250000000,,,,366.0,0.0,0.0,413.0,10.0,414.0,10.0,420.5,10.0,421.5,10.0,423.0,16.0,402.0,20.0,398.0,10.0,397.5,16.0,393.5,10.0,392.5,10.0
2023-04-27 21:06:58.75,1682600818750000000,,,,366.0,0.0,0.0,413.0,10.0,413.5,10.0,420.5,10.0,421.5,10.0,423.0,16.0,402.0,20.0,398.5,10.0,397.5,16.0,393.5,10.0,392.5,10.0
2023-04-27 21:06:59.75,1682600819750000000,,,,366.0,0.0,0.0,413.0,10.0,413.5,20.0,420.5,10.0,421.5,10.0,423.0,16.0,402.0,20.0,401.5,10.0,398.5,10.0,397.5,16.0,393.5,10.0
2023-04-27 21:07:00.75,1682600820750000000,,,,366.0,0.0,0.0,412.5,10.0,413.0,10.0,413.5,10.0,420.5,10.0,421.5,10.0,402.0,20.0,401.5,10.0,398.0,10.0,397.5,16.0,393.5,10.0
2023-04-27 21:07:01.0,1682600821000000000,,,,366.0,0.0,0.0,412.5,10.0,413.0,20.0,420.5,10.0,421.5,10.0,423.0,16.0,402.0,20.0,401.5,10.0,398.0,10.0,397.5,16.0,393.5,10.0
2023-04-27 21:07:01.25,1682600821250000000,,,,366.0,0.0,0.0,412.5,10.0,413.0,20.0,420.5,10.0,421.5,10.0,422.5,10.0,402.0,20.0,401.5,10.0,398.0,10.0,397.5,16.0,393.5,10.0
2023-04-27 21:07:02.0,1682600822000000000,,,,366.0,0.0,0.0,413.0,30.0,416.5,10.0,421.5,10.0,422.5,10.0,423.0,16.0,402.0,10.0,401.5,10.0,398.0,20.0,397.5,16.0,393.5,10.0
2023-04-27 21:07:02.25,1682600822250000000,,,,366.0,0.0,0.0,413.0,20.0,414.0,10.0,416.5,10.0,421.5,10.0,423.0,26.0,402.0,10.0,401.5,10.0,399.0,10.0,398.0,10.0,397.5,16.0
2023-04-27 21:07:02.5,1682600822500000000,,,,366.0,0.0,0.0,413.0,20.0,414.0,10.0,416.5,10.0,421.5,10.0,423.0,16.0,402.0,10.0,401.5,10.0,399.0,10.0,398.0,10.0,397.5,16.0
2023-04-27 21:07:02.75,1682600822750000000,,,,366.0,0.0,0.0,413.0,10.0,413.5,10.0,414.0,10.0,416.5,10.0,421.5,10.0,402.0,10.0,401.5,10.0,399.0,10.0,398.0,10.0,397.5,16.0
2023-04-27 21:07:03.25,1682600823250000000,,,,366.0,0.0,0.0,413.0,10.0,413.5,10.0,415.0,10.0,416.5,10.0,421.5,10.0,402.0,10.0,401.5,10.0,400.0,10.0,398.0,10.0,397.5,16.0
2023-04-27 21:07:04.0,1682600824000000000,,,,366.0,0.0,0.0,413.0,10.0,413.5,10.0,414.0,10.0,416.5,10.0,421.5,10.0,402.0,10.0,401.5,10.0,399.0,10.0,398.0,10.0,397.5,16.0
2023-04-27 21:07:08.25,1682600828250000000,,,,366.0,0.0,0.0,413.0,10.0,413.5,10.0,414.5,10.0,416.5,10.0,421.5,10.0,402.0,10.0,401.5,10.0,399.5,10.0,398.0,10.0,397.5,16.0
2023-04-27 21:07:08.5,1682600828500000000,,,,366.0,0.0,0.0,413.0,10.0,413.5,10.0,415.0,10.0,416.5,10.0,421.5,10.0,402.0,10.0,401.5,10.0,400.0,10.0,398.0,10.0,397.5,16.0
2023-04-27 21:07:08.75,1682600828750000000,,,,366.0,0.0,0.0,413.0,10.0,413.5,10.0,414.5,10.0,416.5,10.0,421.5,10.0,402.0,10.0,401.5,10.0,399.5,10.0,398.0,10.0,397.5,16.0
2023-04-27 21:07:09.0,1682600829000000000,,,,366.0,0.0,0.0,413.0,10.0,413.5,10.0,415.0,10.0,416.5,10.0,421.5,10.0,402.0,10.0,401.5,10.0,400.0,10.0,398.0,10.0,397.5,16.0
2023-04-27 21:07:09.5,1682600829500000000,,,,366.0,0.0,0.0,413.0,10.0,413.5,10.0,414.5,10.0,416.5,10.0,421.5,10.0,402.0,10.0,401.5,10.0,399.5,10.0,398.0,10.0,397.5,16.0
2023-04-27 21:07:10.0,1682600830000000000,,,,366.0,0.0,0.0,413.0,10.0,413.5,10.0,415.5,10.0,416.5,10.0,421.5,10.0,402.0,10.0,401.5,10.0,400.5,10.0,398.0,10.0,397.5,16.0
2023-04-27 21:07:10.5,1682600830500000000,,,,366.0,0.0,0.0,413.0,10.0,413.5,10.0,415.0,10.0,416.5,10.0,421.5,10.0,402.0,10.0,401.5,10.0,400.0,10.0,398.0,10.0,397.5,16.0
2023-04-27 21:07:11.25,1682600831250000000,,,,366.0,0.0,0.0,411.0,10.0,413.0,10.0,413.5,10.0,415.0,10.0,416.5,10.0,405.0,10.0,402.0,10.0,401.5,10.0,400.0,10.0,398.0,10.0
2023-04-27 21:07:11.5,1682600831500000000,,,,366.0,0.0,0.0,411.0,20.0,411.5,10.0,415.0,10.0,416.5,10.0,421.5,10.0,405.0,20.0,404.5,10.0,400.0,10.0,398.0,10.0,397.5,16.0
2023-04-27 21:07:13.25,1682600833250000000,,,,366.0,0.0,0.0,411.5,30.0,415.0,10.0,416.5,10.0,421.5,10.0,423.0,16.0,405.0,20.0,404.5,10.0,400.0,10.0,398.0,10.0,397.5,16.0
2023-04-27 21:07:13.5,1682600833500000000,,,,366.0,0.0,0.0,411.5,20.0,412.0,10.0,415.0,10.0,416.5,10.0,421.5,10.0,405.0,20.0,404.5,10.0,400.0,10.0,398.0,10.0,397.5,16.0
2023-04-27 21:07:13.75,1682600833750000000,,,,366.0,0.0,0.0,411.5,20.0,412.0,10.0,415.5,10.0,416.5,10.0,421.5,10.0,405.0,20.0,404.5,10.0,400.5,10.0,398.0,10.0,397.5,16.0
2023-04-27 21:07:14.0,1682600834000000000,,,,366.0,0.0,0.0,411.5,20.0,412.0,10.0,415.0,10.0,416.5,10.0,421.5,10.0,405.0,20.0,404.5,10.0,400.0,10.0,398.0,10.0,397.5,16.0
2023-04-27 21:07:14.25,1682600834250000000,,,,366.0,0.0,0.0,411.5,20.0,412.0,10.0,414.5,10.0,415.0,10.0,421.5,10.0,405.0,20.0,404.5,10.0,402.5,10.0,400.0,10.0,397.5,16.0
2023-04-27 21:07:15.5,1682600835500000000,,,,366.0,0.0,0.0,411.5,30.0,412.0,10.0,414.5,10.0,415.0,10.0,421.5,10.0,405.0,30.0,404.5,10.0,402.5,10.0,400.0,10.0,397.5,16.0
2023-04-27 21:07:20.5,1682600840500000000,,,,366.0,0.0,0.0,411.5,20.0,412.0,10.0,414.5,10.0,415.0,10.0,421.5,10.0,405.0,20.0,404.5,10.0,402.5,10.0,400.0,10.0,397.5,16.0
2023-04-27 21:07:21.0,1682600841000000000,,,,366.0,0.0,0.0,411.5,20.0,412.0,10.0,414.5,10.0,415.5,10.0,421.5,10.0,405.0,20.0,404.5,10.0,402.5,10.0,400.5,10.0,397.5,16.0
2023-04-27 21:07:22.0,1682600842000000000,,,,366.0,0.0,0.0,411.5,20.0,412.0,10.0,414.5,20.0,421.5,10.0,423.0,16.0,405.0,20.0,404.5,10.0,402.5,10.0,399.5,10.0,397.5,16.0
2023-04-27 21:07:23.0,1682600843000000000,,,,366.0,0.0,0.0,411.5,20.0,412.0,10.0,414.0,10.0,414.5,10.0,421.5,10.0,405.0,20.0,404.5,10.0,402.5,10.0,399.0,10.0,397.5,16.0
2023-04-27 21:07:24.0,1682600844000000000,,,,366.0,0.0,0.0,411.5,20.0,412.0,10.0,414.5,10.0,415.5,10.0,421.5,10.0,405.0,20.0,404.5,10.0,402.5,10.0,400.5,10.0,397.5,16.0
2023-04-27 21:07:26.0,1682600846000000000,,,,366.0,0.0,0.0,411.5,10.0,412.0,20.0,414.5,10.0,415.5,10.0,421.5,10.0,405.0,20.0,404.5,10.0,402.5,10.0,400.5,10.0,397.5,16.0
2023-04-27 21:07:26.25,1682600846250000000,,,,366.0,0.0,0.0,411.5,10.0,412.0,20.0,414.5,20.0,421.5,10.0,423.0,26.0,405.0,20.0,404.5,10.0,402.5,10.0,399.5,10.0,397.5,16.0
2023-04-27 21:07:29.5,1682600849500000000,,,,366.0,0.0,0.0,411.5,10.0,412.0,20.0,414.5,10.0,415.0,10.0,421.5,10.0,405.0,20.0,404.5,10.0,402.5,10.0,400.0,10.0,397.5,16.0
2023-04-27 21:07:29.75,1682600849750000000,,,,366.0,0.0,0.0,411.5,10.0,412.0,20.0,414.5,10.0,415.5,10.0,421.5,10.0,405.0,20.0,404.5,10.0,402.5,10.0,400.5,10.0,397.5,16.0
2023-04-27 21:07:31.25,1682600851250000000,,,,366.0,0.0,0.0,411.5,10.0,412.0,20.0,414.5,20.0,421.5,10.0,423.0,26.0,405.0,20.0,404.5,10.0,402.5,10.0,399.5,10.0,397.5,16.0
2023-04-27 21:07:32.5,1682600852500000000,,,,366.0,0.0,0.0,411.5,10.0,412.0,20.0,414.5,10.0,415.5,10.0,421.5,10.0,405.0,20.0,404.5,10.0,402.5,10.0,400.5,10.0,397.5,16.0
2023-04-27 21:07:32.75,1682600852750000000,,,,366.0,0.0,0.0,411.5,10.0,412.0,20.0,414.5,20.0,421.5,10.0,423.0,26.0,405.0,20.0,404.5,10.0,402.5,10.0,399.5,10.0,397.5,16.0
2023-04-27 21:07:35.5,1682600855500000000,,,,366.0,0.0,0.0,411.5,10.0,412.0,20.0,414.5,20.0,417.5,10.0,421.5,10.0,405.0,20.0,404.5,10.0,402.5,10.0,400.5,10.0,399.5,10.0
2023-04-27 21:07:37.25,1682600857250000000,,,,366.0,0.0,0.0,411.5,10.0,412.0,20.0,414.0,10.0,414.5,10.0,417.5,10.0,405.0,20.0,404.5,10.0,402.5,10.0,400.5,10.0,399.0,10.0
2023-04-27 21:07:38.0,1682600858000000000,,,,366.0,0.0,0.0,411.5,10.0,412.0,20.0,413.5,10.0,414.5,10.0,417.5,10.0,405.0,20.0,404.5,10.0,402.5,10.0,400.5,10.0,398.5,10.0
2023-04-27 21:07:38.75,1682600858750000000,,,,366.0,0.0,0.0,410.0,10.0,412.0,20.0,413.5,10.0,414.5,10.0,417.5,10.0,405.0,10.0,404.5,10.0,403.5,10.0,402.5,10.0,400.5,10.0
2023-04-27 21:07:39.0,1682600859000000000,,,,366.0,0.0,0.0,410.0,20.0,410.5,10.0,412.0,10.0,413.0,10.0,417.5,10.0,405.0,10.0,404.5,10.0,403.5,10.0,401.0,10.0,400.5,10.0
2023-04-27 21:07:39.25,1682600859250000000,405.0,405.0,405.0,356.0,10.0,40500.0,410.0,20.0,410.5,10.0,412.0,10.0,413.0,10.0,417.5,10.0,404.5,10.0,403.5,10.0,401.0,10.0,400.5,10.0,398.0,10.0
2023-04-27 21:07:39.5,1682600859500000000,405.0,405.0,405.0,356.0,10.0,40500.0,410.0,20.0,410.5,10.0,412.0,10.0,413.0,10.0,417.5,10.0,405.0,10.0,404.0,10.0,403.5,10.0,401.0,10.0,400.5,10.0
2023-04-27 21:07:39.75,1682600859750000000,405.0,405.0,405.0,356.0,10.0,40500.0,410.0,20.0,410.5,10.0,412.0,10.0,412.5,10.0,417.5,10.0,405.0,10.0,404.0,10.0,403.5,10.0,401.0,10.0,400.5,10.0
2023-04-27 21:07:40.0,1682600860000000000,405.0,405.0,405.0,356.0,10.0,40500.0,410.0,20.0,410.5,10.0,412.0,20.0,414.5,10.0,421.5,10.0,405.0,10.0,404.5,10.0,403.5,10.0,401.0,10.0,397.5,16.0
2023-04-27 21:07:40.5,1682600860500000000,405.0,405.0,405.0,346.0,20.0,81000.0,408.5,10.0,410.0,10.0,410.5,10.0,412.0,10.0,413.0,10.0,404.5,20.0,402.0,10.0,401.0,10.0,398.0,10.0,397.5,16.0
2023-04-27 21:07:40.75,1682600860750000000,405.0,405.0,405.0,346.0,20.0,81000.0,408.5,10.0,410.0,10.0,410.5,10.0,412.0,10.0,413.5,10.0,404.5,10.0,403.5,10.0,402.0,10.0,401.0,10.0,398.5,10.0
2023-04-27 21:07:41.0,1682600861000000000,405.0,405.0,405.0,346.0,20.0,81000.0,408.5,20.0,409.0,10.0,412.0,10.0,413.0,10.0,414.5,10.0,404.0,20.0,402.0,10.0,401.0,10.0,398.0,10.0,397.5,16.0
2023-04-27 21:07:41.25,1682600861250000000,405.0,405.0,405.0,346.0,20.0,81000.0,408.5,20.0,409.0,10.0,412.0,10.0,413.5,10.0,414.5,10.0,404.0,20.0,402.0,10.0,401.0,10.0,398.5,10.0,397.5,16.0
2023-04-27 21:07:41.5,1682600861500000000,405.0,405.0,405.0,346.0,20.0,81000.0,408.5,10.0,409.0,20.0,412.0,10.0,413.0,10.0,414.5,10.0,404.0,10.0,403.5,10.0,402.0,10.0,401.0,10.0,398.0,10.0
2023-04-27 21:07:42.0,1682600862000000000,405.0,405.0,405.0,346.0,20.0,81000.0,408.5,10.0,409.0,20.0,412.0,10.0,413.0,10.0,414.5,10.0,404.0,10.0,403.5,10.0,402.0,10.0,401.0,10.0,398.5,10.0
2023-04-27 21:07:42.25,1682600862250000000,405.0,405.0,405.0,346.0,20.0,81000.0,408.5,10.0,409.0,20.0,412.0,10.0,412.5,10.0,414.5,10.0,404.0,10.0,403.5,10.0,402.0,10.0,401.0,10.0,397.5,26.0
2023-04-27 21:07:42.5,1682600862500000000,405.0,405.0,405.0,346.0,20.0,81000.0,408.5,10.0,409.0,20.0,412.0,10.0,413.0,10.0,414.5,10.0,404.0,10.0,403.5,10.0,402.0,10.0,401.0,10.0,398.0,10.0
2023-04-27 21:07:43.0,1682600863000000000,405.0,405.0,405.0,346.0,20.0,81000.0,408.5,10.0,409.0,20.0,412.0,10.0,413.5,10.0,414.5,10.0,404.0,10.0,403.5,10.0,402.0,10.0,401.0,10.0,399.0,10.0
2023-04-27 21:07:43.25,1682600863250000000,405.0,405.0,405.0,346.0,20.0,81000.0,408.5,10.0,409.0,20.0,412.0,10.0,413.0,10.0,414.5,10.0,404.0,10.0,403.5,10.0,402.0,10.0,401.0,10.0,398.0,10.0
2023-04-27 21:07:44.0,1682600864000000000,405.0,405.0,405.0,346.0,20.0,81000.0,408.5,10.0,409.0,20.0,412.0,10.0,413.5,10.0,414.5,10.0,404.0,10.0,403.5,10.0,402.0,10.0,401.0,10.0,399.0,10.0
2023-04-27 21:07:44.25,1682600864250000000,405.0,405.0,405.0,346.0,20.0,81000.0,408.5,10.0,409.0,20.0,412.0,10.0,413.0,10.0,414.5,10.0,404.0,10.0,403.5,10.0,402.0,10.0,401.0,10.0,398.0,10.0
2023-04-27 21:07:46.75,1682600866750000000,405.0,405.0,405.0,346.0,20.0,81000.0,408.5,20.0,409.0,10.0,412.0,20.0,414.5,10.0,421.5,10.0,403.5,20.0,402.0,10.0,401.0,10.0,397.5,16.0,397.0,20.0
2023-04-27 21:07:47.0,1682600867000000000,405.0,405.0,405.0,346.0,20.0,81000.0,408.5,20.0,409.0,10.0,412.0,10.0,413.0,10.0,414.5,10.0,403.5,10.0,403.0,10.0,402.0,10.0,401.0,10.0,398.0,10.0
2023-04-27 21:07:47.25,1682600867250000000,405.0,405.0,405.0,346.0,20.0,81000.0,408.5,20.0,409.0,10.0,412.0,20.0,414.5,10.0,421.5,10.0,403.5,10.0,403.0,10.0,402.0,10.0,401.0,10.0,397.5,26.0
2023-04-27 21:07:50.5,1682600870500000000,405.0,405.0,405.0,346.0,20.0,81000.0,408.5,20.0,409.0,10.0,412.0,20.0,414.5,10.0,421.5,10.0,403.5,10.0,403.0,10.0,402.0,10.0,401.0,10.0,397.5,16.0
2023-04-27 21:07:51.25,1682600871250000000,405.0,405.0,405.0,346.0,20.0,81000.0,408.5,20.0,409.0,10.0,412.0,10.0,413.0,10.0,414.5,10.0,403.5,10.0,403.0,10.0,402.0,10.0,401.0,10.0,398.0,10.0
2023-04-27 21:07:53.0,1682600873000000000,405.0,405.0,405.0,346.0,20.0,81000.0,408.5,10.0,409.0,20.0,412.0,10.0,413.0,10.0,414.5,10.0,403.5,10.0,403.0,10.0,402.0,10.0,401.0,10.0,398.0,10.0
2023-04-27 21:07:54.5,1682600874500000000,405.0,405.0,405.0,346.0,20.0,81000.0,408.5,10.0,409.0,20.0,412.0,10.0,412.5,10.0,414.5,10.0,403.5,10.0,403.0,10.0,402.0,10.0,401.0,10.0,397.5,26.0
2023-04-27 21:07:54.75,1682600874750000000,405.0,405.0,405.0,346.0,20.0,81000.0,408.5,10.0,409.0,20.0,412.0,10.0,413.0,10.0,414.5,10.0,403.5,10.0,403.0,10.0,402.0,10.0,401.0,10.0,398.5,10.0
2023-04-27 21:07:55.0,1682600875000000000,405.0,405.0,405.0,346.0,20.0,81000.0,408.5,10.0,409.0,10.0,409.5,10.0,412.0,10.0,413.0,10.0,403.5,10.0,403.0,10.0,402.0,10.0,401.0,10.0,398.5,10.0
2023-04-27 21:07:55.25,1682600875250000000,405.0,405.0,405.0,346.0,20.0,81000.0,409.0,10.0,410.0,20.0,412.0,10.0,413.0,10.0,414.5,10.0,403.5,10.0,403.0,20.0,401.0,10.0,398.5,10.0,397.5,16.0
2023-04-27 21:07:55.5,1682600875500000000,405.0,405.0,405.0,346.0,20.0,81000.0,409.5,10.0,410.0,20.0,412.0,10.0,413.0,10.0,414.5,10.0,403.5,10.0,403.0,20.0,401.0,10.0,398.0,10.0,397.5,16.0
2023-04-27 21:07:56.0,1682600876000000000,405.0,405.0,405.0,346.0,20.0,81000.0,410.0,30.0,412.0,10.0,413.0,10.0,414.5,10.0,421.5,10.0,403.5,10.0,403.0,20.0,401.0,10.0,398.0,10.0,397.5,16.0
2023-04-27 21:07:56.5,1682600876500000000,405.0,405.0,405.0,346.0,20.0,81000.0,410.0,20.0,410.5,10.0,412.0,10.0,413.0,10.0,414.5,10.0,403.5,10.0,403.0,20.0,401.0,10.0,398.0,10.0,397.5,16.0
2023-04-27 21:07:57.0,1682600877000000000,405.0,405.0,405.0,346.0,20.0,81000.0,410.0,20.0,410.5,10.0,412.0,10.0,413.5,10.0,414.5,10.0,403.5,10.0,403.0,20.0,401.0,10.0,398.5,10.0,397.5,16.0
2023-04-27 21:07:57.25,1682600877250000000,405.0,405.0,405.0,346.0,20.0,81000.0,410.0,10.0,410.5,20.0,412.0,10.0,413.5,10.0,414.5,10.0,403.5,10.0,403.0,20.0,401.0,10.0,398.5,10.0,397.5,16.0
2023-04-27 21:07:59.25,1682600879250000000,405.0,405.0,405.0,346.0,20.0,81000.0,410.0,10.0,410.5,20.0,412.0,10.0,414.5,20.0,421.5,10.0,403.5,10.0,403.0,20.0,401.0,10.0,400.0,10.0,397.5,16.0
2023-04-27 21:07:59.5,1682600879500000000,405.0,405.0,405.0,346.0,20.0,81000.0,410.0,10.0,410.5,20.0,412.0,10.0,414.0,10.0,414.5,10.0,403.5,10.0,403.0,20.0,401.0,10.0,399.0,10.0,397.5,16.0
2023-04-27 21:08:01.25,1682600881250000000,405.0,405.0,405.0,346.0,20.0,81000.0,410.0,10.0,410.5,20.0,411.5,10.0,412.0,10.0,414.5,10.0,403.5,10.0,403.0,30.0,401.0,10.0,400.0,10.0,397.5,16.0
2023-04-27 21:08:01.75,1682600881750000000,405.0,405.0,405.0,346.0,20.0,81000.0,410.0,10.0,410.5,10.0,411.0,10.0,411.5,10.0,412.0,10.0,403.5,10.0,403.0,30.0,401.0,10.0,399.5,10.0,397.5,16.0
2023-04-27 21:08:02.0,1682600882000000000,405.0,405.0,405.0,346.0,20.0,81000.0,410.0,10.0,410.5,10.0,411.0,10.0,411.5,10.0,412.0,10.0,403.5,10.0,403.0,30.0,401.0,10.0,400.0,10.0,397.5,16.0
2023-04-27 21:08:03.5,1682600883500000000,405.0,405.0,405.0,346.0,20.0,81000.0,410.5,10.0,411.0,20.0,411.5,10.0,412.0,10.0,414.5,10.0,404.5,10.0,403.5,10.0,403.0,20.0,401.0,10.0,400.0,10.0
2023-04-27 21:08:03.75,1682600883750000000,405.0,405.0,405.0,346.0,20.0,81000.0,410.5,10.0,411.0,20.0,411.5,10.0,412.0,10.0,414.5,10.0,404.5,20.0,403.0,20.0,401.0,10.0,400.0,10.0,397.5,16.0
2023-04-27 21:08:04.0,1682600884000000000,405.0,405.0,405.0,346.0,20.0,81000.0,411.0,30.0,411.5,10.0,412.0,10.0,414.5,10.0,421.5,10.0,404.5,20.0,404.0,10.0,403.0,10.0,401.0,10.0,400.0,10.0
2023-04-27 21:08:04.5,1682600884500000000,405.0,405.0,405.0,346.0,20.0,81000.0,411.0,20.0,411.5,20.0,412.0,10.0,414.5,10.0,421.5,10.0,404.5,20.0,404.0,10.0,403.0,10.0,401.0,10.0,400.0,10.0
2023-04-27 21:08:05.0,1682600885000000000,405.0,405.0,405.0,346.0,20.0,81000.0,411.0,20.0,411.5,20.0,415.0,10.0,415.5,10.0,421.5,10.0,404.5,20.0,404.0,10.0,403.5,10.0,403.0,10.0,400.5,10.0
2023-04-27 21:08:05.5,1682600885500000000,405.0,405.0,405.0,346.0,20.0,81000.0,411.0,20.0,411.5,20.0,414.5,10.0,415.0,10.0,421.5,10.0,404.5,20.0,404.0,10.0,403.5,10.0,403.0,10.0,400.0,10.0
2023-04-27 21:08:06.0,1682600886000000000,405.0,405.0,405.0,346.0,20.0,81000.0,411.0,20.0,411.5,10.0,412.5,10.0,414.5,10.0,415.0,10.0,404.5,30.0,404.0,10.0,403.5,10.0,400.0,10.0,397.5,16.0
2023-04-27 21:08:06.5,1682600886500000000,405.0,405.0,405.0,346.0,20.0,81000.0,411.0,20.0,411.5,10.0,412.5,10.0,415.0,10.0,415.5,10.0,404.5,30.0,404.0,10.0,403.5,10.0,400.5,10.0,397.5,16.0
2023-04-27 21:08:06.75,1682600886750000000,405.0,405.0,405.0,346.0,20.0,81000.0,411.0,20.0,411.5,10.0,412.5,10.0,414.5,10.0,415.0,10.0,404.5,30.0,404.0,10.0,403.5,10.0,400.0,10.0,397.5,16.0
2023-04-27 21:08:09.25,1682600889250000000,405.0,405.0,405.0,346.0,20.0,81000.0,411.0,20.0,411.5,10.0,412.5,10.0,414.0,10.0,415.0,10.0,404.5,30.0,404.0,10.0,403.5,10.0,399.5,10.0,397.5,16.0
2023-04-27 21:08:09.5,1682600889500000000,405.0,405.0,405.0,346.0,20.0,81000.0,411.0,20.0,411.5,10.0,412.5,10.0,414.5,10.0,415.0,10.0,404.5,30.0,404.0,10.0,403.5,10.0,399.5,10.0,397.5,16.0
2023-04-27 21:08:10.0,1682600890000000000,405.0,405.0,405.0,346.0,20.0,81000.0,411.0,30.0,411.5,10.0,414.0,10.0,415.0,10.0,421.5,10.0,404.5,20.0,404.0,10.0,403.5,10.0,403.0,10.0,399.0,10.0
2023-04-27 21:08:10.5,1682600890500000000,405.0,405.0,405.0,346.0,20.0,81000.0,410.0,10.0,411.0,20.0,411.5,10.0,412.5,10.0,413.0,10.0,404.5,10.0,404.0,10.0,403.0,20.0,401.5,10.0,398.0,10.0
2023-04-27 21:08:11.0,1682600891000000000,405.0,405.0,405.0,346.0,20.0,81000.0,410.0,20.0,410.5,10.0,411.0,10.0,412.5,10.0,413.0,10.0,404.5,10.0,404.0,10.0,403.0,20.0,401.5,10.0,398.0,10.0
2023-04-27 21:08:13.5,1682600893500000000,405.0,405.0,405.0,346.0,20.0,81000.0,410.0,20.0,410.5,10.0,411.0,10.0,412.5,10.0,414.0,10.0,404.5,10.0,404.0,10.0,403.0,20.0,401.5,10.0,399.0,10.0
2023-04-27 21:08:13.75,1682600893750000000,405.0,405.0,405.0,346.0,20.0,81000.0,410.0,20.0,410.5,10.0,411.0,10.0,412.5,10.0,413.5,10.0,404.5,10.0,404.0,10.0,403.0,20.0,401.5,10.0,398.5,10.0
2023-04-27 21:08:14.75,1682600894750000000,405.0,405.0,405.0,346.0,20.0,81000.0,410.0,10.0,410.5,10.0,411.0,20.0,412.5,10.0,414.5,10.0,404.5,20.0,404.0,10.0,403.0,10.0,401.5,10.0,399.5,10.0
2023-04-27 21:08:16.5,1682600896500000000,405.0,405.0,405.0,346.0,20.0,81000.0,410.0,10.0,410.5,10.0,411.0,20.0,412.5,10.0,413.5,10.0,404.5,20.0,404.0,10.0,403.0,10.0,401.5,10.0,398.5,10.0
2023-04-27 21:08:20.25,1682600900250000000,405.0,405.0,405.0,346.0,20.0,81000.0,410.0,10.0,410.5,10.0,411.0,20.0,412.5,10.0,414.0,10.0,404.5,20.0,404.0,10.0,403.0,10.0,401.5,10.0,399.0,10.0
2023-04-27 21:08:20.5,1682600900500000000,405.0,405.0,405.0,346.0,20.0,81000.0,410.5,20.0,411.0,10.0,412.5,20.0,414.0,10.0,421.5,10.0,404.5,20.0,404.0,20.0,401.5,10.0,399.0,10.0,397.5,16.0
2023-04-27 21:08:20.75,1682600900750000000,405.0,405.0,405.0,346.0,20.0,81000.0,410.5,20.0,411.0,10.0,412.5,20.0,415.0,10.0,421.5,10.0,404.5,20.0,404.0,20.0,401.5,10.0,400.0,10.0,397.5,16.0
2023-04-27 21:08:21.0,1682600901000000000,405.0,405.0,405.0,346.0,20.0,81000.0,410.5,10.0,411.0,20.0,412.5,20.0,415.0,10.0,421.5,10.0,404.5,20.0,404.0,20.0,401.5,10.0,400.0,10.0,397.5,16.0
2023-04-27 21:08:23.5,1682600903500000000,405.0,405.0,405.0,346.0,20.0,81000.0,411.0,30.0,412.5,10.0,415.5,10.0,416.0,10.0,421.5,10.0,404.5,30.0,404.0,20.0,401.0,10.0,397.5,16.0,393.5,10.0
2023-04-27 21:08:23.75,1682600903750000000,405.0,405.0,405.0,346.0,20.0,81000.0,411.0,20.0,412.5,20.0,415.5,10.0,416.0,10.0,421.5,10.0,405.5,10.0,404.5,20.0,404.0,20.0,401.0,10.0,397.5,16.0
2023-04-27 21:08:24.0,1682600904000000000,405.0,405.0,405.0,346.0,20.0,81000.0,411.0,10.0,411.5,10.0,412.5,20.0,415.5,10.0,416.0,10.0,405.5,10.0,405.0,10.0,404.5,20.0,404.0,10.0,401.0,10.0
2023-04-27 21:08:24.25,1682600904250000000,405.0,405.0,405.0,346.0,20.0,81000.0,411.0,10.0,411.5,10.0,412.5,20.0,415.5,10.0,416.0,10.0,405.5,20.0,405.0,10.0,404.5,10.0,404.0,10.0,401.0,10.0
2023-04-27 21:08:24.75,1682600904750000000,405.0,405.0,405.0,346.0,20.0,81000.0,411.5,10.0,412.0,10.0,412.5,10.0,414.0,10.0,415.5,10.0,405.5,30.0,405.0,10.0,404.5,10.0,401.5,10.0,397.5,16.0
2023-04-27 21:08:25.0,1682600905000000000,405.0,405.0,405.0,346.0,20.0,81000.0,412.0,20.0,412.5,10.0,414.0,10.0,415.5,10.0,416.5,10.0,405.5,30.0,405.0,10.0,404.5,10.0,401.5,10.0,397.5,16.0
2023-04-27 21:08:25.25,1682600905250000000,405.0,405.0,405.0,346.0,20.0,81000.0,412.0,20.0,412.5,10.0,414.0,10.0,415.5,10.0,417.0,10.0,405.5,30.0,405.0,10.0,404.5,10.0,402.0,10.0,397.5,16.0
2023-04-27 21:08:25.5,1682600905500000000,405.0,405.0,405.0,346.0,20.0,81000.0,412.0,10.0,412.5,20.0,414.0,10.0,415.5,10.0,417.0,10.0,405.5,30.0,405.0,10.0,404.5,10.0,402.0,10.0,397.5,16.0
2023-04-27 21:08:25.75,1682600905750000000,405.0,405.0,405.0,346.0,20.0,81000.0,412.0,10.0,412.5,20.0,414.0,10.0,415.5,10.0,416.5,10.0,405.5,30.0,405.0,10.0,404.5,10.0,401.5,10.0,397.5,16.0
2023-04-27 21:08:26.0,1682600906000000000,405.0,405.0,405.0,346.0,20.0,81000.0,412.0,10.0,412.5,20.0,414.0,10.0,415.5,10.0,417.0,10.0,405.5,30.0,405.0,10.0,404.5,10.0,402.0,10.0,397.5,16.0
2023-04-27 21:08:26.75,1682600906750000000,405.0,405.0,405.0,346.0,20.0,81000.0,412.0,10.0,412.5,20.0,414.0,10.0,415.5,10.0,416.5,10.0,405.5,30.0,405.0,10.0,404.5,10.0,401.5,10.0,397.5,16.0
2023-04-27 21:08:27.75,1682600907750000000,405.0,405.0,405.0,346.0,20.0,81000.0,412.0,10.0,412.5,20.0,414.0,10.0,415.5,10.0,417.0,10.0,405.5,30.0,405.0,10.0,404.5,10.0,402.0,10.0,397.5,16.0
2023-04-27 21:08:28.25,1682600908250000000,405.0,405.0,405.0,346.0,20.0,81000.0,412.0,10.0,412.5,10.0,413.5,10.0,414.0,10.0,415.5,10.0,407.0,10.0,405.5,20.0,405.0,10.0,404.5,10.0,402.0,10.0
2023-04-27 21:08:28.5,1682600908500000000,405.0,405.0,405.0,346.0,20.0,81000.0,412.0,10.0,412.5,10.0,413.5,10.0,414.0,10.0,415.5,10.0,407.0,20.0,406.5,10.0,405.5,10.0,404.5,10.0,402.0,10.0
2023-04-27 21:08:28.75,1682600908750000000,405.0,405.0,405.0,346.0,20.0,81000.0,412.5,20.0,413.5,10.0,414.0,10.0,415.5,10.0,418.0,10.0,407.0,20.0,406.5,10.0,405.5,10.0,404.5,10.0,403.0,10.0
2023-04-27 21:08:29.0,1682600909000000000,405.0,405.0,405.0,346.0,20.0,81000.0,412.5,10.0,413.0,10.0,413.5,10.0,414.0,10.0,415.5,10.0,407.0,20.0,406.5,10.0,405.5,10.0,404.5,10.0,403.0,10.0
2023-04-27 21:08:29.25,1682600909250000000,405.0,405.0,405.0,346.0,20.0,81000.0,412.5,10.0,413.0,10.0,413.5,10.0,414.0,10.0,415.5,10.0,407.0,30.0,406.5,10.0,405.5,10.0,404.5,10.0,403.0,10.0
2023-04-27 21:08:30.25,1682600910250000000,405.0,405.0,405.0,346.0,20.0,81000.0,413.0,20.0,413.5,10.0,414.0,10.0,415.5,10.0,416.5,10.0,407.0,30.0,406.5,10.0,405.5,10.0,404.5,10.0,403.0,10.0
2023-04-27 21:08:30.5,1682600910500000000,405.0,405.0,405.0,346.0,20.0,81000.0,413.0,10.0,413.5,20.0,414.0,10.0,415.5,10.0,416.5,10.0,407.0,30.0,406.5,10.0,405.5,10.0,404.5,10.0,403.0,10.0
2023-04-27 21:08:31.25,1682600911250000000,405.0,405.0,405.0,346.0,20.0,81000.0,413.0,10.0,413.5,20.0,414.0,10.0,415.5,10.0,416.5,10.0,407.0,30.0,406.5,10.0,405.5,10.0,404.5,10.0,402.0,10.0
2023-04-27 21:08:31.75,1682600911750000000,405.0,405.0,405.0,346.0,20.0,81000.0,413.0,10.0,413.5,20.0,414.0,10.0,415.5,10.0,416.5,10.0,407.0,30.0,406.5,10.0,405.5,10.0,404.5,10.0,402.5,10.0
2023-04-27 21:08:34.25,1682600914250000000,405.0,405.0,405.0,346.0,20.0,81000.0,413.0,10.0,413.5,20.0,414.0,10.0,415.5,10.0,416.5,10.0,407.0,30.0,406.5,10.0,405.5,10.0,404.5,10.0,402.0,10.0
2023-04-27 21:08:34.5,1682600914500000000,405.0,405.0,405.0,346.0,20.0,81000.0,413.0,10.0,413.5,20.0,414.0,10.0,415.5,10.0,416.5,20.0,407.0,30.0,406.5,10.0,405.5,10.0,404.5,10.0,401.5,10.0
2023-04-27 21:08:36.0,1682600916000000000,405.0,405.0,405.0,346.0,20.0,81000.0,413.0,10.0,413.5,20.0,414.0,10.0,415.0,10.0,415.5,10.0,407.0,20.0,406.5,10.0,406.0,10.0,405.5,10.0,404.5,10.0
2023-04-27 21:08:52.5,1682600932500000000,405.0,405.0,405.0,346.0,20.0,81000.0,413.0,10.0,413.5,20.0,414.0,10.0,415.5,10.0,416.5,10.0,407.0,30.0,406.5,10.0,405.5,10.0,404.5,10.0,402.0,10.0
2023-04-27 21:08:53.5,1682600933500000000,405.0,405.0,405.0,346.0,20.0,81000.0,413.0,10.0,413.5,20.0,415.0,10.0,415.5,10.0,416.5,20.0,407.0,40.0,406.5,10.0,404.5,10.0,402.0,10.0,397.5,16.0
2023-04-27 21:08:54.5,1682600934500000000,405.0,405.0,405.0,346.0,20.0,81000.0,413.0,10.0,413.5,20.0,415.0,10.0,415.5,10.0,416.5,10.0,407.0,40.0,406.5,10.0,404.5,10.0,402.5,10.0,397.5,16.0
2023-04-27 21:08:55.5,1682600935500000000,405.0,405.0,405.0,346.0,20.0,81000.0,413.0,10.0,413.5,20.0,415.0,10.0,415.5,10.0,416.5,20.0,407.0,40.0,406.5,10.0,404.5,10.0,402.0,10.0,397.5,16.0
2023-04-27 21:08:56.25,1682600936250000000,405.0,405.0,405.0,346.0,20.0,81000.0,413.0,10.0,413.5,20.0,415.0,10.0,415.5,10.0,416.5,20.0,407.0,40.0,406.5,10.0,404.5,10.0,401.5,10.0,397.5,16.0
2023-04-27 21:08:56.5,1682600936500000000,405.0,405.0,405.0,346.0,20.0,81000.0,413.0,10.0,413.5,20.0,415.0,10.0,415.5,10.0,416.5,10.0,407.0,40.0,406.5,10.0,404.5,10.0,402.0,10.0,397.5,16.0
2023-04-27 21:08:56.75,1682600936750000000,405.0,405.0,405.0,346.0,20.0,81000.0,413.0,10.0,413.5,20.0,415.0,10.0,415.5,10.0,416.5,20.0,407.0,40.0,406.5,10.0,404.5,10.0,401.5,10.0,397.5,16.0
2023-04-27 21:08:58.0,1682600938000000000,405.0,405.0,405.0,346.0,20.0,81000.0,413.0,10.0,413.5,20.0,415.0,10.0,415.5,10.0,416.5,10.0,407.0,40.0,406.5,10.0,404.5,10.0,402.0,10.0,397.5,16.0
2023-04-27 21:08:59.0,1682600939000000000,405.0,405.0,405.0,346.0,20.0,81000.0,413.0,10.0,413.5,20.0,415.0,20.0,415.5,10.0,416.0,10.0,407.0,30.0,406.5,10.0,406.0,10.0,404.5,10.0,401.0,10.0
2023-04-27 21:08:59.25,1682600939250000000,405.0,405.0,405.0,346.0,20.0,81000.0,413.0,10.0,413.5,30.0,415.0,10.0,415.5,10.0,416.0,10.0,407.0,20.0,406.5,10.0,406.0,10.0,405.0,10.0,404.5,10.0
2023-04-27 21:08:59.75,1682600939750000000,405.0,405.0,405.0,346.0,20.0,81000.0,413.0,10.0,413.5,30.0,415.0,10.0,415.5,20.0,421.5,10.0,407.0,20.0,406.5,10.0,406.0,10.0,405.0,10.0,404.5,10.0
2023-04-27 21:09:00.5,1682600940500000000,405.0,405.0,405.0,346.0,20.0,81000.0,412.0,10.0,413.0,10.0,413.5,30.0,414.5,10.0,415.5,10.0,407.0,10.0,406.5,10.0,405.5,10.0,405.0,10.0,404.5,20.0
2023-04-27 21:09:00.75,1682600940750000000,405.0,405.0,405.0,346.0,20.0,81000.0,412.0,10.0,413.0,10.0,413.5,30.0,415.5,20.0,421.5,10.0,407.0,10.0,406.5,10.0,405.5,10.0,405.0,10.0,404.5,20.0
2023-04-27 21:09:01.0,1682600941000000000,405.0,405.0,405.0,346.0,20.0,81000.0,412.0,20.0,412.5,10.0,413.5,20.0,415.0,10.0,415.5,10.0,407.0,10.0,406.5,10.0,405.5,10.0,405.0,10.0,404.5,20.0
2023-04-27 21:09:02.75,1682600942750000000,405.0,405.0,405.0,346.0,20.0,81000.0,412.0,20.0,412.5,10.0,413.5,20.0,415.0,10.0,415.5,10.0,406.5,20.0,405.5,10.0,405.0,10.0,404.5,20.0,400.5,10.0
2023-04-27 21:09:03.0,1682600943000000000,405.0,405.0,405.0,346.0,20.0,81000.0,412.0,20.0,412.5,10.0,413.5,20.0,415.0,10.0,415.5,10.0,406.5,10.0,406.0,10.0,405.5,10.0,405.0,10.0,404.5,20.0
2023-04-27 21:09:05.0,1682600945000000000,405.0,405.0,405.0,346.0,20.0,81000.0,412.0,20.0,412.5,10.0,413.5,20.0,414.5,10.0,415.5,10.0,406.5,10.0,406.0,10.0,405.5,10.0,405.0,10.0,404.5,20.0
2023-04-27 21:09:06.0,1682600946000000000,405.0,405.0,405.0,346.0,20.0,81000.0,412.0,20.0,412.5,10.0,413.5,20.0,415.5,10.0,416.0,10.0,406.5,10.0,406.0,10.0,405.5,10.0,405.0,10.0,404.5,20.0
2023-04-27 21:09:06.75,1682600946750000000,405.0,405.0,405.0,346.0,20.0,81000.0,412.0,20.0,412.5,10.0,413.5,20.0,415.5,20.0,421.5,10.0,406.5,10.0,406.0,10.0,405.5,10.0,405.0,10.0,404.5,20.0
2023-04-27 21:09:07.0,1682600947000000000,405.0,405.0,405.0,346.0,20.0,81000.0,412.0,20.0,412.5,10.0,413.5,20.0,415.0,10.0,415.5,10.0,406.5,10.0,406.0,10.0,405.5,10.0,405.0,10.0,404.5,20.0
2023-04-27 21:09:08.5,1682600948500000000,405.0,405.0,405.0,346.0,20.0,81000.0,412.0,20.0,412.5,10.0,413.5,20.0,415.5,10.0,416.0,10.0,406.5,10.0,406.0,10.0,405.5,10.0,405.0,10.0,404.5,20.0
2023-04-27 21:09:09.25,1682600949250000000,405.0,405.0,405.0,346.0,20.0,81000.0,412.0,10.0,412.5,10.0,413.0,10.0,413.5,20.0,415.5,10.0,406.5,20.0,406.0,10.0,405.0,10.0,404.5,20.0,401.0,10.0
2023-04-27 21:09:09.5,1682600949500000000,405.0,405.0,405.0,346.0,20.0,81000.0,412.0,10.0,412.5,10.0,413.0,10.0,413.5,10.0,415.0,10.0,406.5,20.0,406.0,20.0,405.0,10.0,404.5,10.0,401.0,10.0
2023-04-27 21:09:10.25,1682600950250000000,405.0,405.0,405.0,346.0,20.0,81000.0,412.0,10.0,412.5,10.0,413.0,10.0,413.5,10.0,415.0,10.0,406.5,20.0,406.0,20.0,405.0,10.0,404.5,10.0,400.5,10.0
2023-04-27 21:09:10.5,1682600950500000000,405.0,405.0,405.0,346.0,20.0,81000.0,412.0,10.0,412.5,10.0,413.0,10.0,413.5,10.0,415.0,10.0,406.5,20.0,406.0,20.0,405.0,10.0,404.5,10.0,401.5,10.0
2023-04-27 21:09:11.0,1682600951000000000,405.0,405.0,405.0,346.0,20.0,81000.0,412.0,10.0,412.5,10.0,413.0,10.0,413.5,10.0,415.0,10.0,406.5,20.0,406.0,20.0,405.0,10.0,404.5,10.0,401.0,10.0
2023-04-27 21:09:12.0,1682600952000000000,405.0,405.0,405.0,346.0,20.0,81000.0,412.0,10.0,412.5,10.0,413.0,10.0,413.5,20.0,415.5,20.0,406.5,20.0,406.0,10.0,405.0,10.0,404.5,10.0,404.0,10.0
2023-04-27 21:09:12.25,1682600952250000000,405.0,405.0,405.0,346.0,20.0,81000.0,412.0,20.0,412.5,10.0,413.5,20.0,414.5,10.0,415.5,10.0,406.5,10.0,406.0,10.0,405.0,20.0,404.5,10.0,404.0,10.0
2023-04-27 21:09:12.5,1682600952500000000,405.0,405.0,405.0,346.0,20.0,81000.0,412.0,30.0,412.5,10.0,413.5,10.0,414.5,10.0,415.5,10.0,406.0,20.0,405.0,10.0,404.5,10.0,404.0,20.0,399.5,10.0
2023-04-27 21:09:12.75,1682600952750000000,405.0,405.0,405.0,346.0,20.0,81000.0,412.0,30.0,412.5,10.0,413.5,10.0,415.5,20.0,421.5,10.0,406.0,20.0,405.0,10.0,404.5,10.0,404.0,20.0,400.5,10.0
2023-04-27 21:09:13.0,1682600953000000000,405.0,405.0,405.0,346.0,20.0,81000.0,412.0,30.0,412.5,10.0,413.5,10.0,415.0,10.0,415.5,10.0,406.0,10.0,405.5,10.0,405.0,10.0,404.5,10.0,404.0,20.0
2023-04-27 21:09:15.5,1682600955500000000,405.0,405.0,405.0,346.0,20.0,81000.0,412.0,30.0,412.5,10.0,413.5,10.0,414.5,10.0,415.5,10.0,406.0,10.0,405.5,10.0,405.0,10.0,404.5,10.0,404.0,20.0
2023-04-27 21:09:15.75,1682600955750000000,405.0,405.0,405.0,346.0,20.0,81000.0,412.0,30.0,412.5,10.0,413.5,10.0,415.0,10.0,415.5,10.0,406.0,10.0,405.5,10.0,405.0,10.0,404.5,10.0,404.0,20.0
2023-04-27 21:09:22.0,1682600962000000000,405.0,405.0,405.0,346.0,20.0,81000.0,408.5,20.0,412.0,30.0,412.5,10.0,413.5,10.0,415.0,10.0,406.0,10.0,405.5,10.0,405.0,10.0,404.5,10.0,404.0,20.0
2023-04-27 21:09:22.5,1682600962500000000,405.0,405.0,405.0,346.0,20.0,81000.0,408.5,20.0,409.0,20.0,412.0,20.0,413.5,10.0,415.0,10.0,406.0,10.0,405.5,10.0,405.0,10.0,404.5,10.0,404.0,20.0
2023-04-27 21:09:23.25,1682600963250000000,405.0,405.0,405.0,346.0,20.0,81000.0,408.5,20.0,409.0,10.0,409.5,10.0,412.0,20.0,413.5,10.0,406.0,10.0,405.5,10.0,405.0,10.0,404.5,10.0,404.0,20.0
2023-04-27 21:09:23.5,1682600963500000000,405.0,405.0,405.0,346.0,20.0,81000.0,409.0,10.0,409.5,10.0,412.0,20.0,413.5,10.0,415.0,10.0,406.0,10.0,405.5,10.0,405.0,10.0,404.5,10.0,404.0,20.0
2023-04-27 21:09:24.0,1682600964000000000,405.0,405.0,405.0,346.0,20.0,81000.0,409.5,10.0,410.0,10.0,412.0,20.0,413.5,10.0,415.0,10.0,406.0,10.0,405.5,10.0,405.0,10.0,404.5,10.0,404.0,20.0
2023-04-27 21:09:24.25,1682600964250000000,405.0,405.0,405.0,346.0,20.0,81000.0,409.5,10.0,410.0,10.0,412.0,20.0,413.5,10.0,415.5,20.0,406.0,10.0,405.5,10.0,405.0,10.0,404.5,10.0,404.0,20.0
2023-04-27 21:09:24.5,1682600964500000000,405.0,405.0,405.0,346.0,20.0,81000.0,410.0,20.0,412.0,20.0,413.5,10.0,415.0,10.0,415.5,10.0,406.0,10.0,405.5,10.0,405.0,10.0,404.5,10.0,404.0,20.0
2023-04-27 21:09:25.0,1682600965000000000,405.0,405.0,405.0,346.0,20.0,81000.0,410.0,10.0,410.5,10.0,412.0,20.0,413.5,10.0,415.5,20.0,406.0,10.0,405.5,10.0,405.0,10.0,404.5,10.0,404.0,20.0
2023-04-27 21:09:26.25,1682600966250000000,405.0,405.0,405.0,346.0,20.0,81000.0,410.0,10.0,410.5,10.0,412.0,20.0,413.5,10.0,415.5,10.0,406.0,10.0,405.5,10.0,405.0,10.0,404.5,10.0,404.0,20.0
2023-04-27 21:09:26.5,1682600966500000000,405.0,405.0,405.0,346.0,20.0,81000.0,410.0,10.0,410.5,10.0,412.0,20.0,413.5,10.0,415.5,20.0,406.0,10.0,405.5,10.0,405.0,10.0,404.5,10.0,404.0,20.0
2023-04-27 21:09:26.75,1682600966750000000,405.0,405.0,405.0,346.0,20.0,81000.0,410.0,10.0,410.5,10.0,412.0,20.0,413.5,10.0,415.0,10.0,406.0,10.0,405.5,10.0,405.0,10.0,404.5,10.0,404.0,20.0
2023-04-27 21:09:28.5,1682600968500000000,405.0,405.0,405.0,346.0,20.0,81000.0,410.0,10.0,410.5,10.0,412.0,20.0,413.5,10.0,415.5,20.0,406.0,10.0,405.5,10.0,405.0,10.0,404.5,10.0,404.0,20.0
2023-04-27 21:09:29.25,1682600969250000000,405.0,405.0,405.0,346.0,20.0,81000.0,410.0,10.0,410.5,10.0,412.0,20.0,413.5,10.0,415.5,10.0,406.0,10.0,405.5,10.0,405.0,10.0,404.5,10.0,404.0,20.0
2023-04-27 21:09:30.0,1682600970000000000,405.0,405.0,405.0,346.0,20.0,81000.0,410.5,20.0,412.0,20.0,413.5,10.0,415.5,10.0,416.0,10.0,406.0,10.0,405.5,10.0,405.0,10.0,404.5,10.0,404.0,20.0
2023-04-27 21:09:30.25,1682600970250000000,405.0,405.0,405.0,346.0,20.0,81000.0,410.5,20.0,412.0,20.0,413.5,10.0,415.5,20.0,421.5,10.0,406.0,10.0,405.5,10.0,405.0,10.0,404.5,10.0,404.0,20.0
2023-04-27 21:09:30.5,1682600970500000000,405.0,405.0,405.0,346.0,20.0,81000.0,410.5,10.0,411.0,10.0,412.0,20.0,413.5,10.0,415.5,10.0,406.0,10.0,405.5,10.0,405.0,10.0,404.5,10.0,404.0,20.0
2023-04-27 21:09:31.75,1682600971750000000,405.0,405.0,405.0,346.0,20.0,81000.0,410.5,10.0,411.0,10.0,412.0,20.0,413.5,10.0,415.5,20.0,406.0,10.0,405.5,10.0,405.0,10.0,404.5,10.0,404.0,20.0
2023-04-27 21:09:32.0,1682600972000000000,405.0,405.0,405.0,346.0,20.0,81000.0,410.5,10.0,411.0,10.0,412.0,20.0,413.5,10.0,415.5,10.0,406.0,10.0,405.5,10.0,405.0,10.0,404.5,10.0,404.0,20.0
2023-04-27 21:09:34.5,1682600974500000000,405.0,405.0,405.0,346.0,20.0,81000.0,410.5,10.0,411.0,10.0,412.0,10.0,413.5,20.0,415.5,10.0,406.0,10.0,405.5,10.0,405.0,20.0,404.5,10.0,404.0,10.0
2023-04-27 21:09:34.75,1682600974750000000,405.0,405.0,405.0,346.0,20.0,81000.0,410.5,10.0,411.0,10.0,413.0,10.0,413.5,20.0,415.5,10.0,406.5,10.0,406.0,10.0,405.5,10.0,405.0,10.0,404.5,10.0
2023-04-27 21:09:35.0,1682600975000000000,405.0,405.0,405.0,346.0,20.0,81000.0,411.0,20.0,413.0,10.0,413.5,20.0,415.5,10.0,416.5,10.0,406.5,20.0,406.0,10.0,405.0,10.0,404.5,10.0,404.0,10.0
2023-04-27 21:09:35.5,1682600975500000000,405.0,405.0,405.0,346.0,20.0,81000.0,411.0,10.0,411.5,10.0,413.0,10.0,413.5,20.0,415.5,10.0,406.5,20.0,406.0,10.0,405.0,10.0,404.5,10.0,404.0,10.0
2023-04-27 21:09:35.75,1682600975750000000,405.0,405.0,405.0,346.0,20.0,81000.0,411.5,10.0,412.0,10.0,413.0,10.0,413.5,20.0,415.5,10.0,406.5,20.0,406.0,10.0,405.0,10.0,404.5,10.0,404.0,10.0
2023-04-27 21:09:36.0,1682600976000000000,405.0,405.0,405.0,346.0,20.0,81000.0,412.0,20.0,413.0,10.0,413.5,20.0,415.5,10.0,416.5,10.0,406.5,20.0,406.0,10.0,405.0,10.0,404.5,10.0,404.0,10.0
2023-04-27 21:09:36.25,1682600976250000000,405.0,405.0,405.0,346.0,20.0,81000.0,412.0,20.0,413.0,10.0,413.5,20.0,415.5,10.0,417.0,10.0,406.5,20.0,406.0,10.0,405.0,10.0,404.5,10.0,404.0,10.0
2023-04-27 21:09:36.5,1682600976500000000,405.0,405.0,405.0,346.0,20.0,81000.0,412.0,10.0,412.5,10.0,413.0,10.0,413.5,20.0,415.5,10.0,406.5,20.0,406.0,10.0,405.0,10.0,404.5,10.0,404.0,10.0
2023-04-27 21:09:36.75,1682600976750000000,405.0,405.0,405.0,346.0,20.0,81000.0,412.0,10.0,412.5,10.0,413.0,10.0,413.5,10.0,414.5,10.0,406.5,20.0,406.0,10.0,405.5,10.0,405.0,10.0,404.5,10.0
2023-04-27 21:09:43.75,1682600983750000000,405.0,405.0,405.0,346.0,20.0,81000.0,412.0,10.0,412.5,10.0,413.0,10.0,413.5,10.0,415.5,10.0,406.5,30.0,406.0,10.0,405.0,10.0,404.5,10.0,401.5,10.0
2023-04-27 21:09:44.5,1682600984500000000,405.0,405.0,405.0,346.0,20.0,81000.0,412.0,10.0,412.5,10.0,413.0,10.0,413.5,10.0,415.5,20.0,406.5,30.0,406.0,20.0,405.0,10.0,404.5,10.0,401.5,10.0
2023-04-27 21:09:45.25,1682600985250000000,405.0,405.0,405.0,346.0,20.0,81000.0,412.0,10.0,412.5,10.0,413.0,10.0,413.5,10.0,415.5,20.0,406.5,30.0,406.0,20.0,405.0,10.0,404.5,10.0,402.0,10.0
2023-04-27 21:09:50.5,1682600990500000000,405.0,405.0,405.0,346.0,20.0,81000.0,412.0,10.0,412.5,10.0,413.0,20.0,415.5,20.0,416.0,10.0,407.0,10.0,406.5,30.0,406.0,20.0,404.5,10.0,402.0,10.0
2023-04-27 21:09:50.75,1682600990750000000,405.0,405.0,405.0,346.0,20.0,81000.0,412.0,10.0,412.5,10.0,413.0,20.0,415.5,10.0,416.0,10.0,407.0,10.0,406.5,40.0,406.0,10.0,404.5,10.0,402.0,10.0
2023-04-27 21:09:51.0,1682600991000000000,405.0,405.0,405.0,346.0,20.0,81000.0,412.0,10.0,412.5,10.0,413.0,20.0,415.5,10.0,416.0,10.0,407.0,10.0,406.5,50.0,404.5,10.0,402.0,10.0,397.5,16.0
2023-04-27 21:09:54.5,1682600994500000000,405.0,405.0,405.0,346.0,20.0,81000.0,412.0,10.0,412.5,20.0,413.0,10.0,415.5,10.0,416.0,10.0,406.5,50.0,406.0,10.0,404.5,10.0,401.5,10.0,397.5,16.0
2023-04-27 21:09:54.75,1682600994750000000,405.0,405.0,405.0,346.0,20.0,81000.0,412.0,10.0,412.5,20.0,413.0,10.0,415.5,10.0,416.0,10.0,406.5,40.0,406.0,20.0,404.5,10.0,401.5,10.0,397.5,16.0
2023-04-27 21:09:55.0,1682600995000000000,405.0,405.0,405.0,346.0,20.0,81000.0,412.0,10.0,412.5,20.0,413.0,10.0,415.5,10.0,416.0,10.0,406.5,30.0,406.0,30.0,404.5,10.0,401.5,10.0,397.5,16.0
2023-04-27 21:09:55.75,1682600995750000000,405.0,405.0,405.0,346.0,20.0,81000.0,412.0,10.0,412.5,20.0,413.0,10.0,415.0,10.0,415.5,10.0,406.5,20.0,406.0,30.0,405.5,10.0,404.5,10.0,401.5,10.0
2023-04-27 21:09:59.25,1682600999250000000,405.0,405.0,405.0,346.0,20.0,81000.0,411.5,10.0,412.0,10.0,412.5,10.0,413.0,10.0,415.0,10.0,406.5,20.0,406.0,20.0,405.5,20.0,404.5,10.0,400.5,10.0
2023-04-27 21:09:59.5,1682600999500000000,405.0,405.0,405.0,346.0,20.0,81000.0,411.5,10.0,412.0,20.0,413.0,10.0,415.0,10.0,415.5,20.0,406.5,20.0,406.0,20.0,405.5,20.0,404.5,10.0,400.5,10.0
2023-04-27 21:10:00.5,1682601000500000000,405.0,405.0,405.0,346.0,20.0,81000.0,411.5,10.0,412.0,20.0,413.0,10.0,413.5,10.0,415.5,20.0,406.5,20.0,406.0,20.0,405.5,10.0,404.5,20.0,400.5,10.0
2023-04-27 21:10:02.0,1682601002000000000,405.0,405.0,405.0,346.0,20.0,81000.0,411.5,10.0,412.0,20.0,413.0,10.0,413.5,10.0,415.5,10.0,406.5,20.0,406.0,20.0,405.5,10.0,404.5,20.0,401.5,10.0
2023-04-27 21:10:03.75,1682601003750000000,405.0,405.0,405.0,346.0,20.0,81000.0,411.5,10.0,412.0,20.0,413.0,10.0,413.5,10.0,415.5,20.0,406.5,20.0,406.0,20.0,405.5,10.0,404.5,20.0,400.5,10.0
2023-04-27 21:10:04.25,1682601004250000000,405.0,405.0,405.0,346.0,20.0,81000.0,410.0,10.0,412.0,30.0,413.5,10.0,414.5,10.0,415.5,20.0,406.5,10.0,406.0,10.0,405.0,10.0,404.5,40.0,400.5,10.0
2023-04-27 21:10:04.5,1682601004500000000,405.0,405.0,405.0,346.0,20.0,81000.0,410.0,20.0,410.5,10.0,412.0,10.0,413.5,10.0,414.5,10.0,406.0,10.0,405.5,10.0,405.0,10.0,404.5,40.0,400.5,10.0
2023-04-27 21:10:04.75,1682601004750000000,405.0,405.0,405.0,346.0,20.0,81000.0,409.5,10.0,410.0,10.0,410.5,10.0,412.0,10.0,412.5,10.0,406.0,10.0,405.5,10.0,405.0,10.0,404.5,10.0,403.5,10.0
2023-04-27 21:10:05.0,1682601005000000000,405.0,405.0,405.0,346.0,20.0,81000.0,409.5,10.0,410.0,20.0,412.0,10.0,412.5,10.0,413.0,10.0,405.5,20.0,405.0,10.0,404.5,10.0,403.5,10.0,403.0,10.0
2023-04-27 21:10:05.25,1682601005250000000,405.0,405.0,405.0,346.0,20.0,81000.0,409.5,20.0,410.0,10.0,412.0,10.0,412.5,10.0,413.0,10.0,405.5,10.0,405.0,20.0,404.5,10.0,403.5,10.0,403.0,10.0
2023-04-27 21:10:05.75,1682601005750000000,405.0,405.0,405.0,346.0,20.0,81000.0,409.5,20.0,410.0,10.0,412.0,10.0,412.5,10.0,413.0,10.0,405.0,30.0,404.5,10.0,403.5,10.0,403.0,10.0,401.5,10.0
2023-04-27 21:10:06.0,1682601006000000000,405.0,405.0,405.0,346.0,20.0,81000.0,409.5,20.0,410.0,10.0,410.5,10.0,412.5,10.0,413.0,10.0,405.0,20.0,404.5,10.0,404.0,10.0,403.5,10.0,403.0,10.0
2023-04-27 21:10:06.25,1682601006250000000,405.0,405.0,405.0,346.0,20.0,81000.0,409.5,20.0,410.0,10.0,410.5,10.0,412.5,10.0,413.0,20.0,405.0,10.0,404.5,10.0,404.0,10.0,403.5,10.0,403.0,20.0
2023-04-27 21:10:06.5,1682601006500000000,405.0,405.0,405.0,346.0,20.0,81000.0,408.5,10.0,409.5,10.0,410.0,10.0,410.5,10.0,412.5,10.0,404.5,20.0,404.0,10.0,403.0,30.0,401.5,10.0,398.5,10.0
2023-04-27 21:10:06.75,1682601006750000000,405.0,405.0,405.0,346.0,20.0,81000.0,408.5,20.0,410.0,10.0,410.5,10.0,412.5,10.0,413.0,20.0,404.5,20.0,404.0,10.0,403.0,30.0,401.5,10.0,398.5,10.0
2023-04-27 21:10:07.0,1682601007000000000,405.0,405.0,405.0,346.0,20.0,81000.0,408.5,20.0,410.0,10.0,410.5,10.0,411.0,10.0,413.0,20.0,404.5,20.0,404.0,10.0,403.0,20.0,402.0,10.0,401.5,10.0
2023-04-27 21:10:07.25,1682601007250000000,405.0,405.0,405.0,346.0,20.0,81000.0,408.5,20.0,409.0,10.0,410.5,10.0,411.0,10.0,413.0,20.0,404.5,10.0,404.0,20.0,403.0,20.0,402.0,10.0,401.5,10.0
2023-04-27 21:10:07.75,1682601007750000000,405.0,405.0,405.0,346.0,20.0,81000.0,408.5,20.0,409.0,10.0,410.5,10.0,412.5,10.0,413.0,20.0,404.0,30.0,403.0,20.0,401.5,10.0,400.0,10.0,398.5,10.0
2023-04-27 21:10:08.25,1682601008250000000,405.0,405.0,405.0,346.0,20.0,81000.0,408.5,20.0,409.0,10.0,410.5,10.0,412.5,20.0,413.0,20.0,404.0,20.0,403.5,10.0,403.0,20.0,401.5,10.0,400.0,10.0
2023-04-27 21:10:08.5,1682601008500000000,405.0,405.0,405.0,346.0,20.0,81000.0,408.5,20.0,409.0,10.0,410.5,10.0,411.0,10.0,412.5,20.0,404.0,20.0,403.5,10.0,403.0,20.0,402.0,10.0,401.5,10.0
2023-04-27 21:10:09.5,1682601009500000000,405.0,405.0,405.0,346.0,20.0,81000.0,407.5,10.0,408.5,10.0,409.0,20.0,410.5,10.0,411.0,10.0,404.0,10.0,403.5,10.0,403.0,10.0,402.5,10.0,402.0,20.0
2023-04-27 21:10:09.75,1682601009750000000,405.0,405.0,405.0,346.0,20.0,81000.0,407.5,20.0,409.0,20.0,410.0,10.0,410.5,10.0,411.0,10.0,403.5,20.0,403.0,10.0,402.5,10.0,402.0,20.0,399.5,10.0
2023-04-27 21:10:10.0,1682601010000000000,405.0,405.0,405.0,346.0,20.0,81000.0,407.5,20.0,408.0,10.0,409.0,10.0,410.5,20.0,411.0,10.0,403.0,30.0,402.5,10.0,402.0,20.0,399.5,10.0,397.5,16.0
2023-04-27 21:10:10.25,1682601010250000000,405.0,405.0,405.0,346.0,20.0,81000.0,407.5,20.0,408.0,10.0,409.0,10.0,410.5,10.0,411.0,20.0,403.0,20.0,402.5,10.0,402.0,30.0,399.5,10.0,397.5,16.0
2023-04-27 21:10:10.5,1682601010500000000,405.0,405.0,405.0,346.0,20.0,81000.0,407.5,20.0,408.0,10.0,409.0,10.0,410.5,10.0,411.0,10.0,403.0,10.0,402.5,20.0,402.0,20.0,400.0,10.0,399.5,10.0
2023-04-27 21:10:11.0,1682601011000000000,405.0,405.0,405.0,346.0,20.0,81000.0,407.5,20.0,408.0,10.0,409.0,10.0,410.5,30.0,412.0,10.0,403.0,10.0,402.5,20.0,402.0,20.0,401.5,10.0,399.5,10.0
2023-04-27 21:10:12.0,1682601012000000000,405.0,405.0,405.0,346.0,20.0,81000.0,407.0,10.0,407.5,10.0,408.0,10.0,409.0,10.0,410.5,30.0,402.5,30.0,402.0,10.0,401.5,10.0,401.0,10.0,399.5,10.0
2023-04-27 21:10:12.25,1682601012250000000,405.0,405.0,405.0,346.0,20.0,81000.0,407.0,10.0,407.5,10.0,408.0,10.0,409.0,10.0,409.5,10.0,402.5,30.0,402.0,10.0,401.5,10.0,401.0,10.0,399.5,10.0
2023-04-27 21:10:12.5,1682601012500000000,405.0,405.0,405.0,346.0,20.0,81000.0,406.0,10.0,407.5,20.0,408.0,10.0,409.0,20.0,410.0,10.0,402.5,20.0,401.0,10.0,400.5,10.0,400.0,20.0,399.5,10.0
2023-04-27 21:10:12.75,1682601012750000000,405.0,405.0,405.0,346.0,20.0,81000.0,406.0,20.0,407.5,20.0,409.5,10.0,410.0,10.0,410.5,10.0,402.0,20.0,401.0,10.0,400.5,10.0,400.0,10.0,399.5,10.0
2023-04-27 21:10:13.0,1682601013000000000,405.0,405.0,405.0,346.0,20.0,81000.0,406.0,20.0,406.5,10.0,407.5,10.0,409.5,10.0,410.0,10.0,402.0,10.0,401.5,10.0,401.0,10.0,400.5,10.0,400.0,10.0
2023-04-27 21:10:13.25,1682601013250000000,405.0,405.0,405.0,346.0,20.0,81000.0,406.0,20.0,406.5,10.0,407.5,10.0,409.0,10.0,410.0,10.0,402.0,10.0,401.5,10.0,401.0,10.0,400.5,10.0,400.0,10.0
2023-04-27 21:10:13.75,1682601013750000000,405.0,405.0,405.0,346.0,20.0,81000.0,406.0,20.0,406.5,10.0,407.5,10.0,409.0,20.0,410.0,10.0,402.0,10.0,401.5,10.0,401.0,10.0,400.5,10.0,400.0,20.0
2023-04-27 21:10:14.0,1682601014000000000,405.0,405.0,405.0,346.0,20.0,81000.0,406.0,20.0,406.5,10.0,407.5,10.0,408.0,10.0,410.0,10.0,401.5,20.0,401.0,10.0,400.5,10.0,400.0,10.0,399.5,10.0
2023-04-27 21:10:14.25,1682601014250000000,405.0,405.0,405.0,346.0,20.0,81000.0,405.0,10.0,406.0,10.0,406.5,10.0,407.5,10.0,408.0,10.0,401.5,20.0,401.0,10.0,399.5,30.0,399.0,10.0,397.5,16.0
2023-04-27 21:10:14.5,1682601014500000000,405.0,405.0,405.0,346.0,20.0,81000.0,403.5,10.0,405.0,10.0,405.5,10.0,406.0,10.0,406.5,20.0,401.0,10.0,399.5,10.0,399.0,10.0,398.5,10.0,397.5,36.0
2023-04-27 21:10:14.75,1682601014750000000,405.0,405.0,405.0,346.0,20.0,81000.0,403.5,10.0,405.0,20.0,405.5,10.0,406.5,20.0,407.0,10.0,401.0,10.0,399.5,10.0,399.0,10.0,398.5,10.0,397.5,36.0
2023-04-27 21:10:15.0,1682601015000000000,405.0,405.0,405.0,346.0,20.0,81000.0,403.5,10.0,404.0,10.0,405.0,20.0,406.5,10.0,407.0,10.0,400.5,10.0,399.5,10.0,399.0,10.0,398.5,10.0,397.5,26.0
2023-04-27 21:10:15.5,1682601015500000000,405.0,405.0,405.0,346.0,20.0,81000.0,403.5,10.0,404.0,20.0,405.0,10.0,407.0,20.0,409.0,20.0,400.0,20.0,399.0,10.0,398.5,10.0,397.5,26.0,396.0,20.0
2023-04-27 21:10:15.75,1682601015750000000,405.0,405.0,405.0,346.0,20.0,81000.0,403.5,10.0,404.0,10.0,404.5,10.0,405.0,10.0,407.0,20.0,400.5,10.0,400.0,10.0,399.0,10.0,398.5,10.0,397.5,26.0
2023-04-27 21:10:16.0,1682601016000000000,405.0,405.0,405.0,346.0,20.0,81000.0,403.5,20.0,404.0,10.0,405.0,10.0,407.0,20.0,409.0,20.0,400.0,20.0,399.0,10.0,398.5,10.0,397.5,26.0,396.0,20.0
2023-04-27 21:10:16.25,1682601016250000000,405.0,405.0,405.0,346.0,20.0,81000.0,403.5,20.0,404.0,10.0,405.0,10.0,406.5,20.0,407.0,10.0,400.0,20.0,399.0,10.0,398.5,10.0,397.5,36.0,396.0,10.0
2023-04-27 21:10:16.5,1682601016500000000,405.0,405.0,405.0,346.0,20.0,81000.0,403.5,10.0,404.0,10.0,404.5,10.0,405.0,10.0,406.5,20.0,400.0,10.0,399.5,10.0,399.0,10.0,398.5,10.0,397.5,36.0
2023-04-27 21:10:16.75,1682601016750000000,405.0,405.0,405.0,346.0,20.0,81000.0,403.5,20.0,404.0,10.0,405.0,10.0,406.5,20.0,407.0,10.0,400.0,10.0,399.5,10.0,399.0,10.0,398.5,10.0,397.5,36.0
2023-04-27 21:10:17.0,1682601017000000000,405.0,405.0,405.0,346.0,20.0,81000.0,403.5,10.0,404.0,20.0,405.0,10.0,406.5,10.0,407.0,20.0,400.0,10.0,399.5,10.0,399.0,10.0,398.5,10.0,397.5,36.0
2023-04-27 21:10:17.5,1682601017500000000,405.0,405.0,405.0,346.0,20.0,81000.0,403.5,10.0,404.0,20.0,405.0,10.0,406.5,20.0,407.0,10.0,400.0,10.0,399.5,10.0,399.0,10.0,398.5,10.0,397.5,36.0
2023-04-27 21:10:17.75,1682601017750000000,405.0,405.0,405.0,346.0,20.0,81000.0,403.5,10.0,404.0,10.0,404.5,10.0,405.0,10.0,406.5,20.0,400.0,10.0,399.5,10.0,399.0,10.0,398.5,10.0,397.5,36.0
2023-04-27 21:10:18.25,1682601018250000000,405.0,405.0,405.0,346.0,20.0,81000.0,404.0,20.0,404.5,10.0,405.0,10.0,406.5,10.0,407.0,20.0,400.0,10.0,399.5,10.0,399.0,10.0,398.5,20.0,397.5,26.0
2023-04-27 21:10:18.5,1682601018500000000,405.0,405.0,405.0,346.0,20.0,81000.0,404.0,10.0,404.5,20.0,405.0,10.0,406.5,10.0,407.0,20.0,400.0,10.0,399.5,10.0,399.0,10.0,398.5,20.0,397.5,26.0
2023-04-27 21:10:20.0,1682601020000000000,405.0,405.0,405.0,346.0,20.0,81000.0,404.5,10.0,405.0,20.0,406.5,10.0,407.0,10.0,408.0,20.0,400.0,10.0,399.5,20.0,399.0,30.0,397.5,16.0,396.0,10.0
2023-04-27 21:10:20.25,1682601020250000000,405.0,405.0,405.0,346.0,20.0,81000.0,404.5,10.0,405.0,20.0,406.5,10.0,407.0,20.0,408.0,10.0,400.0,10.0,399.5,20.0,399.0,30.0,397.5,16.0,396.0,10.0
2023-04-27 21:10:20.5,1682601020500000000,405.0,405.0,405.0,346.0,20.0,81000.0,405.0,30.0,406.5,10.0,407.0,10.0,408.0,20.0,409.0,10.0,400.0,10.0,399.5,20.0,399.0,30.0,397.5,16.0,396.0,10.0
2023-04-27 21:10:20.75,1682601020750000000,405.0,405.0,405.0,346.0,20.0,81000.0,405.0,30.0,406.5,10.0,407.0,20.0,408.0,10.0,409.0,10.0,400.0,10.0,399.5,20.0,399.0,30.0,397.5,16.0,396.0,10.0
2023-04-27 21:10:21.0,1682601021000000000,405.0,405.0,405.0,346.0,20.0,81000.0,405.0,20.0,405.5,10.0,406.5,10.0,407.0,20.0,408.0,10.0,400.0,10.0,399.5,20.0,399.0,30.0,397.5,16.0,396.0,10.0
2023-04-27 21:10:21.75,1682601021750000000,405.0,405.0,405.0,346.0,20.0,81000.0,405.0,20.0,405.5,10.0,406.5,10.0,407.0,10.0,408.0,20.0,400.0,10.0,399.5,20.0,399.0,30.0,397.5,16.0,396.0,10.0
2023-04-27 21:10:22.0,1682601022000000000,405.0,405.0,405.0,346.0,20.0,81000.0,405.0,20.0,405.5,10.0,406.5,10.0,407.0,20.0,408.0,10.0,400.0,10.0,399.5,20.0,399.0,30.0,397.5,16.0,396.0,10.0
2023-04-27 21:10:22.5,1682601022500000000,405.0,405.0,405.0,346.0,20.0,81000.0,405.0,20.0,405.5,10.0,406.5,10.0,407.0,10.0,408.0,10.0,400.0,10.0,399.5,20.0,399.0,30.0,397.5,16.0,396.0,10.0
2023-04-27 21:10:26.0,1682601026000000000,405.0,405.0,405.0,346.0,20.0,81000.0,405.0,20.0,405.5,10.0,406.5,10.0,407.0,10.0,407.5,10.0,400.0,10.0,399.5,20.0,399.0,30.0,397.5,16.0,396.0,10.0
2023-04-27 21:10:26.25,1682601026250000000,405.0,405.0,405.0,346.0,20.0,81000.0,405.0,20.0,405.5,10.0,406.5,10.0,407.0,10.0,408.0,20.0,400.0,10.0,399.5,20.0,399.0,30.0,397.5,16.0,396.0,10.0
2023-04-27 21:10:26.5,1682601026500000000,405.0,405.0,405.0,346.0,20.0,81000.0,404.0,10.0,405.0,10.0,405.5,10.0,406.5,10.0,407.0,10.0,400.0,10.0,399.5,20.0,399.0,20.0,398.5,10.0,397.5,16.0
2023-04-27 21:10:27.0,1682601027000000000,405.0,405.0,405.0,346.0,20.0,81000.0,404.0,10.0,404.5,10.0,405.0,10.0,406.5,10.0,407.0,10.0,400.0,10.0,399.5,20.0,399.0,20.0,398.5,10.0,397.5,16.0
2023-04-27 21:10:27.25,1682601027250000000,405.0,405.0,405.0,346.0,20.0,81000.0,404.5,10.0,405.0,20.0,406.5,10.0,407.0,10.0,408.0,10.0,400.0,10.0,399.5,20.0,399.0,30.0,397.5,16.0,396.0,10.0
2023-04-27 21:10:27.5,1682601027500000000,405.0,405.0,405.0,346.0,20.0,81000.0,405.0,30.0,406.5,10.0,407.0,10.0,408.0,10.0,408.5,20.0,400.0,10.0,399.5,20.0,399.0,30.0,397.5,16.0,396.0,10.0
2023-04-27 21:10:28.0,1682601028000000000,405.0,405.0,405.0,346.0,20.0,81000.0,405.0,20.0,405.5,10.0,406.5,10.0,407.0,10.0,408.0,10.0,400.0,10.0,399.5,20.0,399.0,30.0,397.5,16.0,396.0,10.0
2023-04-27 21:10:29.25,1682601029250000000,405.0,405.0,405.0,346.0,20.0,81000.0,405.0,10.0,405.5,20.0,406.5,10.0,408.5,10.0,409.0,10.0,400.5,10.0,400.0,20.0,399.5,20.0,399.0,10.0,398.0,10.0
2023-04-27 21:10:29.5,1682601029500000000,405.0,405.0,405.0,346.0,20.0,81000.0,405.5,30.0,406.5,10.0,408.5,10.0,409.0,10.0,409.5,20.0,400.5,10.0,400.0,30.0,399.5,10.0,399.0,10.0,398.0,10.0
2023-04-27 21:10:29.75,1682601029750000000,405.0,405.0,405.0,346.0,20.0,81000.0,405.5,20.0,406.0,10.0,406.5,10.0,409.0,10.0,409.5,20.0,400.5,20.0,400.0,30.0,399.5,10.0,398.0,10.0,397.5,16.0
2023-04-27 21:10:30.0,1682601030000000000,405.0,405.0,405.0,346.0,20.0,81000.0,405.5,10.0,406.0,20.0,406.5,10.0,409.0,10.0,409.5,20.0,400.5,20.0,400.0,30.0,399.5,10.0,398.0,10.0,397.5,16.0
2023-04-27 21:10:31.0,1682601031000000000,405.0,405.0,405.0,346.0,20.0,81000.0,406.0,20.0,406.5,10.0,407.5,10.0,409.5,20.0,410.0,20.0,401.0,10.0,400.5,30.0,400.0,20.0,398.0,10.0,397.5,16.0
2023-04-27 21:10:31.25,1682601031250000000,405.0,405.0,405.0,346.0,20.0,81000.0,406.0,20.0,406.5,10.0,407.5,10.0,409.5,20.0,410.0,20.0,401.0,10.0,400.5,40.0,400.0,10.0,398.0,10.0,397.5,16.0
2023-04-27 21:10:31.5,1682601031500000000,405.0,405.0,405.0,346.0,20.0,81000.0,406.0,10.0,406.5,20.0,407.5,10.0,409.5,20.0,410.0,20.0,401.0,10.0,400.5,50.0,398.0,10.0,397.5,16.0,395.0,10.0
2023-04-27 21:10:32.0,1682601032000000000,405.0,405.0,405.0,346.0,20.0,81000.0,406.5,30.0,407.5,10.0,409.5,20.0,410.0,20.0,415.0,16.0,401.0,20.0,400.5,40.0,398.0,10.0,397.5,16.0,395.0,10.0
2023-04-27 21:10:32.5,1682601032500000000,405.0,405.0,405.0,346.0,20.0,81000.0,406.5,20.0,407.0,10.0,407.5,10.0,409.5,20.0,410.0,20.0,401.0,20.0,400.5,40.0,398.0,10.0,397.5,16.0,395.0,10.0
2023-04-27 21:10:33.25,1682601033250000000,405.0,405.0,405.0,346.0,20.0,81000.0,406.5,20.0,407.0,10.0,407.5,10.0,409.5,20.0,410.0,10.0,401.0,20.0,400.5,40.0,398.0,10.0,397.5,16.0,396.5,10.0
2023-04-27 21:10:33.75,1682601033750000000,405.0,405.0,405.0,346.0,20.0,81000.0,406.5,10.0,407.0,20.0,407.5,10.0,409.5,20.0,410.0,10.0,401.0,20.0,400.5,40.0,398.0,10.0,397.5,16.0,396.5,10.0
2023-04-27 21:10:34.0,1682601034000000000,405.0,405.0,405.0,346.0,20.0,81000.0,407.0,20.0,407.5,20.0,409.5,10.0,410.0,10.0,411.0,10.0,401.5,20.0,401.0,20.0,400.5,20.0,398.0,10.0,397.5,26.0
2023-04-27 21:10:34.25,1682601034250000000,405.0,405.0,405.0,346.0,20.0,81000.0,407.0,10.0,407.5,30.0,409.5,10.0,410.0,10.0,411.0,10.0,401.5,20.0,401.0,20.0,400.5,20.0,398.0,10.0,397.5,26.0
2023-04-27 21:10:34.5,1682601034500000000,405.0,405.0,405.0,346.0,20.0,81000.0,407.5,20.0,408.0,10.0,409.0,10.0,409.5,10.0,410.0,10.0,402.5,10.0,401.5,30.0,401.0,10.0,400.5,10.0,398.0,10.0
2023-04-27 21:10:35.0,1682601035000000000,405.0,405.0,405.0,346.0,20.0,81000.0,407.5,10.0,408.0,20.0,409.0,10.0,409.5,10.0,410.0,10.0,402.5,20.0,402.0,10.0,401.5,20.0,400.5,10.0,398.0,10.0
2023-04-27 21:10:35.25,1682601035250000000,405.0,405.0,405.0,346.0,20.0,81000.0,407.5,10.0,408.0,20.0,409.0,10.0,410.0,10.0,411.0,10.0,402.5,20.0,402.0,10.0,401.5,20.0,400.5,20.0,397.5,26.0
2023-04-27 21:10:36.5,1682601036500000000,405.0,405.0,405.0,346.0,20.0,81000.0,408.0,30.0,409.0,10.0,410.0,10.0,411.0,10.0,411.5,10.0,402.5,30.0,402.0,10.0,401.5,10.0,400.5,20.0,397.5,26.0
2023-04-27 21:10:37.0,1682601037000000000,405.0,405.0,405.0,346.0,20.0,81000.0,408.0,20.0,408.5,10.0,409.0,10.0,410.0,10.0,411.0,10.0,402.5,30.0,402.0,10.0,401.5,10.0,400.5,20.0,397.5,26.0
2023-04-27 21:10:37.25,1682601037250000000,405.0,405.0,405.0,346.0,20.0,81000.0,408.0,20.0,408.5,10.0,409.0,10.0,410.0,10.0,411.0,10.0,402.5,30.0,402.0,10.0,401.5,10.0,400.5,20.0,397.5,16.0
2023-04-27 21:10:38.25,1682601038250000000,405.0,405.0,405.0,346.0,20.0,81000.0,408.0,20.0,408.5,10.0,409.0,10.0,410.0,10.0,411.0,10.0,402.5,30.0,402.0,10.0,401.5,10.0,400.5,20.0,397.5,26.0
2023-04-27 21:10:39.0,1682601039000000000,405.0,405.0,405.0,346.0,20.0,81000.0,408.0,20.0,408.5,10.0,409.0,10.0,411.0,10.0,411.5,20.0,402.5,30.0,402.0,10.0,401.5,20.0,400.5,10.0,397.5,26.0
2023-04-27 21:10:39.75,1682601039750000000,405.0,405.0,405.0,346.0,20.0,81000.0,408.0,20.0,408.5,10.0,409.0,10.0,411.0,10.0,411.5,20.0,402.5,30.0,402.0,10.0,401.5,20.0,400.5,10.0,397.5,16.0
2023-04-27 21:10:40.75,1682601040750000000,405.0,405.0,405.0,346.0,20.0,81000.0,408.0,20.0,408.5,10.0,409.0,20.0,411.0,10.0,411.5,10.0,402.5,30.0,402.0,20.0,401.5,20.0,397.5,16.0,397.0,10.0
2023-04-27 21:10:44.0,1682601044000000000,405.0,405.0,405.0,346.0,20.0,81000.0,408.0,20.0,408.5,10.0,409.0,20.0,411.0,20.0,411.5,10.0,402.5,30.0,402.0,20.0,401.5,20.0,397.5,16.0,396.5,10.0
2023-04-27 21:10:45.0,1682601045000000000,405.0,405.0,405.0,346.0,20.0,81000.0,408.0,20.0,408.5,10.0,409.0,20.0,411.0,10.0,411.5,10.0,402.5,30.0,402.0,20.0,401.5,20.0,397.5,16.0,397.0,10.0
2023-04-27 21:10:45.5,1682601045500000000,405.0,405.0,405.0,346.0,20.0,81000.0,408.0,20.0,408.5,10.0,409.0,20.0,411.0,20.0,411.5,10.0,402.5,30.0,402.0,20.0,401.5,20.0,397.5,16.0,396.5,10.0
2023-04-27 21:10:46.0,1682601046000000000,405.0,405.0,405.0,346.0,20.0,81000.0,408.0,20.0,408.5,10.0,409.0,20.0,411.0,10.0,411.5,20.0,402.5,30.0,402.0,20.0,401.5,20.0,397.5,16.0,396.5,10.0
2023-04-27 21:10:46.25,1682601046250000000,405.0,405.0,405.0,346.0,20.0,81000.0,408.0,20.0,408.5,10.0,409.0,20.0,411.0,10.0,411.5,10.0,402.5,30.0,402.0,20.0,401.5,20.0,397.5,16.0,397.0,10.0
2023-04-27 21:10:51.25,1682601051250000000,405.0,405.0,405.0,346.0,20.0,81000.0,408.0,10.0,408.5,10.0,409.0,20.0,410.5,10.0,411.0,10.0,403.5,10.0,403.0,10.0,402.5,20.0,402.0,10.0,401.5,20.0
2023-04-27 21:10:51.5,1682601051500000000,405.0,405.0,405.0,346.0,20.0,81000.0,408.0,10.0,408.5,10.0,409.0,20.0,410.5,10.0,411.5,10.0,403.5,10.0,403.0,30.0,402.5,20.0,401.5,10.0,397.5,26.0
2023-04-27 21:10:51.75,1682601051750000000,405.0,405.0,405.0,346.0,20.0,81000.0,408.0,10.0,408.5,10.0,409.0,20.0,410.5,10.0,411.5,10.0,403.5,20.0,403.0,30.0,402.5,10.0,401.5,10.0,397.5,26.0
2023-04-27 21:10:52.25,1682601052250000000,405.0,405.0,405.0,346.0,20.0,81000.0,408.0,10.0,408.5,10.0,409.0,20.0,410.5,10.0,411.5,20.0,403.5,20.0,403.0,30.0,402.5,10.0,401.5,10.0,397.5,16.0
2023-04-27 21:10:52.5,1682601052500000000,405.0,405.0,405.0,346.0,20.0,81000.0,408.0,10.0,408.5,10.0,409.0,20.0,410.5,10.0,411.5,10.0,403.5,20.0,403.0,30.0,402.5,10.0,401.5,10.0,397.5,26.0
2023-04-27 21:10:53.25,1682601053250000000,405.0,405.0,405.0,346.0,20.0,81000.0,408.0,10.0,408.5,10.0,409.0,20.0,410.5,10.0,411.5,20.0,403.5,20.0,403.0,30.0,402.5,10.0,401.5,10.0,397.5,16.0
2023-04-27 21:10:53.5,1682601053500000000,405.0,405.0,405.0,346.0,20.0,81000.0,408.0,10.0,408.5,10.0,409.0,20.0,410.5,10.0,411.5,10.0,403.5,20.0,403.0,30.0,402.5,10.0,401.5,10.0,397.5,26.0
2023-04-27 21:10:53.75,1682601053750000000,405.0,405.0,405.0,346.0,20.0,81000.0,408.0,10.0,408.5,10.0,409.0,20.0,410.5,10.0,411.5,20.0,403.5,20.0,403.0,30.0,402.5,10.0,401.5,10.0,397.5,16.0
2023-04-27 21:10:54.0,1682601054000000000,405.0,405.0,405.0,346.0,20.0,81000.0,408.0,10.0,408.5,10.0,409.0,20.0,410.5,10.0,411.5,10.0,403.5,20.0,403.0,30.0,402.5,10.0,401.5,10.0,397.5,16.0
2023-04-27 21:10:59.5,1682601059500000000,405.0,405.0,405.0,346.0,20.0,81000.0,408.0,10.0,408.5,10.0,409.0,10.0,410.5,20.0,411.5,10.0,403.5,30.0,403.0,30.0,401.5,10.0,398.0,10.0,397.5,16.0
