datetime,datetime_nano,highest,last_price,lowest,open_interest,volume,amount,ask_price1,ask_volume1,ask_price2,ask_volume2,ask_price3,ask_volume3,ask_price4,ask_volume4,ask_price5,ask_volume5,bid_price1,bid_volume1,bid_price2,bid_volume2,bid_price3,bid_volume3,bid_price4,bid_volume4,bid_price5,bid_volume5
2023-04-27 20:56:02.25,1682600162250000000,,,,19277.0,0.0,0.0,,0.0,,0.0,,0.0,,0.0,,0.0,,0.0,,0.0,,0.0,,0.0,,0.0
2023-04-27 20:59:00.0,1682600340000000000,38.5,38.5,38.5,19277.0,1.0,385.0,38.5,1.0,39.0,19.0,40.0,63.0,42.0,22.0,43.0,2.0,38.0,1.0,32.0,1.0,31.0,1.0,28.5,50.0,27.5,7.0
2023-04-27 21:00:00.25,1682600400250000000,38.5,38.0,38.0,19278.0,2.0,765.0,38.5,1.0,39.0,19.0,40.0,61.0,42.0,22.0,43.0,2.0,32.0,1.0,31.0,1.0,28.5,50.0,27.5,7.0,27.0,37.0
2023-04-27 21:00:01.25,1682600401250000000,38.5,38.0,38.0,19278.0,2.0,765.0,38.5,1.0,39.0,19.0,40.0,11.0,42.0,22.0,42.5,24.0,32.0,1.0,31.0,25.0,28.5,50.0,27.5,7.0,27.0,37.0
2023-04-27 21:00:01.75,1682600401750000000,38.5,32.0,32.0,19278.0,3.0,1085.0,32.0,4.0,38.5,1.0,39.0,19.0,40.0,11.0,42.0,22.0,31.0,25.0,28.5,50.0,27.5,7.0,27.0,37.0,26.0,1.0
2023-04-27 21:00:02.0,1682600402000000000,38.5,32.0,32.0,19278.0,3.0,1085.0,32.0,57.0,38.5,1.0,39.0,19.0,40.0,11.0,42.0,22.0,31.0,25.0,28.5,50.0,27.5,7.0,27.0,37.0,26.0,1.0
2023-04-27 21:00:02.25,1682600402250000000,38.5,32.0,32.0,19278.0,4.0,1405.0,32.0,56.0,38.0,2.0,38.5,1.0,39.0,19.0,40.0,11.0,31.0,25.0,28.5,50.0,27.5,7.0,27.0,37.0,26.0,1.0
2023-04-27 21:00:02.5,1682600402500000000,38.5,32.0,32.0,19278.0,5.0,1725.0,32.0,55.0,37.5,2.0,38.0,2.0,38.5,1.0,39.0,19.0,31.0,25.0,28.5,50.0,27.5,7.0,27.0,37.0,26.0,1.0
2023-04-27 21:00:02.75,1682600402750000000,38.5,32.0,32.0,19258.0,29.0,9405.0,32.0,31.0,37.5,2.0,38.0,2.0,38.5,1.0,39.0,19.0,31.0,25.0,28.5,50.0,27.5,7.0,27.0,37.0,26.0,1.0
2023-04-27 21:00:03.0,1682600403000000000,38.5,32.0,32.0,19258.0,30.0,9725.0,32.0,30.0,37.5,2.0,38.0,2.0,38.5,1.0,39.0,19.0,31.0,25.0,28.5,50.0,27.5,7.0,27.0,37.0,26.0,1.0
2023-04-27 21:00:03.25,1682600403250000000,38.5,32.0,32.0,19258.0,31.0,10045.0,32.0,30.0,37.5,2.0,38.0,2.0,38.5,1.0,39.0,19.0,31.0,25.0,28.5,50.0,27.5,7.0,27.0,37.0,26.0,1.0
2023-04-27 21:00:03.5,1682600403500000000,38.5,31.0,31.0,19254.0,36.0,11595.0,32.0,30.0,37.5,2.0,38.0,2.0,38.5,1.0,39.0,19.0,31.0,20.0,28.5,50.0,27.5,7.0,27.0,37.0,26.0,1.0
2023-04-27 21:00:03.75,1682600403750000000,38.5,32.0,31.0,19224.0,66.0,21195.0,37.5,2.0,38.0,2.0,38.5,1.0,39.0,19.0,40.0,1.0,31.0,20.0,28.5,50.0,27.5,7.0,27.0,37.0,26.0,1.0
2023-04-27 21:00:04.5,1682600404500000000,38.5,32.0,31.0,19224.0,66.0,21195.0,36.5,20.0,37.5,2.0,38.0,2.0,38.5,25.0,39.0,19.0,31.0,20.0,28.5,50.0,28.0,20.0,27.5,7.0,27.0,37.0
2023-04-27 21:00:04.75,1682600404750000000,38.5,32.0,31.0,19224.0,66.0,21195.0,37.5,2.0,38.0,2.0,38.5,25.0,39.0,19.0,40.0,1.0,31.0,20.0,29.0,1.0,28.5,50.0,27.5,7.0,27.0,37.0
2023-04-27 21:00:05.0,1682600405000000000,38.5,32.0,31.0,19224.0,66.0,21195.0,37.0,20.0,37.5,2.0,38.0,2.0,38.5,25.0,39.0,19.0,31.0,20.0,29.0,1.0,28.5,50.0,28.0,20.0,27.5,7.0
2023-04-27 21:00:05.25,1682600405250000000,38.5,37.0,31.0,19229.0,71.0,23045.0,37.5,2.0,38.0,2.0,38.5,25.0,39.0,19.0,40.0,1.0,29.0,1.0,28.5,50.0,27.5,7.0,27.0,37.0,26.0,1.0
2023-04-27 21:00:05.75,1682600405750000000,38.5,37.0,31.0,19229.0,71.0,23045.0,37.0,23.0,37.5,2.0,38.0,2.0,38.5,25.0,39.0,19.0,29.0,1.0,28.5,50.0,27.5,7.0,27.0,37.0,26.0,1.0
2023-04-27 21:00:06.5,1682600406500000000,38.5,37.0,31.0,19229.0,71.0,23045.0,37.0,23.0,37.5,2.0,38.0,2.0,38.5,25.0,39.0,19.0,31.5,1.0,29.0,1.0,28.5,50.0,27.5,7.0,27.0,37.0
2023-04-27 21:00:06.75,1682600406750000000,38.5,37.0,31.0,19229.0,71.0,23045.0,37.0,23.0,37.5,2.0,38.0,2.0,38.5,25.0,39.0,19.0,32.5,2.0,31.5,1.0,29.0,1.0,28.5,50.0,27.5,7.0
2023-04-27 21:00:07.0,1682600407000000000,38.5,32.5,31.0,19231.0,73.0,23695.0,37.0,23.0,37.5,2.0,38.0,2.0,38.5,25.0,39.0,19.0,31.5,1.0,29.0,1.0,28.5,50.0,27.5,7.0,27.0,37.0
2023-04-27 21:00:07.25,1682600407250000000,38.5,32.5,31.0,19231.0,73.0,23695.0,37.0,23.0,37.5,2.0,38.0,2.0,38.5,26.0,39.0,19.0,31.5,1.0,29.0,1.0,28.5,50.0,27.5,7.0,27.0,37.0
2023-04-27 21:00:08.0,1682600408000000000,38.5,37.0,31.0,19235.0,77.0,25175.0,37.0,19.0,37.5,2.0,38.0,2.0,38.5,26.0,39.0,19.0,31.5,1.0,29.0,1.0,28.5,50.0,27.5,7.0,27.0,37.0
2023-04-27 21:00:08.25,1682600408250000000,38.5,37.0,31.0,19235.0,77.0,25175.0,37.0,19.0,37.5,2.0,38.0,2.0,38.5,26.0,40.0,1.0,31.5,1.0,29.0,1.0,28.5,50.0,27.5,7.0,27.0,37.0
2023-04-27 21:00:08.75,1682600408750000000,38.5,37.0,31.0,19235.0,77.0,25175.0,37.0,19.0,37.5,20.0,38.0,22.0,38.5,26.0,40.0,1.0,33.5,18.0,31.5,1.0,29.5,20.0,29.0,1.0,28.5,50.0
2023-04-27 21:00:09.25,1682600409250000000,38.5,37.0,31.0,19235.0,77.0,25175.0,37.0,19.0,37.5,2.0,38.0,2.0,38.5,26.0,40.0,1.0,31.5,1.0,29.0,1.0,28.5,50.0,27.5,7.0,27.0,61.0
2023-04-27 21:00:09.75,1682600409750000000,38.5,31.5,31.0,19235.0,78.0,25490.0,31.5,26.0,37.0,30.0,37.5,2.0,38.0,2.0,38.5,26.0,29.0,1.0,28.5,50.0,27.5,7.0,27.0,61.0,26.0,1.0
2023-04-27 21:00:10.25,1682600410250000000,38.5,31.5,31.0,19229.0,84.0,27380.0,31.5,20.0,37.0,30.0,37.5,2.0,38.0,2.0,38.5,18.0,29.0,1.0,28.5,50.0,27.5,7.0,27.0,37.0,26.5,16.0
2023-04-27 21:00:10.5,1682600410500000000,38.5,31.5,31.0,19209.0,104.0,33680.0,37.0,30.0,37.5,2.0,38.0,2.0,38.5,18.0,40.0,1.0,29.5,6.0,29.0,1.0,28.5,50.0,27.5,7.0,27.0,37.0
2023-04-27 21:00:10.75,1682600410750000000,38.5,37.0,31.0,19210.0,105.0,34050.0,37.0,29.0,37.5,2.0,38.0,2.0,38.5,18.0,40.0,1.0,32.0,6.0,29.5,6.0,29.0,1.0,28.5,50.0,27.5,7.0
2023-04-27 21:00:11.5,1682600411500000000,38.5,32.0,31.0,19216.0,111.0,35970.0,37.0,29.0,37.5,2.0,38.0,2.0,38.5,17.0,40.0,1.0,32.0,1.0,29.5,6.0,29.0,1.0,28.5,50.0,27.5,7.0
2023-04-27 21:00:11.75,1682600411750000000,38.5,32.0,31.0,19216.0,111.0,35970.0,37.0,29.0,37.5,2.0,38.0,2.0,38.5,17.0,40.0,1.0,32.0,1.0,31.5,3.0,29.5,6.0,29.0,1.0,28.5,50.0
2023-04-27 21:00:12.0,1682600412000000000,38.5,32.0,31.0,19216.0,111.0,35970.0,37.0,29.0,37.5,2.0,38.5,17.0,40.0,1.0,42.0,22.0,32.0,1.0,31.5,3.0,29.5,6.0,29.0,1.0,28.5,50.0
2023-04-27 21:00:12.5,1682600412500000000,38.5,32.0,31.0,19216.0,112.0,36290.0,37.0,29.0,37.5,2.0,38.5,17.0,42.0,22.0,43.0,2.0,31.5,3.0,29.5,6.0,29.0,1.0,28.5,50.0,27.5,7.0
2023-04-27 21:00:13.25,1682600413250000000,38.5,31.5,31.0,19216.0,115.0,37235.0,31.5,16.0,37.0,29.0,37.5,2.0,38.5,17.0,42.0,22.0,30.0,4.0,29.5,6.0,29.0,1.0,28.5,50.0,27.5,7.0
2023-04-27 21:00:13.5,1682600413500000000,38.5,31.5,31.0,19216.0,116.0,37550.0,31.5,16.0,37.0,29.0,37.5,2.0,38.5,17.0,42.0,22.0,30.0,4.0,29.5,7.0,29.0,1.0,28.5,50.0,27.5,7.0
2023-04-27 21:00:13.75,1682600413750000000,38.5,31.5,31.0,19210.0,123.0,39755.0,31.5,9.0,37.0,29.0,37.5,2.0,38.5,17.0,42.0,22.0,30.0,4.0,29.5,7.0,29.0,1.0,28.5,50.0,27.5,7.0
2023-04-27 21:00:14.0,1682600414000000000,38.5,31.5,31.0,19204.0,129.0,41645.0,31.5,3.0,37.0,29.0,37.5,2.0,38.5,17.0,42.0,22.0,30.0,7.0,29.5,7.0,29.0,1.0,28.5,50.0,27.5,7.0
2023-04-27 21:00:14.25,1682600414250000000,38.5,31.5,31.0,19201.0,132.0,42590.0,37.0,29.0,37.5,2.0,38.5,17.0,42.0,22.0,43.0,2.0,30.0,7.0,29.5,7.0,29.0,1.0,28.5,50.0,27.5,7.0
2023-04-27 21:00:14.75,1682600414750000000,38.5,31.5,31.0,19201.0,132.0,42590.0,37.0,29.0,37.5,2.0,38.5,17.0,42.0,22.0,43.0,2.0,32.0,30.0,30.0,7.0,29.5,7.0,29.0,1.0,28.5,50.0
2023-04-27 21:00:15.25,1682600415250000000,38.5,37.0,31.0,19219.0,152.0,49990.0,35.0,1.0,37.0,9.0,37.5,2.0,38.5,17.0,42.0,22.0,32.0,31.0,30.0,7.0,29.5,7.0,29.0,1.0,28.5,50.0
2023-04-27 21:00:17.0,1682600417000000000,38.5,35.0,31.0,19219.0,153.0,50340.0,37.0,9.0,37.5,2.0,38.5,17.0,42.0,22.0,43.0,2.0,35.0,4.0,32.0,31.0,30.0,7.0,29.5,7.0,29.0,1.0
2023-04-27 21:00:17.25,1682600417250000000,38.5,35.0,31.0,19223.0,157.0,51740.0,37.0,9.0,37.5,2.0,38.5,17.0,42.0,22.0,43.0,2.0,32.0,31.0,30.0,7.0,29.5,7.0,29.0,1.0,28.5,50.0
2023-04-27 21:00:17.5,1682600417500000000,38.5,35.0,31.0,19223.0,157.0,51740.0,37.0,9.0,37.5,2.0,38.5,17.0,42.0,22.0,43.0,2.0,32.0,31.0,30.0,12.0,29.5,7.0,29.0,1.0,28.5,50.0
2023-04-27 21:00:17.75,1682600417750000000,38.5,35.0,31.0,19223.0,157.0,51740.0,37.0,9.0,37.5,2.0,38.5,17.0,42.0,22.0,43.0,2.0,32.0,41.0,30.0,12.0,29.5,7.0,29.0,1.0,28.5,50.0
2023-04-27 21:00:18.0,1682600418000000000,38.5,35.0,31.0,19223.0,157.0,51740.0,37.0,9.0,37.5,2.0,38.5,17.0,42.0,22.0,43.0,2.0,32.0,41.0,30.0,23.0,29.5,7.0,29.0,1.0,28.5,50.0
2023-04-27 21:00:19.5,1682600419500000000,38.5,35.0,31.0,19223.0,157.0,51740.0,37.0,11.0,37.5,2.0,38.5,17.0,42.0,22.0,43.0,2.0,32.0,41.0,30.0,23.0,29.5,7.0,29.0,1.0,28.5,50.0
2023-04-27 21:00:19.75,1682600419750000000,38.5,35.0,31.0,19223.0,157.0,51740.0,37.0,11.0,37.5,2.0,38.5,17.0,42.0,22.0,43.0,2.0,32.0,41.0,31.5,6.0,30.0,23.0,29.5,7.0,29.0,1.0
2023-04-27 21:00:20.0,1682600420000000000,38.5,35.0,31.0,19223.0,157.0,51740.0,37.0,11.0,37.5,2.0,38.5,17.0,42.0,22.0,43.0,2.0,36.5,1.0,32.0,41.0,31.5,6.0,30.0,23.0,29.5,7.0
2023-04-27 21:00:20.25,1682600420250000000,38.5,36.5,31.0,19224.0,158.0,52105.0,37.0,11.0,37.5,2.0,38.5,17.0,42.0,22.0,43.0,2.0,32.0,40.0,31.5,6.0,30.0,23.0,29.5,7.0,29.0,1.0
2023-04-27 21:00:20.5,1682600420500000000,38.5,37.0,31.0,19224.0,159.0,52475.0,37.0,10.0,37.5,2.0,38.5,17.0,42.0,22.0,43.0,2.0,32.0,40.0,31.5,6.0,30.0,53.0,29.5,7.0,29.0,1.0
2023-04-27 21:00:22.0,1682600422000000000,38.5,37.0,31.0,19224.0,159.0,52475.0,36.0,42.0,37.0,10.0,37.5,2.0,38.5,17.0,42.0,22.0,35.0,1.0,32.0,40.0,31.5,6.0,30.0,53.0,29.5,7.0
2023-04-27 21:00:22.25,1682600422250000000,38.5,35.0,31.0,19225.0,160.0,52825.0,36.0,42.0,37.0,10.0,37.5,2.0,38.5,17.0,42.0,22.0,32.0,40.0,31.5,6.0,30.0,53.0,29.5,7.0,29.0,1.0
2023-04-27 21:00:23.0,1682600423000000000,38.5,35.0,31.0,19225.0,160.0,52825.0,36.0,42.0,37.0,10.0,37.5,2.0,38.5,17.0,42.0,22.0,32.0,40.0,31.5,6.0,30.0,58.0,29.5,7.0,29.0,1.0
2023-04-27 21:00:23.75,1682600423750000000,38.5,35.0,31.0,19225.0,160.0,52825.0,36.0,42.0,37.0,10.0,37.5,2.0,38.5,17.0,42.0,22.0,33.0,1.0,32.0,40.0,31.5,7.0,30.0,58.0,29.5,7.0
2023-04-27 21:00:24.0,1682600424000000000,38.5,33.0,31.0,19225.0,170.0,56125.0,36.0,42.0,37.0,10.0,37.5,2.0,38.5,17.0,42.0,22.0,32.5,10.0,32.0,40.0,31.5,7.0,30.0,58.0,29.5,7.0
2023-04-27 21:00:24.5,1682600424500000000,38.5,33.0,31.0,19225.0,170.0,56125.0,36.0,42.0,37.0,10.0,37.5,2.0,38.5,17.0,42.0,22.0,32.5,10.0,32.0,40.0,31.5,7.0,30.5,5.0,30.0,58.0
2023-04-27 21:00:25.75,1682600425750000000,38.5,33.0,31.0,19225.0,170.0,56125.0,36.0,42.0,37.0,11.0,37.5,2.0,38.5,17.0,42.0,22.0,32.5,10.0,32.0,40.0,31.5,7.0,30.5,5.0,30.0,58.0
2023-04-27 21:00:26.75,1682600426750000000,38.5,33.0,31.0,19225.0,170.0,56125.0,36.0,42.0,37.0,11.0,37.5,2.0,38.5,17.0,42.0,22.0,32.5,10.0,32.0,41.0,31.5,7.0,30.5,5.0,30.0,58.0
2023-04-27 21:00:27.25,1682600427250000000,38.5,36.0,31.0,19225.0,172.0,56845.0,36.0,40.0,37.0,11.0,37.5,2.0,38.5,17.0,42.0,22.0,33.0,32.0,32.5,10.0,32.0,41.0,31.5,7.0,30.5,5.0
2023-04-27 21:00:27.5,1682600427500000000,38.5,33.0,31.0,19234.0,181.0,59815.0,36.0,40.0,37.0,11.0,37.5,2.0,38.5,17.0,42.0,22.0,33.0,23.0,32.5,10.0,32.0,41.0,31.5,7.0,30.5,5.0
2023-04-27 21:00:28.5,1682600428500000000,38.5,33.0,31.0,19234.0,181.0,59815.0,36.0,40.0,37.0,11.0,37.5,2.0,38.5,17.0,42.0,22.0,33.0,23.0,32.5,10.0,32.0,42.0,31.5,7.0,30.5,5.0
2023-04-27 21:00:29.0,1682600429000000000,38.5,33.0,31.0,19234.0,181.0,59815.0,36.0,41.0,37.0,11.0,37.5,2.0,38.5,17.0,42.0,22.0,33.0,23.0,32.5,10.0,32.0,42.0,31.5,27.0,30.5,5.0
2023-04-27 21:00:31.0,1682600431000000000,38.5,36.0,31.0,19234.0,182.0,60175.0,36.0,40.0,37.0,11.0,37.5,2.0,38.5,17.0,42.0,22.0,33.0,23.0,32.5,10.0,32.0,42.0,31.5,27.0,30.5,5.0
2023-04-27 21:00:32.25,1682600432250000000,38.5,36.0,31.0,19234.0,182.0,60175.0,36.0,40.0,37.0,11.0,37.5,2.0,38.5,17.0,42.0,22.0,33.0,23.0,32.5,10.0,32.0,41.0,31.5,27.0,30.5,5.0
2023-04-27 21:00:32.75,1682600432750000000,38.5,36.0,31.0,19234.0,182.0,60175.0,36.0,40.0,37.0,11.0,37.5,2.0,38.5,17.0,42.0,22.0,33.0,25.0,32.5,10.0,32.0,41.0,31.5,27.0,30.5,5.0
2023-04-27 21:00:34.0,1682600434000000000,38.5,36.0,31.0,19234.0,182.0,60175.0,36.0,40.0,37.0,11.0,37.5,2.0,38.5,17.0,42.0,22.0,33.0,25.0,32.5,10.0,32.0,40.0,31.5,27.0,30.5,5.0
2023-04-27 21:00:35.0,1682600435000000000,38.5,36.0,31.0,19234.0,182.0,60175.0,36.0,40.0,37.0,11.0,37.5,2.0,38.5,17.0,42.0,22.0,33.0,26.0,32.5,10.0,32.0,40.0,31.5,27.0,30.5,5.0
2023-04-27 21:00:37.5,1682600437500000000,38.5,36.0,31.0,19234.0,182.0,60175.0,36.0,40.0,37.0,11.0,37.5,2.0,38.5,17.0,42.0,22.0,33.0,30.0,32.5,10.0,32.0,40.0,31.5,27.0,30.5,5.0
2023-04-27 21:00:38.5,1682600438500000000,38.5,36.0,31.0,19234.0,182.0,60175.0,36.0,40.0,37.0,11.0,37.5,2.0,38.5,17.0,42.0,22.0,33.0,31.0,32.5,10.0,32.0,40.0,31.5,27.0,30.5,5.0
2023-04-27 21:00:40.5,1682600440500000000,38.5,36.0,31.0,19234.0,182.0,60175.0,35.5,1.0,36.0,40.0,37.0,11.0,37.5,2.0,38.5,17.0,33.0,31.0,32.5,10.0,32.0,40.0,31.5,27.0,30.5,5.0
2023-04-27 21:00:41.5,1682600441500000000,38.5,36.0,31.0,19234.0,182.0,60175.0,35.5,1.0,36.0,40.0,37.0,11.0,37.5,2.0,38.5,17.0,33.5,5.0,33.0,31.0,32.5,10.0,32.0,40.0,31.5,27.0
2023-04-27 21:00:42.0,1682600442000000000,38.5,36.0,31.0,19234.0,187.0,61975.0,36.0,36.0,37.0,11.0,37.5,2.0,38.5,17.0,42.0,22.0,33.5,5.0,33.0,31.0,32.5,10.0,32.0,40.0,31.5,27.0
2023-04-27 21:00:42.25,1682600442250000000,38.5,36.0,31.0,19234.0,187.0,61975.0,36.0,36.0,37.0,11.0,37.5,2.0,38.5,17.0,42.0,22.0,33.5,5.0,33.0,32.0,32.5,12.0,32.0,40.0,31.5,27.0
2023-04-27 21:00:45.75,1682600445750000000,38.5,36.0,31.0,19234.0,187.0,61975.0,36.0,36.0,37.0,11.0,37.5,2.0,38.5,17.0,42.0,22.0,33.5,5.0,33.0,33.0,32.5,12.0,32.0,40.0,31.5,27.0
2023-04-27 21:00:46.0,1682600446000000000,38.5,36.0,31.0,19234.0,187.0,61975.0,36.0,35.0,37.0,11.0,37.5,2.0,38.5,17.0,42.0,22.0,33.5,5.0,33.0,33.0,32.5,12.0,32.0,40.0,31.5,27.0
2023-04-27 21:00:46.25,1682600446250000000,38.5,33.0,31.0,19234.0,202.0,66950.0,36.0,35.0,37.0,11.0,37.5,2.0,38.5,17.0,42.0,22.0,33.0,23.0,32.5,12.0,32.0,40.0,31.5,27.0,30.5,5.0
2023-04-27 21:00:48.0,1682600448000000000,38.5,33.0,31.0,19234.0,202.0,66950.0,36.0,35.0,37.0,11.0,37.5,2.0,38.5,17.0,42.0,22.0,35.0,2.0,33.0,23.0,32.5,12.0,32.0,40.0,31.5,27.0
2023-04-27 21:00:48.25,1682600448250000000,38.5,36.0,31.0,19236.0,209.0,69450.0,36.0,30.0,37.0,11.0,37.5,2.0,38.5,17.0,42.0,22.0,33.0,23.0,32.5,12.0,32.0,40.0,31.5,27.0,30.5,5.0
2023-04-27 21:00:49.25,1682600449250000000,38.5,36.0,31.0,19236.0,209.0,69450.0,36.0,30.0,37.0,11.0,37.5,2.0,38.5,17.0,42.0,22.0,33.0,28.0,32.5,12.0,32.0,40.0,31.5,27.0,30.5,5.0
2023-04-27 21:00:49.75,1682600449750000000,38.5,36.0,31.0,19236.0,209.0,69450.0,36.0,30.0,37.0,11.0,37.5,2.0,38.5,17.0,42.0,22.0,33.5,1.0,33.0,28.0,32.5,12.0,32.0,40.0,31.5,27.0
2023-04-27 21:00:52.75,1682600452750000000,38.5,36.0,31.0,19236.0,209.0,69450.0,36.0,30.0,37.0,11.0,37.5,2.0,38.5,17.0,42.0,22.0,33.5,1.0,33.0,27.0,32.5,12.0,32.0,40.0,31.5,27.0
2023-04-27 21:00:53.25,1682600453250000000,38.5,36.0,31.0,19236.0,229.0,76650.0,36.0,10.0,37.0,11.0,37.5,2.0,38.5,17.0,42.0,22.0,33.5,1.0,33.0,27.0,32.5,12.0,32.0,40.0,31.5,27.0
2023-04-27 21:00:53.75,1682600453750000000,38.5,36.0,31.0,19236.0,229.0,76650.0,36.0,10.0,37.0,11.0,37.5,2.0,38.5,17.0,42.0,22.0,33.5,2.0,33.0,27.0,32.5,12.0,32.0,40.0,31.5,27.0
2023-04-27 21:00:57.25,1682600457250000000,38.5,36.0,31.0,19236.0,229.0,76650.0,36.0,10.0,37.0,11.0,37.5,2.0,38.5,17.0,42.0,22.0,34.5,5.0,33.5,3.0,33.0,27.0,32.5,12.0,32.0,40.0
2023-04-27 21:00:57.5,1682600457500000000,38.5,34.5,31.0,19241.0,234.0,78375.0,36.0,10.0,37.0,11.0,37.5,2.0,38.5,17.0,42.0,22.0,33.5,3.0,33.0,27.0,32.5,12.0,32.0,40.0,31.5,27.0
2023-04-27 21:00:57.75,1682600457750000000,38.5,36.0,31.0,19241.0,244.0,81975.0,37.0,11.0,37.5,2.0,38.5,17.0,42.0,22.0,43.0,2.0,33.5,3.0,33.0,27.0,32.5,12.0,32.0,10.0,31.5,27.0
2023-04-27 21:00:58.25,1682600458250000000,38.5,36.0,31.0,19241.0,244.0,81975.0,36.0,1.0,37.0,11.0,37.5,2.0,38.5,17.0,42.0,22.0,33.5,3.0,33.0,27.0,32.5,12.0,32.0,10.0,31.5,27.0
2023-04-27 21:01:00.5,1682600460500000000,38.5,36.0,31.0,19241.0,244.0,81975.0,36.0,1.0,37.0,11.0,37.5,2.0,38.5,17.0,42.0,22.0,33.5,3.0,33.0,28.0,32.5,12.0,32.0,10.0,31.5,27.0
2023-04-27 21:01:04.0,1682600464000000000,38.5,36.0,31.0,19241.0,244.0,81975.0,36.0,1.0,37.0,11.0,37.5,2.0,38.5,17.0,42.0,22.0,34.0,1.0,33.5,3.0,33.0,28.0,32.5,12.0,32.0,10.0
2023-04-27 21:01:04.25,1682600464250000000,38.5,36.0,31.0,19241.0,244.0,81975.0,35.5,9.0,36.0,1.0,37.0,11.0,37.5,2.0,38.5,17.0,34.0,1.0,33.5,3.0,33.0,37.0,32.5,12.0,32.0,10.0
2023-04-27 21:01:04.5,1682600464500000000,38.5,36.0,31.0,19241.0,244.0,81975.0,35.5,9.0,36.0,1.0,37.0,3.0,37.5,2.0,38.5,17.0,34.0,1.0,33.5,3.0,33.0,37.0,32.5,12.0,32.0,10.0
2023-04-27 21:01:05.5,1682600465500000000,38.5,36.0,31.0,19241.0,244.0,81975.0,35.5,9.0,36.0,1.0,37.0,3.0,37.5,2.0,38.5,17.0,34.0,1.0,33.5,12.0,33.0,37.0,32.5,12.0,32.0,10.0
2023-04-27 21:01:06.75,1682600466750000000,38.5,36.0,31.0,19241.0,244.0,81975.0,35.5,9.0,36.0,1.0,37.0,1.0,37.5,2.0,38.5,17.0,34.0,1.0,33.5,12.0,33.0,37.0,32.5,12.0,32.0,10.0
2023-04-27 21:01:07.5,1682600467500000000,38.5,34.0,31.0,19241.0,245.0,82315.0,34.0,65.0,35.5,9.0,36.0,1.0,37.0,1.0,37.5,2.0,33.5,12.0,33.0,37.0,32.5,12.0,32.0,10.0,31.5,27.0
2023-04-27 21:01:08.0,1682600468000000000,38.5,34.0,31.0,19241.0,255.0,85715.0,34.0,55.0,35.5,27.0,36.0,1.0,37.0,1.0,37.5,2.0,33.5,12.0,33.0,37.0,32.5,30.0,32.0,10.0,31.5,27.0
2023-04-27 21:01:08.25,1682600468250000000,38.5,34.0,31.0,19241.0,258.0,86735.0,34.0,52.0,35.5,27.0,36.0,1.0,37.0,1.0,37.5,2.0,33.5,12.0,33.0,37.0,32.5,30.0,32.0,10.0,31.5,27.0
2023-04-27 21:01:08.5,1682600468500000000,38.5,34.0,31.0,19241.0,258.0,86735.0,34.0,52.0,35.5,27.0,36.0,1.0,37.0,1.0,37.5,2.0,33.5,12.0,33.0,32.0,32.5,30.0,32.0,10.0,31.5,27.0
2023-04-27 21:01:09.5,1682600469500000000,38.5,34.0,31.0,19241.0,258.0,86735.0,34.0,52.0,35.5,9.0,36.0,1.0,37.0,1.0,37.5,2.0,33.5,12.0,33.0,32.0,32.5,12.0,32.0,10.0,31.5,27.0
2023-04-27 21:01:10.25,1682600470250000000,38.5,34.0,31.0,19241.0,258.0,86735.0,34.0,52.0,36.0,1.0,37.0,1.0,37.5,2.0,38.5,17.0,33.5,12.0,33.0,32.0,32.5,12.0,32.0,10.0,31.5,27.0
2023-04-27 21:01:10.5,1682600470500000000,38.5,33.5,31.0,19232.0,271.0,91090.0,33.5,2.0,34.0,52.0,36.0,1.0,37.0,1.0,37.5,2.0,33.0,32.0,32.5,12.0,32.0,10.0,31.5,27.0,31.0,10.0
2023-04-27 21:01:10.75,1682600470750000000,38.5,33.5,31.0,19230.0,273.0,91760.0,34.0,52.0,36.0,1.0,37.0,1.0,37.5,2.0,38.5,17.0,33.0,32.0,32.5,12.0,32.0,10.0,31.5,27.0,31.0,10.0
2023-04-27 21:01:11.25,1682600471250000000,38.5,33.5,31.0,19230.0,273.0,91760.0,34.0,54.0,36.0,1.0,37.0,1.0,37.5,2.0,38.5,17.0,33.0,32.0,32.5,12.0,32.0,10.0,31.5,27.0,31.0,10.0
2023-04-27 21:01:11.75,1682600471750000000,38.5,33.5,31.0,19230.0,273.0,91760.0,34.0,54.0,36.0,1.0,37.0,1.0,37.5,2.0,38.5,17.0,33.5,9.0,33.0,32.0,32.5,12.0,32.0,10.0,31.5,27.0
2023-04-27 21:01:12.0,1682600472000000000,38.5,33.5,31.0,19221.0,282.0,94775.0,33.5,41.0,34.0,54.0,36.0,1.0,37.0,1.0,37.5,2.0,33.0,32.0,32.5,12.0,32.0,10.0,31.5,27.0,31.0,10.0
2023-04-27 21:01:12.5,1682600472500000000,38.5,33.5,31.0,19221.0,282.0,94775.0,33.5,41.0,34.0,54.0,36.0,1.0,37.0,1.0,37.5,2.0,33.0,32.0,32.5,12.0,32.0,15.0,31.5,27.0,31.0,10.0
2023-04-27 21:01:12.75,1682600472750000000,38.5,33.5,31.0,19221.0,287.0,96450.0,33.5,36.0,34.0,54.0,36.0,1.0,37.0,1.0,37.5,2.0,33.0,32.0,32.5,12.0,32.0,15.0,31.5,27.0,31.0,10.0
2023-04-27 21:01:13.0,1682600473000000000,38.5,33.5,31.0,19221.0,295.0,99130.0,33.5,28.0,34.0,54.0,36.0,1.0,37.0,1.0,37.5,2.0,33.0,32.0,32.5,12.0,32.0,15.0,31.5,27.0,31.0,10.0
2023-04-27 21:01:14.5,1682600474500000000,38.5,33.5,31.0,19211.0,305.0,102480.0,33.5,18.0,34.0,54.0,36.0,1.0,37.0,1.0,37.5,2.0,33.0,32.0,32.5,12.0,32.0,15.0,31.5,27.0,31.0,10.0
2023-04-27 21:01:15.0,1682600475000000000,38.5,33.0,31.0,19211.0,307.0,103140.0,33.5,18.0,34.0,54.0,34.5,9.0,36.0,1.0,37.0,1.0,33.0,30.0,32.5,12.0,32.0,15.0,31.5,27.0,31.0,10.0
2023-04-27 21:01:16.25,1682600476250000000,38.5,33.0,31.0,19211.0,308.0,103470.0,33.5,18.0,34.0,54.0,34.5,9.0,36.0,1.0,37.0,1.0,33.0,29.0,32.5,12.0,32.0,15.0,31.5,27.0,31.0,10.0
2023-04-27 21:01:17.0,1682600477000000000,38.5,33.0,31.0,19211.0,308.0,103470.0,33.5,18.0,34.0,54.0,36.0,1.0,37.0,1.0,37.5,2.0,33.0,29.0,32.5,12.0,32.0,15.0,31.5,27.0,31.0,10.0
2023-04-27 21:01:17.75,1682600477750000000,38.5,33.5,31.0,19193.0,326.0,109500.0,34.0,54.0,36.0,1.0,37.0,1.0,37.5,2.0,38.5,17.0,33.0,29.0,32.5,12.0,32.0,15.0,31.5,27.0,31.0,10.0
2023-04-27 21:01:18.0,1682600478000000000,38.5,33.5,31.0,19193.0,326.0,109500.0,34.0,54.0,35.0,9.0,36.0,1.0,37.0,1.0,37.5,2.0,33.0,29.0,32.5,12.0,32.0,15.0,31.5,27.0,31.0,10.0
2023-04-27 21:01:21.25,1682600481250000000,38.5,33.5,31.0,19193.0,326.0,109500.0,34.0,54.0,35.0,9.0,36.0,1.0,37.0,1.0,37.5,2.0,33.0,25.0,32.5,12.0,32.0,15.0,31.5,27.0,31.0,10.0
2023-04-27 21:01:21.75,1682600481750000000,38.5,33.5,31.0,19193.0,326.0,109500.0,34.0,54.0,34.5,9.0,35.0,9.0,36.0,1.0,37.0,1.0,33.0,25.0,32.5,12.0,32.0,15.0,31.5,27.0,31.0,10.0
2023-04-27 21:01:22.0,1682600482000000000,38.5,33.5,31.0,19193.0,326.0,109500.0,34.0,54.0,34.5,9.0,35.0,9.0,36.0,1.0,37.0,1.0,33.5,8.0,33.0,16.0,32.5,12.0,32.0,24.0,31.5,27.0
2023-04-27 21:01:22.5,1682600482500000000,38.5,33.5,31.0,19193.0,326.0,109500.0,34.0,63.0,34.5,9.0,36.0,1.0,37.0,1.0,37.5,2.0,33.5,8.0,33.0,16.0,32.5,12.0,32.0,24.0,31.5,27.0
2023-04-27 21:01:22.75,1682600482750000000,38.5,33.0,31.0,19193.0,346.0,116140.0,34.0,63.0,34.5,9.0,36.0,1.0,37.0,1.0,37.5,2.0,33.0,4.0,32.5,12.0,32.0,24.0,31.5,27.0,31.0,10.0
2023-04-27 21:01:23.25,1682600483250000000,38.5,33.0,31.0,19193.0,346.0,116140.0,34.0,63.0,34.5,9.0,36.0,1.0,37.0,1.0,37.5,2.0,33.0,4.0,32.5,21.0,32.0,24.0,31.5,27.0,31.0,10.0
2023-04-27 21:01:24.0,1682600484000000000,38.5,34.0,31.0,19193.0,347.0,116480.0,34.0,62.0,34.5,9.0,36.0,1.0,37.0,1.0,37.5,2.0,33.0,4.0,32.5,21.0,32.0,24.0,31.5,27.0,31.0,10.0
2023-04-27 21:01:24.5,1682600484500000000,38.5,34.0,31.0,19193.0,347.0,116480.0,34.0,53.0,34.5,9.0,36.0,1.0,37.0,1.0,37.5,2.0,33.5,10.0,33.0,13.0,32.5,21.0,32.0,15.0,31.5,27.0
2023-04-27 21:01:24.75,1682600484750000000,38.5,34.0,31.0,19193.0,351.0,117840.0,34.0,49.0,34.5,9.0,36.0,1.0,37.0,1.0,37.5,2.0,33.5,10.0,33.0,13.0,32.5,21.0,32.0,15.0,31.5,27.0
2023-04-27 21:01:25.5,1682600485500000000,38.5,33.5,31.0,19193.0,352.0,118175.0,34.0,49.0,34.5,9.0,36.0,1.0,37.0,1.0,37.5,2.0,33.5,9.0,33.0,13.0,32.5,21.0,32.0,15.0,31.5,27.0
2023-04-27 21:01:26.0,1682600486000000000,38.5,33.5,31.0,19193.0,352.0,118175.0,34.0,49.0,35.0,1.0,36.0,1.0,37.0,1.0,37.5,2.0,33.5,9.0,33.0,13.0,32.5,21.0,32.0,15.0,31.5,27.0
2023-04-27 21:01:26.75,1682600486750000000,38.5,33.5,31.0,19193.0,352.0,118175.0,34.0,49.0,35.0,10.0,36.0,1.0,37.0,1.0,37.5,2.0,33.5,18.0,33.0,13.0,32.5,12.0,32.0,15.0,31.5,27.0
2023-04-27 21:01:27.75,1682600487750000000,38.5,33.5,31.0,19193.0,352.0,118175.0,34.0,47.0,35.0,10.0,36.0,1.0,37.0,1.0,37.5,2.0,33.5,18.0,33.0,13.0,32.5,12.0,32.0,15.0,31.5,27.0
2023-04-27 21:01:28.75,1682600488750000000,38.5,33.5,31.0,19193.0,352.0,118175.0,34.0,47.0,35.0,10.0,36.0,1.0,37.0,1.0,37.5,2.0,33.5,18.0,33.0,14.0,32.5,12.0,32.0,15.0,31.5,27.0
2023-04-27 21:01:31.75,1682600491750000000,38.5,34.0,31.0,19193.0,356.0,119535.0,34.0,43.0,35.0,10.0,36.0,1.0,37.0,1.0,37.5,2.0,33.5,18.0,33.0,14.0,32.5,12.0,32.0,15.0,31.5,27.0
2023-04-27 21:01:32.0,1682600492000000000,38.5,33.5,31.0,19193.0,358.0,120205.0,34.0,43.0,35.0,10.0,36.0,1.0,37.0,1.0,37.5,2.0,33.5,16.0,33.0,14.0,32.5,12.0,32.0,15.0,31.5,27.0
2023-04-27 21:01:32.5,1682600492500000000,38.5,34.0,31.0,19193.0,401.0,134825.0,35.0,10.0,36.0,1.0,37.0,1.0,37.5,2.0,38.5,17.0,34.0,4.0,33.5,16.0,33.0,14.0,32.5,12.0,32.0,15.0
2023-04-27 21:01:32.75,1682600492750000000,38.5,34.0,31.0,19193.0,401.0,134825.0,35.0,1.0,36.0,10.0,37.0,1.0,37.5,2.0,38.5,17.0,34.0,4.0,33.5,17.0,33.0,14.0,32.5,12.0,32.0,15.0
2023-04-27 21:01:33.25,1682600493250000000,38.5,34.0,31.0,19193.0,401.0,134825.0,35.0,1.0,36.0,10.0,37.0,1.0,37.5,2.0,38.5,17.0,34.0,13.0,33.5,17.0,33.0,5.0,32.5,12.0,32.0,15.0
2023-04-27 21:01:33.5,1682600493500000000,38.5,34.0,31.0,19193.0,401.0,134825.0,35.0,1.0,36.0,10.0,37.0,1.0,37.5,2.0,38.5,17.0,34.0,13.0,33.5,18.0,33.0,5.0,32.5,12.0,32.0,15.0
2023-04-27 21:01:34.25,1682600494250000000,38.5,35.0,31.0,19193.0,402.0,135175.0,36.0,28.0,37.0,1.0,37.5,2.0,38.5,17.0,42.0,22.0,34.0,13.0,33.5,36.0,33.0,5.0,32.5,12.0,32.0,15.0
2023-04-27 21:01:34.5,1682600494500000000,38.5,35.0,31.0,19193.0,402.0,135175.0,35.5,9.0,36.0,10.0,37.0,1.0,37.5,2.0,38.5,17.0,34.0,4.0,33.5,9.0,33.0,5.0,32.5,12.0,32.0,15.0
2023-04-27 21:01:34.75,1682600494750000000,38.5,35.0,31.0,19193.0,402.0,135175.0,35.5,9.0,36.0,10.0,37.0,1.0,37.5,2.0,38.5,17.0,35.0,5.0,34.0,4.0,33.5,9.0,33.0,5.0,32.5,12.0
2023-04-27 21:01:35.0,1682600495000000000,38.5,35.0,31.0,19198.0,407.0,136925.0,35.5,9.0,36.0,10.0,37.0,1.0,37.5,2.0,38.5,17.0,34.0,4.0,33.5,9.0,33.0,5.0,32.5,12.0,32.0,15.0
2023-04-27 21:01:35.25,1682600495250000000,38.5,35.0,31.0,19198.0,407.0,136925.0,35.5,9.0,36.0,10.0,37.0,1.0,37.5,2.0,38.5,17.0,34.0,4.0,33.5,9.0,33.0,14.0,32.5,12.0,32.0,15.0
2023-04-27 21:01:37.75,1682600497750000000,38.5,35.0,31.0,19198.0,407.0,136925.0,35.5,9.0,36.0,10.0,37.0,1.0,37.5,2.0,38.5,17.0,34.0,4.0,33.5,18.0,33.0,14.0,32.5,12.0,32.0,15.0
2023-04-27 21:01:38.25,1682600498250000000,38.5,35.0,31.0,19198.0,407.0,136925.0,35.5,9.0,36.0,10.0,37.0,1.0,37.5,2.0,38.5,17.0,34.5,1.0,34.0,4.0,33.5,18.0,33.0,14.0,32.5,12.0
2023-04-27 21:01:39.75,1682600499750000000,38.5,35.0,31.0,19198.0,407.0,136925.0,35.5,9.0,36.0,10.0,37.0,1.0,37.5,2.0,38.5,17.0,34.5,1.0,33.5,18.0,33.0,14.0,32.5,12.0,32.0,15.0
2023-04-27 21:01:41.25,1682600501250000000,38.5,35.0,31.0,19198.0,407.0,136925.0,35.5,9.0,36.0,10.0,37.0,1.0,37.5,2.0,38.5,17.0,34.5,1.0,34.0,9.0,33.5,18.0,33.0,5.0,32.5,12.0
2023-04-27 21:01:42.75,1682600502750000000,38.5,35.0,31.0,19198.0,407.0,136925.0,36.0,10.0,37.0,1.0,37.5,2.0,38.5,17.0,42.0,22.0,34.5,1.0,34.0,9.0,33.5,18.0,33.0,5.0,32.5,12.0
2023-04-27 21:01:45.0,1682600505000000000,38.5,35.0,31.0,19198.0,407.0,136925.0,36.0,10.0,37.0,1.0,37.5,2.0,38.5,17.0,42.0,22.0,34.5,1.0,34.0,29.0,33.5,18.0,33.0,5.0,32.5,12.0
2023-04-27 21:01:45.25,1682600505250000000,38.5,35.0,31.0,19198.0,407.0,136925.0,36.0,10.0,37.0,1.0,37.5,2.0,38.5,17.0,42.0,22.0,34.5,10.0,34.0,29.0,33.5,9.0,33.0,5.0,32.5,12.0
2023-04-27 21:01:46.25,1682600506250000000,38.5,35.0,31.0,19198.0,407.0,136925.0,36.0,10.0,37.0,1.0,37.5,2.0,38.5,17.0,42.0,22.0,34.5,11.0,34.0,29.0,33.5,9.0,33.0,5.0,32.5,12.0
2023-04-27 21:01:46.5,1682600506500000000,38.5,35.0,31.0,19198.0,407.0,136925.0,36.0,1.0,37.0,10.0,37.5,2.0,38.5,17.0,42.0,22.0,35.0,9.0,34.5,11.0,34.0,20.0,33.5,9.0,33.0,5.0
2023-04-27 21:01:48.5,1682600508500000000,38.5,36.0,31.0,19198.0,408.0,137285.0,37.0,10.0,37.5,2.0,38.5,17.0,42.0,22.0,43.0,2.0,35.0,9.0,34.5,10.0,34.0,20.0,33.5,9.0,33.0,5.0
2023-04-27 21:01:49.25,1682600509250000000,38.5,36.0,31.0,19198.0,408.0,137285.0,37.0,10.0,37.5,2.0,38.5,17.0,42.0,22.0,43.0,2.0,35.0,18.0,34.5,10.0,34.0,20.0,33.5,9.0,33.0,5.0
2023-04-27 21:01:49.75,1682600509750000000,38.5,36.0,31.0,19198.0,408.0,137285.0,36.5,9.0,37.0,10.0,37.5,2.0,38.5,17.0,42.0,22.0,35.0,18.0,34.5,10.0,34.0,20.0,33.5,9.0,33.0,5.0
2023-04-27 21:01:51.0,1682600511000000000,38.5,36.0,31.0,19198.0,408.0,137285.0,36.5,9.0,37.0,10.0,37.5,2.0,38.5,17.0,42.0,22.0,35.5,1.0,35.0,23.0,34.5,10.0,34.0,20.0,33.5,9.0
2023-04-27 21:01:53.5,1682600513500000000,38.5,36.0,31.0,19198.0,408.0,137285.0,37.0,10.0,37.5,2.0,38.5,17.0,42.0,22.0,43.0,2.0,35.5,10.0,35.0,23.0,34.5,1.0,34.0,20.0,33.5,9.0
2023-04-27 21:01:53.75,1682600513750000000,38.5,36.0,31.0,19198.0,408.0,137285.0,37.0,1.0,37.5,2.0,38.5,1.0,42.0,22.0,43.0,2.0,36.0,9.0,35.5,10.0,35.0,14.0,34.5,1.0,34.0,20.0
2023-04-27 21:01:54.0,1682600514000000000,38.5,37.0,31.0,19197.0,409.0,137655.0,37.5,2.0,38.5,1.0,42.0,22.0,43.0,2.0,45.0,210.0,36.0,9.0,35.5,10.0,35.0,14.0,34.5,1.0,34.0,20.0
2023-04-27 21:01:54.25,1682600514250000000,38.5,37.0,31.0,19197.0,409.0,137655.0,37.5,2.0,38.5,10.0,42.0,22.0,43.0,2.0,45.0,210.0,36.0,9.0,35.5,10.0,35.0,14.0,34.5,1.0,34.0,20.0
2023-04-27 21:01:54.5,1682600514500000000,38.5,37.0,31.0,19197.0,409.0,137655.0,37.5,2.0,38.5,10.0,42.0,22.0,43.0,2.0,45.0,210.0,36.5,1.0,36.0,14.0,35.5,9.0,35.0,14.0,34.5,1.0
2023-04-27 21:01:55.25,1682600515250000000,38.5,37.0,31.0,19197.0,409.0,137655.0,37.5,2.0,38.5,10.0,42.0,22.0,43.0,2.0,45.0,210.0,36.5,1.0,36.0,15.0,35.5,9.0,35.0,14.0,34.5,1.0
2023-04-27 21:01:55.75,1682600515750000000,38.5,37.0,31.0,19197.0,409.0,137655.0,37.5,2.0,38.5,10.0,39.0,1.0,42.0,22.0,43.0,2.0,36.5,1.0,36.0,15.0,35.5,9.0,35.0,14.0,34.5,1.0
2023-04-27 21:01:56.25,1682600516250000000,38.5,37.0,31.0,19197.0,409.0,137655.0,37.5,2.0,38.0,9.0,38.5,10.0,39.0,1.0,42.0,22.0,36.5,1.0,36.0,15.0,35.5,9.0,35.0,14.0,34.5,1.0
2023-04-27 21:01:56.5,1682600516500000000,38.5,37.0,31.0,19197.0,409.0,137655.0,37.5,2.0,38.0,9.0,38.5,10.0,39.0,1.0,42.0,22.0,37.0,10.0,36.5,1.0,36.0,15.0,35.5,9.0,35.0,14.0
2023-04-27 21:01:56.75,1682600516750000000,38.5,37.0,31.0,19197.0,409.0,137655.0,37.5,11.0,38.0,9.0,38.5,1.0,39.0,1.0,42.0,22.0,37.0,10.0,36.5,1.0,36.0,15.0,35.5,9.0,35.0,14.0
2023-04-27 21:01:57.25,1682600517250000000,38.5,37.0,31.0,19207.0,419.0,141355.0,37.5,11.0,38.0,9.0,38.5,1.0,39.0,1.0,42.0,22.0,36.5,1.0,36.0,6.0,35.5,9.0,35.0,14.0,34.5,1.0
2023-04-27 21:01:57.75,1682600517750000000,38.5,37.5,31.0,19206.0,420.0,141730.0,37.5,10.0,38.0,9.0,38.5,1.0,39.0,1.0,42.0,22.0,36.5,1.0,36.0,5.0,35.5,9.0,35.0,15.0,34.5,1.0
2023-04-27 21:01:58.0,1682600518000000000,38.5,37.5,31.0,19206.0,420.0,141730.0,37.5,10.0,38.0,9.0,38.5,1.0,39.0,1.0,42.0,22.0,36.5,2.0,36.0,5.0,35.5,9.0,35.0,15.0,34.5,1.0
2023-04-27 21:01:59.25,1682600519250000000,38.5,37.5,31.0,19206.0,420.0,141730.0,37.5,10.0,38.0,9.0,38.5,1.0,39.0,1.0,42.0,22.0,36.5,2.0,36.0,5.0,35.5,9.0,35.0,42.0,34.5,1.0
2023-04-27 21:02:02.25,1682600522250000000,38.5,37.5,31.0,19206.0,421.0,142105.0,37.5,9.0,38.0,9.0,38.5,1.0,39.0,1.0,42.0,22.0,36.5,2.0,36.0,5.0,35.5,9.0,35.0,42.0,34.5,1.0
2023-04-27 21:02:02.5,1682600522500000000,38.5,37.5,31.0,19206.0,421.0,142105.0,37.5,9.0,38.0,9.0,38.5,1.0,39.0,1.0,42.0,22.0,36.5,2.0,35.5,9.0,35.0,42.0,34.5,1.0,34.0,20.0
2023-04-27 21:02:02.75,1682600522750000000,38.5,36.5,31.0,19208.0,423.0,142835.0,37.5,9.0,38.0,9.0,38.5,1.0,39.0,1.0,42.0,22.0,37.0,1.0,35.5,9.0,35.0,42.0,34.5,1.0,34.0,20.0
2023-04-27 21:02:03.0,1682600523000000000,38.5,37.0,31.0,19209.0,424.0,143205.0,37.5,9.0,38.0,9.0,38.5,1.0,39.0,1.0,42.0,22.0,35.5,9.0,35.0,42.0,34.5,1.0,34.0,20.0,33.5,9.0
2023-04-27 21:02:04.5,1682600524500000000,38.5,37.0,31.0,19209.0,424.0,143205.0,37.5,9.0,38.0,9.0,38.5,1.0,39.0,1.0,42.0,22.0,35.5,9.0,35.0,38.0,34.5,1.0,34.0,20.0,33.5,9.0
2023-04-27 21:02:06.0,1682600526000000000,38.5,37.5,31.0,19210.0,425.0,143580.0,37.5,8.0,38.0,9.0,38.5,1.0,39.0,1.0,42.0,22.0,35.5,9.0,35.0,38.0,34.5,1.0,34.0,20.0,33.5,9.0
2023-04-27 21:02:06.25,1682600526250000000,38.5,38.0,31.0,19220.0,435.0,147340.0,38.0,20.0,38.5,1.0,39.0,19.0,42.0,22.0,43.0,18.0,36.0,18.0,35.5,9.0,35.0,38.0,34.5,1.0,34.0,20.0
2023-04-27 21:02:06.5,1682600526500000000,38.5,38.0,31.0,19220.0,435.0,147340.0,38.0,20.0,38.5,1.0,39.0,1.0,42.0,22.0,43.0,18.0,35.5,9.0,35.0,38.0,34.5,1.0,34.0,20.0,33.5,9.0
2023-04-27 21:02:07.0,1682600527000000000,38.5,38.0,31.0,19220.0,435.0,147340.0,38.0,20.0,38.5,1.0,39.0,1.0,42.0,22.0,43.0,18.0,36.0,1.0,35.5,9.0,35.0,38.0,34.5,1.0,34.0,20.0
2023-04-27 21:02:07.75,1682600527750000000,38.5,38.0,31.0,19220.0,435.0,147340.0,38.0,20.0,38.5,1.0,39.0,1.0,42.0,22.0,43.0,18.0,36.0,6.0,35.5,9.0,35.0,38.0,34.5,1.0,34.0,20.0
2023-04-27 21:02:08.5,1682600528500000000,38.5,38.0,31.0,19220.0,435.0,147340.0,38.0,20.0,38.5,1.0,39.0,1.0,40.0,10.0,42.0,22.0,36.0,6.0,35.5,9.0,35.0,38.0,34.5,1.0,34.0,20.0
2023-04-27 21:02:09.25,1682600529250000000,38.5,38.0,31.0,19220.0,435.0,147340.0,38.0,20.0,38.5,1.0,39.0,1.0,40.0,10.0,42.0,22.0,36.0,15.0,35.5,9.0,35.0,38.0,34.5,1.0,34.0,20.0
2023-04-27 21:02:09.5,1682600529500000000,38.5,38.0,31.0,19221.0,436.0,147720.0,38.0,19.0,38.5,1.0,39.0,1.0,40.0,10.0,42.0,22.0,36.0,15.0,35.5,9.0,35.0,38.0,34.5,1.0,34.0,20.0
2023-04-27 21:02:10.25,1682600530250000000,38.5,38.0,31.0,19222.0,437.0,148100.0,38.0,18.0,38.5,1.0,39.0,1.0,40.0,10.0,42.0,22.0,36.0,15.0,35.5,9.0,35.0,38.0,34.5,1.0,34.0,20.0
2023-04-27 21:02:10.5,1682600530500000000,38.5,38.0,31.0,19222.0,437.0,148100.0,38.0,18.0,38.5,1.0,39.0,1.0,40.0,10.0,42.0,22.0,37.5,5.0,36.0,15.0,35.5,9.0,35.0,38.0,34.5,1.0
2023-04-27 21:02:10.75,1682600530750000000,38.5,37.5,31.0,19222.0,438.0,148475.0,38.0,18.0,39.0,1.0,40.0,10.0,42.0,22.0,43.0,19.0,37.5,4.0,36.0,15.0,35.5,9.0,35.0,38.0,34.5,1.0
2023-04-27 21:02:11.0,1682600531000000000,38.5,38.0,31.0,19223.0,439.0,148855.0,38.0,17.0,39.0,1.0,40.0,10.0,42.0,22.0,43.0,19.0,37.5,4.0,36.0,17.0,35.5,9.0,35.0,38.0,34.5,1.0
2023-04-27 21:02:11.25,1682600531250000000,38.5,37.5,31.0,19227.0,443.0,150355.0,38.0,17.0,39.0,1.0,40.0,10.0,42.0,22.0,43.0,19.0,36.0,17.0,35.5,9.0,35.0,38.0,34.5,1.0,34.0,20.0
2023-04-27 21:02:11.5,1682600531500000000,38.5,36.0,31.0,19218.0,460.0,156475.0,36.0,43.0,38.0,17.0,39.0,1.0,40.0,10.0,42.0,22.0,35.5,9.0,35.0,38.0,34.5,1.0,34.0,20.0,33.5,9.0
2023-04-27 21:02:11.75,1682600531750000000,38.5,36.0,31.0,19218.0,462.0,157195.0,36.0,41.0,37.0,9.0,38.0,17.0,39.0,1.0,40.0,10.0,35.5,9.0,35.0,38.0,34.5,1.0,34.0,20.0,33.5,9.0
2023-04-27 21:02:12.25,1682600532250000000,38.5,36.0,31.0,19218.0,464.0,157915.0,36.0,39.0,37.0,9.0,38.0,17.0,39.0,1.0,40.0,10.0,35.5,9.0,35.0,38.0,34.5,1.0,34.0,20.0,33.5,9.0
2023-04-27 21:02:15.0,1682600535000000000,38.5,36.0,31.0,19218.0,484.0,165115.0,36.0,19.0,37.0,9.0,38.0,17.0,39.0,1.0,40.0,10.0,35.5,9.0,35.0,38.0,34.5,1.0,34.0,20.0,33.5,9.0
2023-04-27 21:02:15.25,1682600535250000000,38.5,36.0,31.0,19218.0,490.0,167275.0,36.0,13.0,37.0,9.0,38.0,17.0,39.0,1.0,40.0,10.0,35.5,9.0,35.0,38.0,34.5,1.0,34.0,20.0,33.5,9.0
2023-04-27 21:02:15.5,1682600535500000000,38.5,36.0,31.0,19218.0,490.0,167275.0,36.0,13.0,37.0,9.0,38.0,22.0,39.0,1.0,40.0,10.0,35.5,9.0,35.0,38.0,34.5,1.0,34.0,20.0,33.5,9.0
2023-04-27 21:02:17.0,1682600537000000000,38.5,36.0,31.0,19218.0,503.0,171955.0,37.0,9.0,38.0,22.0,39.0,1.0,40.0,10.0,42.0,22.0,36.0,3.0,35.5,9.0,35.0,38.0,34.5,1.0,34.0,20.0
2023-04-27 21:02:21.25,1682600541250000000,38.5,36.0,31.0,19218.0,503.0,171955.0,37.0,9.0,38.0,22.0,39.0,1.0,40.0,10.0,42.0,22.0,35.5,9.0,35.0,38.0,34.5,1.0,34.0,20.0,33.5,9.0
2023-04-27 21:02:22.75,1682600542750000000,38.5,36.0,31.0,19218.0,503.0,171955.0,36.0,8.0,37.0,9.0,38.0,22.0,39.0,1.0,40.0,10.0,35.5,9.0,35.0,38.0,34.5,1.0,34.0,20.0,33.5,9.0
2023-04-27 21:02:23.0,1682600543000000000,38.5,36.0,31.0,19210.0,511.0,174835.0,37.0,9.0,38.0,22.0,39.0,1.0,40.0,10.0,42.0,22.0,35.5,9.0,35.0,38.0,34.5,1.0,34.0,20.0,33.5,9.0
2023-04-27 21:02:25.0,1682600545000000000,38.5,36.0,31.0,19210.0,511.0,174835.0,37.0,9.0,38.0,22.0,38.5,18.0,39.0,1.0,40.0,10.0,35.5,9.0,35.0,56.0,34.5,1.0,34.0,20.0,33.5,9.0
2023-04-27 21:02:25.75,1682600545750000000,38.5,36.0,31.0,19210.0,511.0,174835.0,37.0,9.0,38.0,22.0,38.5,18.0,39.0,1.0,40.0,10.0,35.5,9.0,35.0,56.0,34.5,6.0,34.0,20.0,33.5,9.0
2023-04-27 21:02:26.0,1682600546000000000,38.5,36.0,31.0,19210.0,511.0,174835.0,38.0,22.0,38.5,18.0,39.0,1.0,40.0,10.0,42.0,22.0,35.5,9.0,35.0,56.0,34.5,6.0,34.0,20.0,33.5,9.0
2023-04-27 21:02:27.75,1682600547750000000,38.5,36.0,31.0,19210.0,511.0,174835.0,37.5,9.0,38.0,22.0,38.5,18.0,39.0,1.0,40.0,10.0,35.5,9.0,35.0,56.0,34.5,6.0,34.0,20.0,33.5,9.0
2023-04-27 21:02:29.0,1682600549000000000,38.5,36.0,31.0,19210.0,511.0,174835.0,37.5,9.0,38.0,22.0,38.5,18.0,39.0,1.0,40.0,10.0,35.5,9.0,35.0,51.0,34.5,6.0,34.0,20.0,33.5,9.0
2023-04-27 21:02:32.25,1682600552250000000,38.5,36.0,31.0,19210.0,511.0,174835.0,37.5,9.0,38.0,22.0,38.5,18.0,39.0,1.0,40.0,10.0,36.5,2.0,35.5,9.0,35.0,51.0,34.5,6.0,34.0,20.0
2023-04-27 21:02:32.5,1682600552500000000,38.5,36.0,31.0,19210.0,512.0,175195.0,37.5,9.0,38.0,22.0,38.5,18.0,39.0,1.0,40.0,10.0,36.5,1.0,35.5,9.0,35.0,51.0,34.5,6.0,34.0,20.0
2023-04-27 21:02:33.0,1682600553000000000,38.5,36.0,31.0,19210.0,512.0,175195.0,37.5,9.0,38.0,22.0,38.5,18.0,39.0,1.0,40.0,10.0,36.5,1.0,36.0,1.0,35.5,9.0,35.0,51.0,34.5,6.0
2023-04-27 21:02:34.0,1682600554000000000,38.5,36.0,31.0,19210.0,512.0,175195.0,37.0,5.0,37.5,9.0,38.0,22.0,38.5,18.0,39.0,1.0,36.5,1.0,36.0,1.0,35.5,9.0,35.0,51.0,34.5,6.0
2023-04-27 21:02:35.5,1682600555500000000,38.5,36.0,31.0,19210.0,512.0,175195.0,37.0,5.0,37.5,9.0,38.0,22.0,38.5,18.0,39.0,1.0,36.5,1.0,36.0,41.0,35.5,9.0,35.0,51.0,34.5,6.0
2023-04-27 21:02:35.75,1682600555750000000,38.5,36.0,31.0,19210.0,512.0,175195.0,37.0,5.0,37.5,9.0,38.0,22.0,38.5,18.0,39.0,1.0,36.5,1.0,36.0,59.0,35.5,9.0,35.0,33.0,34.5,6.0
2023-04-27 21:02:36.25,1682600556250000000,38.5,36.0,31.0,19210.0,512.0,175195.0,37.0,14.0,37.5,9.0,38.0,18.0,38.5,18.0,39.0,1.0,36.5,1.0,36.0,59.0,35.5,9.0,35.0,33.0,34.5,6.0
2023-04-27 21:02:40.0,1682600560000000000,38.5,36.0,31.0,19210.0,512.0,175195.0,37.0,5.0,37.5,9.0,38.0,18.0,38.5,18.0,39.0,1.0,36.5,1.0,36.0,68.0,35.5,9.0,35.0,33.0,34.5,6.0
2023-04-27 21:02:40.75,1682600560750000000,38.5,36.0,31.0,19210.0,512.0,175195.0,37.0,7.0,37.5,9.0,38.0,18.0,38.5,18.0,39.0,1.0,36.5,1.0,36.0,68.0,35.5,9.0,35.0,33.0,34.5,6.0
2023-04-27 21:02:41.25,1682600561250000000,38.5,37.0,31.0,19210.0,517.0,177045.0,37.0,2.0,37.5,9.0,38.0,18.0,38.5,18.0,39.0,1.0,36.5,1.0,36.0,68.0,35.5,9.0,35.0,33.0,34.5,6.0
2023-04-27 21:02:42.75,1682600562750000000,38.5,37.0,31.0,19212.0,519.0,177780.0,37.0,10.0,37.5,9.0,38.0,18.0,38.5,18.0,39.0,1.0,36.0,59.0,35.0,33.0,34.5,6.0,34.0,20.0,33.5,9.0
2023-04-27 21:02:43.5,1682600563500000000,38.5,37.0,31.0,19212.0,519.0,177780.0,37.0,10.0,37.5,9.0,38.0,18.0,38.5,18.0,39.0,1.0,36.0,59.0,35.0,49.0,34.5,6.0,34.0,20.0,33.5,9.0
2023-04-27 21:02:43.75,1682600563750000000,38.5,37.0,31.0,19212.0,519.0,177780.0,37.0,10.0,37.5,9.0,38.0,18.0,38.5,18.0,40.0,10.0,36.0,59.0,35.0,58.0,34.5,6.0,34.0,20.0,33.5,9.0
2023-04-27 21:02:44.75,1682600564750000000,38.5,37.0,31.0,19212.0,519.0,177780.0,37.0,10.0,37.5,9.0,38.0,18.0,39.0,18.0,40.0,10.0,36.0,59.0,35.0,58.0,34.5,6.0,34.0,20.0,33.5,9.0
2023-04-27 21:02:45.5,1682600565500000000,38.5,37.0,31.0,19212.0,519.0,177780.0,37.0,10.0,37.5,9.0,38.0,18.0,38.5,18.0,40.0,10.0,36.0,59.0,35.0,58.0,34.5,6.0,34.0,20.0,33.5,9.0
2023-04-27 21:02:45.75,1682600565750000000,38.5,37.0,31.0,19212.0,519.0,177780.0,37.0,10.0,37.5,9.0,38.0,18.0,39.0,18.0,40.0,10.0,36.0,59.0,35.0,58.0,34.5,6.0,34.0,20.0,33.5,9.0
2023-04-27 21:02:46.0,1682600566000000000,38.5,37.0,31.0,19212.0,519.0,177780.0,37.0,10.0,37.5,9.0,38.0,18.0,39.0,18.0,40.0,10.0,36.0,62.0,35.0,58.0,34.5,6.0,34.0,20.0,33.5,9.0
2023-04-27 21:02:46.25,1682600566250000000,38.5,37.0,31.0,19212.0,519.0,177780.0,36.5,9.0,37.0,10.0,38.0,18.0,39.0,18.0,40.0,10.0,36.0,62.0,35.0,58.0,34.5,6.0,34.0,20.0,33.5,9.0
2023-04-27 21:02:46.5,1682600566500000000,38.5,37.0,31.0,19212.0,519.0,177780.0,36.5,9.0,37.0,10.0,38.0,18.0,38.5,18.0,40.0,10.0,36.0,62.0,35.0,58.0,34.5,6.0,34.0,20.0,33.5,9.0
2023-04-27 21:02:46.75,1682600566750000000,38.5,37.0,31.0,19215.0,522.0,178890.0,37.0,10.0,38.0,18.0,38.5,18.0,40.0,10.0,42.0,22.0,36.0,62.0,35.0,58.0,34.5,6.0,34.0,20.0,33.5,9.0
2023-04-27 21:02:47.5,1682600567500000000,38.5,37.0,31.0,19215.0,522.0,178890.0,37.0,10.0,38.0,18.0,38.5,18.0,40.0,10.0,42.0,22.0,36.0,62.0,35.0,31.0,34.5,6.0,34.0,20.0,33.5,9.0
2023-04-27 21:02:47.75,1682600567750000000,38.5,37.0,31.0,19215.0,522.0,178890.0,36.5,1.0,37.0,10.0,38.0,18.0,38.5,18.0,40.0,10.0,36.0,62.0,35.0,31.0,34.5,6.0,34.0,20.0,33.5,9.0
2023-04-27 21:02:48.0,1682600568000000000,38.5,36.5,31.0,19215.0,523.0,179255.0,37.0,10.0,38.0,18.0,38.5,18.0,40.0,10.0,42.0,22.0,36.0,62.0,35.0,31.0,34.5,6.0,34.0,20.0,33.5,9.0
2023-04-27 21:02:48.5,1682600568500000000,38.5,36.5,31.0,19215.0,523.0,179255.0,37.0,10.0,38.0,18.0,38.5,18.0,40.0,10.0,42.0,22.0,36.0,62.0,35.5,9.0,35.0,31.0,34.5,6.0,34.0,20.0
2023-04-27 21:02:48.75,1682600568750000000,38.5,36.5,31.0,19215.0,523.0,179255.0,37.0,10.0,38.0,18.0,38.5,18.0,40.0,10.0,42.0,22.0,36.0,22.0,35.5,9.0,35.0,31.0,34.5,6.0,34.0,20.0
2023-04-27 21:02:49.0,1682600569000000000,38.5,36.5,31.0,19215.0,523.0,179255.0,37.0,10.0,38.0,18.0,38.5,18.0,40.0,10.0,42.0,22.0,36.5,40.0,36.0,4.0,35.5,27.0,35.0,31.0,34.5,6.0
2023-04-27 21:02:49.25,1682600569250000000,38.5,36.5,31.0,19215.0,523.0,179255.0,37.0,10.0,38.0,18.0,38.5,18.0,40.0,10.0,42.0,22.0,36.5,58.0,36.0,4.0,35.5,9.0,35.0,31.0,34.5,6.0
2023-04-27 21:02:49.75,1682600569750000000,38.5,36.5,31.0,19215.0,523.0,179255.0,37.0,10.0,37.5,10.0,38.0,18.0,38.5,18.0,40.0,10.0,36.5,68.0,36.0,4.0,35.5,9.0,35.0,31.0,34.5,6.0
2023-04-27 21:02:50.0,1682600570000000000,38.5,37.0,31.0,19224.0,532.0,182585.0,37.0,1.0,37.5,10.0,38.0,18.0,38.5,18.0,40.0,10.0,36.5,68.0,36.0,4.0,35.5,9.0,35.0,31.0,34.5,6.0
2023-04-27 21:02:50.25,1682600570250000000,38.5,37.0,31.0,19224.0,532.0,182585.0,37.0,1.0,37.5,10.0,38.0,18.0,39.0,18.0,40.0,10.0,36.5,68.0,36.0,4.0,35.5,9.0,35.0,41.0,34.5,6.0
2023-04-27 21:02:51.5,1682600571500000000,38.5,37.0,31.0,19224.0,532.0,182585.0,37.5,10.0,38.0,18.0,38.5,9.0,39.0,18.0,40.0,10.0,36.5,68.0,36.0,4.0,35.5,9.0,35.0,41.0,34.5,6.0
2023-04-27 21:02:51.75,1682600571750000000,38.5,37.0,31.0,19224.0,532.0,182585.0,37.5,19.0,38.0,18.0,38.5,9.0,39.0,18.0,40.0,10.0,36.5,68.0,36.0,4.0,35.5,9.0,35.0,41.0,34.5,6.0
2023-04-27 21:02:52.0,1682600572000000000,38.5,37.0,31.0,19224.0,532.0,182585.0,37.5,9.0,38.0,28.0,38.5,9.0,39.0,18.0,40.0,10.0,37.0,10.0,36.5,58.0,36.0,4.0,35.5,9.0,35.0,41.0
2023-04-27 21:02:52.25,1682600572250000000,38.5,37.0,31.0,19224.0,532.0,182585.0,37.5,9.0,38.0,28.0,38.5,9.0,39.0,18.0,40.0,10.0,37.0,28.0,36.5,40.0,36.0,4.0,35.5,9.0,35.0,41.0
2023-04-27 21:02:54.75,1682600574750000000,38.5,37.0,31.0,19224.0,532.0,182585.0,37.5,9.0,38.0,28.0,38.5,9.0,39.0,18.0,40.0,10.0,37.0,28.0,36.5,40.0,36.0,13.0,35.5,9.0,35.0,32.0
2023-04-27 21:02:57.25,1682600577250000000,38.5,37.0,31.0,19224.0,532.0,182585.0,37.5,9.0,38.0,28.0,38.5,27.0,40.0,10.0,41.0,10.0,37.0,29.0,36.5,40.0,36.0,13.0,35.5,9.0,35.0,32.0
2023-04-27 21:02:57.5,1682600577500000000,38.5,37.0,31.0,19224.0,532.0,182585.0,37.5,9.0,38.0,28.0,38.5,9.0,39.0,18.0,40.0,10.0,37.0,29.0,36.5,40.0,36.0,13.0,35.5,9.0,35.0,32.0
2023-04-27 21:02:58.0,1682600578000000000,38.5,37.0,31.0,19224.0,532.0,182585.0,37.5,12.0,38.0,28.0,38.5,9.0,40.0,10.0,41.0,10.0,37.0,11.0,36.5,40.0,36.0,13.0,35.5,9.0,35.0,32.0
2023-04-27 21:02:58.25,1682600578250000000,38.5,37.0,31.0,19224.0,532.0,182585.0,37.5,12.0,38.0,28.0,38.5,9.0,39.5,10.0,40.0,10.0,37.0,11.0,36.5,40.0,36.0,13.0,35.5,19.0,35.0,32.0
2023-04-27 21:02:58.75,1682600578750000000,38.5,37.0,31.0,19224.0,532.0,182585.0,37.5,12.0,38.0,28.0,38.5,27.0,39.5,10.0,40.0,10.0,37.0,11.0,36.5,58.0,36.0,13.0,35.5,19.0,35.0,32.0
2023-04-27 21:02:59.5,1682600579500000000,38.5,37.0,31.0,19224.0,532.0,182585.0,37.5,12.0,38.0,46.0,38.5,9.0,39.5,10.0,40.0,10.0,37.0,11.0,36.5,58.0,36.0,13.0,35.5,19.0,35.0,32.0
2023-04-27 21:02:59.75,1682600579750000000,38.5,37.5,31.0,19225.0,533.0,182960.0,37.5,11.0,38.0,28.0,38.5,27.0,39.5,10.0,40.0,10.0,37.0,11.0,36.5,58.0,36.0,13.0,35.5,19.0,35.0,32.0
2023-04-27 21:03:00.5,1682600580500000000,38.5,37.5,31.0,19236.0,544.0,187085.0,38.0,28.0,38.5,27.0,39.5,10.0,40.0,10.0,41.0,10.0,37.5,14.0,37.0,11.0,36.5,58.0,36.0,13.0,35.5,19.0
2023-04-27 21:03:00.75,1682600580750000000,38.5,37.5,31.0,19236.0,544.0,187085.0,38.0,36.0,38.5,19.0,39.5,10.0,40.0,10.0,41.0,10.0,37.5,24.0,37.0,1.0,36.5,58.0,36.0,13.0,35.5,19.0
2023-04-27 21:03:01.0,1682600581000000000,38.5,37.5,31.0,19236.0,544.0,187085.0,38.0,36.0,38.5,19.0,39.5,10.0,40.0,10.0,41.0,10.0,37.5,14.0,37.0,11.0,36.5,58.0,36.0,13.0,35.5,19.0
2023-04-27 21:03:01.5,1682600581500000000,38.5,37.5,31.0,19236.0,544.0,187085.0,38.0,18.0,38.5,37.0,39.5,10.0,40.0,10.0,41.0,10.0,37.5,14.0,37.0,11.0,36.5,58.0,36.0,13.0,35.5,19.0
2023-04-27 21:03:01.75,1682600581750000000,38.5,37.5,31.0,19236.0,544.0,187085.0,38.0,36.0,38.5,19.0,39.5,10.0,40.0,10.0,41.0,10.0,37.5,14.0,37.0,11.0,36.5,58.0,36.0,13.0,35.5,19.0
2023-04-27 21:03:02.25,1682600582250000000,38.5,37.5,31.0,19236.0,544.0,187085.0,38.0,18.0,38.5,37.0,39.5,10.0,40.0,10.0,41.0,10.0,37.5,14.0,37.0,11.0,36.5,58.0,36.0,13.0,35.5,19.0
2023-04-27 21:03:02.5,1682600582500000000,38.5,37.5,31.0,19236.0,544.0,187085.0,38.0,36.0,38.5,19.0,39.5,10.0,40.0,10.0,41.0,10.0,37.5,14.0,37.0,11.0,36.5,58.0,36.0,13.0,35.5,19.0
2023-04-27 21:03:03.25,1682600583250000000,38.5,38.0,31.0,19246.0,554.0,190885.0,38.0,26.0,38.5,19.0,39.5,10.0,40.0,10.0,41.0,10.0,37.5,14.0,37.0,11.0,36.5,58.0,36.0,13.0,35.5,19.0
2023-04-27 21:03:03.5,1682600583500000000,38.5,38.0,31.0,19246.0,554.0,190885.0,38.0,8.0,38.5,37.0,39.5,10.0,40.0,10.0,41.0,10.0,37.5,14.0,37.0,11.0,36.5,58.0,36.0,13.0,35.5,19.0
2023-04-27 21:03:03.75,1682600583750000000,38.5,38.0,31.0,19246.0,554.0,190885.0,38.0,8.0,38.5,27.0,39.5,10.0,40.0,10.0,41.0,10.0,37.5,14.0,37.0,1.0,36.5,67.0,36.0,13.0,35.5,10.0
2023-04-27 21:03:04.25,1682600584250000000,38.5,38.0,31.0,19246.0,554.0,190885.0,38.0,8.0,38.5,9.0,39.5,10.0,40.0,10.0,41.0,10.0,37.5,14.0,37.0,1.0,36.5,49.0,36.0,13.0,35.5,10.0
2023-04-27 21:03:05.0,1682600585000000000,38.5,38.0,31.0,19246.0,554.0,190885.0,38.0,8.0,38.5,27.0,39.5,10.0,40.0,10.0,41.0,10.0,37.5,14.0,37.0,19.0,36.5,49.0,36.0,13.0,35.5,10.0
2023-04-27 21:03:06.0,1682600586000000000,38.5,38.0,31.0,19246.0,554.0,190885.0,38.0,8.0,38.5,27.0,39.5,10.0,40.0,10.0,41.0,10.0,37.5,14.0,37.0,19.0,36.5,9.0,36.0,13.0,35.5,10.0
2023-04-27 21:03:06.25,1682600586250000000,38.5,38.0,31.0,19249.0,562.0,193925.0,38.5,27.0,39.5,10.0,40.0,10.0,41.0,10.0,42.0,22.0,38.0,32.0,37.5,14.0,37.0,19.0,36.5,9.0,36.0,13.0
2023-04-27 21:03:06.5,1682600586500000000,38.5,38.0,31.0,19249.0,562.0,193925.0,38.5,9.0,39.5,28.0,40.0,10.0,41.0,10.0,42.0,22.0,38.0,32.0,37.5,14.0,37.0,1.0,36.5,27.0,36.0,13.0
2023-04-27 21:03:06.75,1682600586750000000,38.5,38.0,31.0,19249.0,572.0,197725.0,38.5,9.0,39.5,28.0,40.0,10.0,41.0,10.0,42.0,22.0,38.0,22.0,37.5,14.0,37.0,28.0,36.5,9.0,36.0,4.0
2023-04-27 21:03:09.0,1682600589000000000,38.5,38.0,31.0,19249.0,572.0,197725.0,38.5,9.0,39.5,28.0,40.0,10.0,41.0,10.0,42.0,22.0,38.0,22.0,37.5,32.0,37.0,10.0,36.5,9.0,36.0,4.0
2023-04-27 21:03:10.25,1682600590250000000,38.5,38.0,31.0,19249.0,573.0,198105.0,38.5,9.0,39.5,28.0,40.0,10.0,41.0,10.0,42.0,22.0,38.0,21.0,37.5,32.0,37.0,10.0,36.5,9.0,36.0,4.0
2023-04-27 21:03:11.25,1682600591250000000,38.5,38.0,31.0,19249.0,574.0,198485.0,38.5,9.0,39.5,28.0,40.0,10.0,41.0,10.0,42.0,22.0,38.0,20.0,37.5,32.0,37.0,10.0,36.5,9.0,36.0,4.0
2023-04-27 21:03:11.5,1682600591500000000,38.5,38.0,31.0,19249.0,574.0,198485.0,39.0,9.0,39.5,37.0,40.0,10.0,41.0,10.0,42.0,22.0,38.0,20.0,37.5,32.0,37.0,10.0,36.5,9.0,36.0,4.0
2023-04-27 21:03:11.75,1682600591750000000,38.5,38.0,31.0,19249.0,574.0,198485.0,39.0,9.0,39.5,27.0,40.0,10.0,40.5,10.0,41.0,10.0,38.0,20.0,37.5,32.0,37.0,10.0,36.5,19.0,36.0,4.0
2023-04-27 21:03:13.0,1682600593000000000,38.5,38.0,31.0,19249.0,576.0,199245.0,39.0,9.0,39.5,27.0,40.0,10.0,40.5,10.0,41.0,10.0,38.0,18.0,37.5,41.0,37.0,10.0,36.5,10.0,36.0,4.0
2023-04-27 21:03:13.5,1682600593500000000,38.5,38.0,31.0,19249.0,576.0,199245.0,39.0,9.0,39.5,27.0,40.0,10.0,40.5,10.0,41.0,10.0,38.0,36.0,37.5,23.0,37.0,10.0,36.5,10.0,36.0,4.0
2023-04-27 21:03:15.5,1682600595500000000,38.5,38.0,31.0,19249.0,576.0,199245.0,39.5,27.0,40.0,10.0,40.5,10.0,41.0,10.0,42.0,22.0,38.0,36.0,37.5,23.0,37.0,10.0,36.5,10.0,36.0,4.0
2023-04-27 21:03:15.75,1682600595750000000,38.5,38.0,31.0,19249.0,577.0,199625.0,39.5,9.0,40.0,28.0,40.5,10.0,41.0,10.0,42.0,22.0,38.0,37.0,37.5,23.0,37.0,10.0,36.5,10.0,36.0,4.0
2023-04-27 21:03:17.5,1682600597500000000,38.5,38.0,31.0,19249.0,577.0,199625.0,39.0,4.0,39.5,9.0,40.0,28.0,40.5,10.0,41.0,10.0,38.0,37.0,37.5,23.0,37.0,10.0,36.5,10.0,36.0,4.0
2023-04-27 21:03:17.75,1682600597750000000,38.5,38.0,31.0,19249.0,577.0,199625.0,39.0,4.0,39.5,27.0,40.0,10.0,40.5,10.0,41.0,10.0,38.0,37.0,37.5,23.0,37.0,10.0,36.5,10.0,36.0,4.0
2023-04-27 21:03:18.0,1682600598000000000,38.5,38.0,31.0,19249.0,577.0,199625.0,39.0,4.0,39.5,9.0,40.0,10.0,40.5,10.0,41.0,10.0,38.0,19.0,37.5,23.0,37.0,10.0,36.5,10.0,36.0,4.0
2023-04-27 21:03:18.5,1682600598500000000,38.5,38.0,31.0,19249.0,577.0,199625.0,39.0,4.0,39.5,27.0,40.0,10.0,40.5,10.0,41.0,10.0,38.0,37.0,37.5,23.0,37.0,10.0,36.5,10.0,36.0,4.0
2023-04-27 21:03:19.25,1682600599250000000,38.5,38.0,31.0,19249.0,577.0,199625.0,39.0,19.0,39.5,27.0,40.0,10.0,40.5,10.0,41.0,10.0,38.0,37.0,37.5,23.0,37.0,10.0,36.5,10.0,36.0,3.0
2023-04-27 21:03:19.5,1682600599500000000,38.5,38.0,31.0,19249.0,577.0,199625.0,39.0,19.0,39.5,9.0,40.0,10.0,40.5,10.0,42.0,22.0,38.0,19.0,37.5,23.0,37.0,10.0,36.5,10.0,36.0,13.0
2023-04-27 21:03:20.0,1682600600000000000,38.5,38.0,31.0,19249.0,577.0,199625.0,39.0,22.0,39.5,9.0,40.0,10.0,40.5,10.0,42.0,22.0,38.0,19.0,37.5,23.0,37.0,10.0,36.5,10.0,36.0,13.0
2023-04-27 21:03:20.5,1682600600500000000,38.5,38.0,31.0,19249.0,577.0,199625.0,39.0,22.0,39.5,27.0,40.0,10.0,40.5,10.0,42.0,22.0,38.0,37.0,37.5,23.0,37.0,10.0,36.5,10.0,36.0,13.0
2023-04-27 21:03:21.0,1682600601000000000,38.5,38.0,31.0,19249.0,577.0,199625.0,39.0,22.0,39.5,27.0,40.0,10.0,40.5,10.0,42.0,22.0,38.0,37.0,37.5,23.0,37.0,30.0,36.5,10.0,36.0,13.0
2023-04-27 21:03:22.0,1682600602000000000,38.5,38.0,31.0,19249.0,577.0,199625.0,39.0,22.0,39.5,9.0,40.0,28.0,40.5,10.0,42.0,22.0,38.0,37.0,37.5,23.0,37.0,30.0,36.5,10.0,36.0,13.0
2023-04-27 21:03:23.0,1682600603000000000,38.5,38.0,31.0,19249.0,577.0,199625.0,39.0,22.0,39.5,9.0,40.0,28.0,40.5,10.0,42.0,22.0,38.0,37.0,37.5,23.0,37.0,29.0,36.5,10.0,36.0,13.0
2023-04-27 21:03:24.75,1682600604750000000,38.5,38.0,31.0,19249.0,577.0,199625.0,39.0,19.0,39.5,9.0,40.0,28.0,40.5,10.0,42.0,22.0,38.0,37.0,37.5,23.0,37.0,29.0,36.5,10.0,36.0,13.0
2023-04-27 21:03:25.0,1682600605000000000,38.5,38.0,31.0,19249.0,577.0,199625.0,38.5,3.0,39.0,19.0,39.5,9.0,40.0,28.0,40.5,10.0,38.0,37.0,37.5,23.0,37.0,29.0,36.5,10.0,36.0,13.0
2023-04-27 21:03:25.75,1682600605750000000,38.5,38.0,31.0,19249.0,577.0,199625.0,38.5,3.0,39.0,19.0,39.5,27.0,40.0,10.0,40.5,10.0,38.0,37.0,37.5,23.0,37.0,29.0,36.5,10.0,36.0,13.0
2023-04-27 21:03:30.0,1682600610000000000,38.5,38.0,31.0,19249.0,577.0,199625.0,38.5,4.0,39.0,15.0,39.5,27.0,40.0,10.0,40.5,10.0,38.0,37.0,37.5,23.0,37.0,29.0,36.5,10.0,36.0,13.0
2023-04-27 21:03:31.25,1682600611250000000,38.5,38.5,31.0,19249.0,581.0,201165.0,39.0,15.0,39.5,27.0,40.0,10.0,40.5,10.0,42.0,22.0,38.0,37.0,37.5,23.0,37.0,29.0,36.5,10.0,36.0,13.0
2023-04-27 21:03:32.5,1682600612500000000,39.0,39.0,31.0,19249.0,586.0,203115.0,39.0,10.0,39.5,27.0,40.0,10.0,40.5,10.0,42.0,22.0,38.0,37.0,37.5,23.0,37.0,29.0,36.5,10.0,36.0,13.0
2023-04-27 21:03:34.25,1682600614250000000,39.0,39.0,31.0,19249.0,591.0,205065.0,39.0,5.0,39.5,27.0,40.0,10.0,40.5,10.0,42.0,22.0,38.0,37.0,37.5,23.0,37.0,29.0,36.5,10.0,36.0,13.0
2023-04-27 21:03:35.25,1682600615250000000,39.0,39.0,31.0,19249.0,591.0,205065.0,39.0,5.0,39.5,9.0,40.0,28.0,40.5,10.0,42.0,22.0,38.0,37.0,37.5,23.0,37.0,29.0,36.5,10.0,36.0,13.0
2023-04-27 21:03:35.75,1682600615750000000,39.0,39.0,31.0,19249.0,591.0,205065.0,39.0,5.0,39.5,27.0,40.0,10.0,40.5,10.0,42.0,22.0,38.0,37.0,37.5,23.0,37.0,29.0,36.5,10.0,36.0,13.0
2023-04-27 21:03:36.0,1682600616000000000,39.0,39.0,31.0,19249.0,596.0,207015.0,39.5,27.0,40.0,10.0,40.5,10.0,42.0,22.0,42.5,10.0,38.0,37.0,37.5,23.0,37.0,29.0,36.5,10.0,36.0,13.0
2023-04-27 21:03:36.25,1682600616250000000,39.0,39.0,31.0,19249.0,596.0,207015.0,39.5,9.0,40.0,28.0,40.5,10.0,42.0,22.0,42.5,10.0,38.0,37.0,37.5,23.0,37.0,29.0,36.5,10.0,36.0,13.0
2023-04-27 21:03:37.25,1682600617250000000,39.0,39.0,31.0,19249.0,596.0,207015.0,39.5,9.0,40.0,28.0,40.5,10.0,42.0,22.0,42.5,10.0,38.5,4.0,38.0,37.0,37.5,23.0,37.0,29.0,36.5,10.0
2023-04-27 21:03:38.0,1682600618000000000,39.5,39.5,31.0,19253.0,601.0,208985.0,39.5,5.0,40.0,28.0,40.5,10.0,42.0,22.0,42.5,10.0,38.5,4.0,38.0,37.0,37.5,23.0,37.0,29.0,36.5,10.0
2023-04-27 21:03:40.0,1682600620000000000,39.5,39.5,31.0,19258.0,606.0,210960.0,40.0,37.0,40.5,10.0,42.0,22.0,42.5,10.0,43.0,19.0,38.5,4.0,38.0,37.0,37.5,23.0,37.0,29.0,36.5,10.0
2023-04-27 21:03:42.5,1682600622500000000,39.5,39.5,31.0,19258.0,606.0,210960.0,40.0,37.0,40.5,10.0,42.0,22.0,42.5,10.0,43.0,19.0,38.5,9.0,38.0,37.0,37.5,23.0,37.0,29.0,36.5,10.0
2023-04-27 21:03:42.75,1682600622750000000,39.5,39.5,31.0,19258.0,606.0,210960.0,39.5,9.0,40.0,37.0,42.0,32.0,42.5,10.0,43.0,19.0,38.5,9.0,38.0,38.0,37.5,33.0,37.0,29.0,36.0,15.0
2023-04-27 21:03:44.0,1682600624000000000,39.5,39.5,31.0,19258.0,606.0,210960.0,40.0,28.0,40.5,9.0,41.0,9.0,42.0,32.0,42.5,10.0,39.0,9.0,38.5,9.0,38.0,47.0,37.5,24.0,37.0,20.0
2023-04-27 21:03:44.5,1682600624500000000,39.5,39.0,31.0,19254.0,610.0,212520.0,40.0,37.0,40.5,9.0,42.0,32.0,42.5,10.0,43.0,19.0,38.5,9.0,38.0,47.0,37.5,24.0,37.0,20.0,36.0,15.0
2023-04-27 21:03:44.75,1682600624750000000,39.5,39.0,31.0,19254.0,610.0,212520.0,40.0,37.0,40.5,9.0,42.0,32.0,42.5,10.0,43.0,19.0,38.5,11.0,38.0,47.0,37.5,24.0,37.0,20.0,36.0,15.0
2023-04-27 21:03:47.0,1682600627000000000,39.5,39.0,31.0,19254.0,610.0,212520.0,39.5,1.0,40.0,37.0,40.5,9.0,42.0,32.0,42.5,10.0,38.5,11.0,38.0,47.0,37.5,24.0,37.0,20.0,36.0,15.0
2023-04-27 21:03:47.25,1682600627250000000,39.5,39.0,31.0,19254.0,610.0,212520.0,39.5,19.0,40.0,19.0,40.5,9.0,42.0,32.0,42.5,10.0,38.5,11.0,38.0,47.0,37.5,24.0,37.0,20.0,36.0,15.0
2023-04-27 21:03:47.5,1682600627500000000,39.5,39.5,31.0,19254.0,611.0,212915.0,39.5,12.0,40.0,19.0,42.0,32.0,42.5,10.0,43.0,19.0,38.5,11.0,38.0,29.0,37.5,24.0,37.0,20.0,36.0,15.0
2023-04-27 21:03:48.75,1682600628750000000,39.5,39.5,31.0,19255.0,612.0,213310.0,39.5,11.0,40.0,19.0,42.0,32.0,42.5,10.0,43.0,19.0,38.5,11.0,38.0,29.0,37.5,24.0,37.0,20.0,36.0,15.0
2023-04-27 21:03:49.5,1682600629500000000,39.5,39.5,31.0,19256.0,613.0,213705.0,39.5,10.0,40.0,19.0,42.0,32.0,42.5,10.0,43.0,19.0,38.5,21.0,38.0,29.0,37.5,24.0,37.0,20.0,36.0,15.0
2023-04-27 21:03:50.25,1682600630250000000,39.5,39.5,31.0,19256.0,613.0,213705.0,39.5,10.0,40.0,19.0,42.0,32.0,42.5,10.0,43.0,19.0,38.5,19.0,38.0,29.0,37.5,24.0,37.0,20.0,36.0,15.0
2023-04-27 21:03:51.0,1682600631000000000,39.5,39.5,31.0,19256.0,613.0,213705.0,39.5,10.0,40.0,19.0,42.0,32.0,42.5,10.0,43.0,19.0,39.0,2.0,38.5,19.0,38.0,29.0,37.5,24.0,37.0,20.0
2023-04-27 21:03:53.0,1682600633000000000,39.5,39.5,31.0,19256.0,613.0,213705.0,39.5,10.0,40.0,19.0,42.0,32.0,42.5,10.0,43.0,19.0,39.0,4.0,38.5,19.0,38.0,29.0,37.5,24.0,37.0,20.0
2023-04-27 21:03:54.25,1682600634250000000,39.5,39.0,31.0,19258.0,617.0,215265.0,39.5,10.0,40.0,19.0,42.0,32.0,42.5,10.0,43.0,19.0,38.5,19.0,38.0,29.0,37.5,24.0,37.0,20.0,36.0,15.0
2023-04-27 21:03:55.0,1682600635000000000,39.5,39.5,31.0,19265.0,627.0,219215.0,40.0,19.0,42.0,32.0,42.5,10.0,43.0,19.0,45.0,200.0,39.5,7.0,38.5,19.0,38.0,12.0,37.5,24.0,37.0,20.0
2023-04-27 21:04:00.0,1682600640000000000,39.5,39.5,31.0,19265.0,627.0,219215.0,40.0,19.0,41.0,18.0,42.0,32.0,42.5,10.0,43.0,19.0,39.5,7.0,38.5,19.0,38.0,12.0,37.5,42.0,37.0,20.0
2023-04-27 21:04:00.5,1682600640500000000,39.5,39.5,31.0,19265.0,627.0,219215.0,40.0,20.0,41.0,18.0,42.0,32.0,42.5,10.0,43.0,19.0,39.5,7.0,38.5,19.0,38.0,12.0,37.5,42.0,37.0,20.0
2023-04-27 21:04:00.75,1682600640750000000,39.5,39.5,31.0,19272.0,634.0,221980.0,40.0,20.0,41.0,18.0,42.0,32.0,42.5,10.0,43.0,19.0,38.5,19.0,38.0,12.0,37.5,42.0,37.0,20.0,36.0,15.0
2023-04-27 21:04:02.0,1682600642000000000,39.5,39.5,31.0,19272.0,634.0,221980.0,40.0,20.0,41.0,18.0,42.0,32.0,42.5,10.0,43.0,19.0,38.5,28.0,38.0,12.0,37.5,42.0,37.0,20.0,36.0,15.0
2023-04-27 21:04:02.25,1682600642250000000,39.5,39.5,31.0,19272.0,634.0,221980.0,40.0,20.0,41.0,18.0,42.0,32.0,42.5,10.0,43.0,19.0,38.5,28.0,38.0,30.0,37.5,24.0,37.0,20.0,36.0,15.0
2023-04-27 21:04:02.5,1682600642500000000,39.5,39.5,31.0,19272.0,634.0,221980.0,40.0,20.0,40.5,18.0,42.0,32.0,42.5,10.0,43.0,19.0,38.5,46.0,38.0,12.0,37.5,24.0,37.0,20.0,36.0,15.0
2023-04-27 21:04:02.75,1682600642750000000,39.5,39.5,31.0,19272.0,634.0,221980.0,40.0,20.0,42.0,32.0,42.5,10.0,43.0,19.0,45.0,200.0,38.5,28.0,38.0,12.0,37.5,24.0,37.0,20.0,36.0,15.0
2023-04-27 21:04:03.75,1682600643750000000,39.5,39.5,31.0,19272.0,634.0,221980.0,40.0,20.0,41.0,18.0,42.0,32.0,42.5,10.0,43.0,19.0,39.0,18.0,38.5,28.0,38.0,12.0,37.5,24.0,37.0,20.0
2023-04-27 21:04:04.25,1682600644250000000,39.5,39.5,31.0,19272.0,634.0,221980.0,40.0,11.0,41.0,27.0,42.0,32.0,42.5,10.0,43.0,19.0,39.0,18.0,38.5,28.0,38.0,12.0,37.5,24.0,37.0,20.0
2023-04-27 21:04:04.5,1682600644500000000,39.5,39.5,31.0,19272.0,634.0,221980.0,40.0,11.0,40.5,9.0,41.0,9.0,42.0,32.0,42.5,10.0,38.5,28.0,38.0,12.0,37.5,24.0,37.0,20.0,36.0,15.0
2023-04-27 21:04:05.25,1682600645250000000,39.5,39.5,31.0,19272.0,634.0,221980.0,39.5,1.0,40.0,11.0,40.5,9.0,41.0,9.0,42.0,32.0,38.5,28.0,38.0,13.0,37.5,24.0,37.0,20.0,36.0,15.0
2023-04-27 21:04:06.0,1682600646000000000,39.5,39.5,31.0,19271.0,635.0,222375.0,40.0,11.0,40.5,9.0,41.0,9.0,42.0,32.0,42.5,10.0,39.0,9.0,38.5,28.0,38.0,4.0,37.5,24.0,37.0,20.0
2023-04-27 21:04:08.25,1682600648250000000,39.5,39.5,31.0,19271.0,635.0,222375.0,40.0,11.0,40.5,9.0,41.0,9.0,42.0,32.0,42.5,10.0,38.5,28.0,38.0,4.0,37.5,24.0,37.0,20.0,36.0,15.0
2023-04-27 21:04:09.0,1682600649000000000,39.5,39.5,31.0,19271.0,635.0,222375.0,40.0,11.0,40.5,9.0,41.0,9.0,41.5,10.0,42.0,32.0,38.5,28.0,38.0,4.0,37.5,34.0,37.0,20.0,36.0,5.0
2023-04-27 21:04:11.0,1682600651000000000,39.5,39.5,31.0,19271.0,635.0,222375.0,40.0,20.0,40.5,9.0,41.5,10.0,42.0,32.0,43.0,19.0,38.5,28.0,38.0,4.0,37.5,34.0,37.0,20.0,36.0,5.0
2023-04-27 21:04:12.5,1682600652500000000,39.5,39.5,31.0,19271.0,635.0,222375.0,40.0,20.0,40.5,9.0,41.0,18.0,41.5,10.0,42.0,32.0,38.5,28.0,38.0,22.0,37.5,34.0,37.0,20.0,36.0,5.0
2023-04-27 21:04:13.5,1682600653500000000,39.5,39.5,31.0,19271.0,635.0,222375.0,40.0,20.0,40.5,9.0,41.5,10.0,42.0,32.0,43.0,19.0,38.5,28.0,38.0,4.0,37.5,34.0,37.0,20.0,36.0,5.0
2023-04-27 21:04:13.75,1682600653750000000,39.5,39.5,31.0,19271.0,635.0,222375.0,40.0,38.0,40.5,9.0,41.5,10.0,42.0,32.0,43.0,19.0,38.5,46.0,38.0,4.0,37.5,34.0,37.0,20.0,36.0,5.0
2023-04-27 21:04:14.0,1682600654000000000,39.5,39.5,31.0,19271.0,635.0,222375.0,40.0,20.0,40.5,9.0,41.5,10.0,42.0,32.0,43.0,19.0,38.5,28.0,38.0,4.0,37.5,34.0,37.0,20.0,36.0,5.0
2023-04-27 21:04:14.5,1682600654500000000,39.5,39.5,31.0,19271.0,635.0,222375.0,39.5,1.0,40.0,20.0,40.5,9.0,41.5,10.0,42.0,32.0,38.5,28.0,38.0,4.0,37.5,34.0,37.0,20.0,36.0,5.0
2023-04-27 21:04:14.75,1682600654750000000,39.5,39.5,31.0,19271.0,635.0,222375.0,39.5,1.0,40.0,38.0,40.5,9.0,41.5,10.0,42.0,32.0,38.5,28.0,38.0,22.0,37.5,34.0,37.0,20.0,36.0,5.0
2023-04-27 21:04:18.25,1682600658250000000,39.5,39.5,31.0,19271.0,635.0,222375.0,39.5,1.0,40.0,20.0,40.5,27.0,41.5,10.0,42.0,32.0,39.0,1.0,38.5,46.0,38.0,4.0,37.5,34.0,37.0,20.0
2023-04-27 21:04:18.75,1682600658750000000,39.5,39.5,31.0,19271.0,635.0,222375.0,39.5,1.0,40.0,38.0,40.5,9.0,41.5,10.0,42.0,32.0,39.0,1.0,38.5,28.0,38.0,22.0,37.5,34.0,37.0,20.0
2023-04-27 21:04:19.5,1682600659500000000,39.5,39.5,31.0,19271.0,635.0,222375.0,39.5,1.0,40.0,20.0,40.5,27.0,41.5,10.0,42.0,32.0,39.0,1.0,38.5,46.0,38.0,4.0,37.5,34.0,37.0,20.0
2023-04-27 21:04:20.0,1682600660000000000,39.5,39.5,31.0,19271.0,635.0,222375.0,39.5,1.0,40.0,38.0,40.5,9.0,41.5,10.0,42.0,32.0,39.0,1.0,38.5,46.0,38.0,4.0,37.5,34.0,37.0,20.0
2023-04-27 21:04:20.25,1682600660250000000,39.5,39.5,31.0,19271.0,635.0,222375.0,39.5,16.0,40.0,38.0,40.5,9.0,41.5,10.0,42.0,32.0,39.0,1.0,38.5,46.0,38.0,4.0,37.5,34.0,37.0,20.0
2023-04-27 21:04:20.75,1682600660750000000,39.5,39.5,31.0,19271.0,635.0,222375.0,39.5,16.0,40.0,38.0,40.5,9.0,41.5,10.0,42.0,32.0,39.0,1.0,38.5,46.0,38.0,4.0,37.5,34.0,36.0,5.0
2023-04-27 21:04:21.0,1682600661000000000,39.5,39.5,31.0,19271.0,635.0,222375.0,39.5,20.0,40.0,38.0,40.5,9.0,41.5,10.0,42.0,32.0,39.0,21.0,38.5,46.0,38.0,4.0,37.5,34.0,36.0,5.0
2023-04-27 21:04:21.25,1682600661250000000,39.5,39.5,31.0,19271.0,635.0,222375.0,39.5,20.0,40.0,20.0,40.5,27.0,41.5,10.0,42.0,32.0,39.0,21.0,38.5,46.0,38.0,4.0,37.5,34.0,36.0,5.0
2023-04-27 21:04:23.25,1682600663250000000,39.5,39.5,31.0,19271.0,635.0,222375.0,39.5,20.0,40.0,38.0,40.5,9.0,41.5,10.0,42.0,32.0,39.0,21.0,38.5,28.0,38.0,22.0,37.5,34.0,36.0,5.0
2023-04-27 21:04:23.5,1682600663500000000,39.5,39.5,31.0,19271.0,635.0,222375.0,39.5,29.0,40.0,20.0,41.5,10.0,42.0,32.0,43.0,19.0,39.0,21.0,38.5,19.0,38.0,4.0,37.5,34.0,36.0,5.0
2023-04-27 21:04:24.0,1682600664000000000,39.5,39.5,31.0,19271.0,636.0,222770.0,39.5,28.0,40.0,20.0,41.5,10.0,42.0,32.0,43.0,19.0,39.0,21.0,38.5,19.0,38.0,4.0,37.5,34.0,36.0,5.0
2023-04-27 21:04:24.25,1682600664250000000,39.5,39.5,31.0,19271.0,636.0,222770.0,39.5,28.0,40.0,20.0,40.5,18.0,41.5,10.0,42.0,32.0,39.0,21.0,38.5,37.0,38.0,4.0,37.5,34.0,36.0,5.0
2023-04-27 21:04:24.75,1682600664750000000,39.5,39.5,31.0,19271.0,637.0,223165.0,39.5,27.0,40.0,20.0,40.5,18.0,41.5,10.0,42.0,32.0,39.0,21.0,38.5,37.0,38.0,4.0,37.5,34.0,36.0,5.0
2023-04-27 21:04:25.0,1682600665000000000,39.5,39.5,31.0,19271.0,637.0,223165.0,39.5,23.0,40.0,38.0,41.5,10.0,42.0,32.0,43.0,19.0,39.0,21.0,38.5,19.0,38.0,22.0,37.5,34.0,36.0,5.0
2023-04-27 21:04:25.25,1682600665250000000,39.5,39.0,31.0,19271.0,641.0,224725.0,39.5,23.0,40.0,38.0,41.5,10.0,42.0,32.0,43.0,19.0,39.0,17.0,38.5,19.0,38.0,22.0,37.5,34.0,36.0,5.0
2023-04-27 21:04:25.75,1682600665750000000,39.5,39.0,31.0,19271.0,641.0,224725.0,39.5,23.0,40.0,20.0,40.5,18.0,41.5,10.0,42.0,32.0,39.0,17.0,38.5,19.0,38.0,22.0,37.5,34.0,36.0,5.0
2023-04-27 21:04:26.0,1682600666000000000,39.5,39.0,31.0,19271.0,641.0,224725.0,39.5,23.0,40.0,38.0,41.5,10.0,42.0,32.0,43.0,19.0,39.0,17.0,38.5,19.0,38.0,22.0,37.5,34.0,36.0,5.0
2023-04-27 21:04:26.25,1682600666250000000,39.5,39.5,31.0,19271.0,642.0,225120.0,39.5,22.0,40.0,38.0,41.5,10.0,42.0,32.0,43.0,19.0,39.0,17.0,38.5,19.0,38.0,22.0,37.5,34.0,36.0,5.0
2023-04-27 21:04:26.5,1682600666500000000,39.5,39.5,31.0,19271.0,642.0,225120.0,39.5,22.0,40.0,20.0,40.5,18.0,41.5,10.0,42.0,32.0,39.0,17.0,38.5,19.0,38.0,22.0,37.5,34.0,36.0,5.0
2023-04-27 21:04:26.75,1682600666750000000,39.5,39.5,31.0,19271.0,642.0,225120.0,39.5,22.0,40.0,38.0,41.5,10.0,42.0,32.0,43.0,19.0,39.0,17.0,38.5,19.0,38.0,22.0,37.5,34.0,36.0,5.0
2023-04-27 21:04:27.25,1682600667250000000,39.5,39.5,31.0,19271.0,642.0,225120.0,39.5,22.0,40.0,20.0,40.5,18.0,41.5,10.0,42.0,32.0,39.0,17.0,38.5,37.0,38.0,4.0,37.5,34.0,36.0,5.0
2023-04-27 21:04:27.5,1682600667500000000,39.5,39.5,31.0,19271.0,642.0,225120.0,39.5,22.0,40.0,20.0,40.5,18.0,41.5,10.0,42.0,32.0,39.0,17.0,38.5,37.0,38.0,13.0,37.5,34.0,36.0,5.0
2023-04-27 21:04:27.75,1682600667750000000,39.5,39.0,31.0,19271.0,643.0,225510.0,39.5,22.0,40.0,20.0,40.5,18.0,41.5,10.0,42.0,32.0,39.0,16.0,38.5,37.0,38.0,13.0,37.5,34.0,36.0,5.0
2023-04-27 21:04:28.0,1682600668000000000,39.5,39.0,31.0,19271.0,643.0,225510.0,39.5,22.0,40.0,38.0,41.5,10.0,42.0,32.0,43.0,19.0,39.0,16.0,38.5,19.0,38.0,31.0,37.5,34.0,36.0,5.0
2023-04-27 21:04:29.25,1682600669250000000,39.5,39.0,31.0,19271.0,644.0,225900.0,39.5,22.0,40.0,38.0,41.5,10.0,42.0,32.0,43.0,19.0,39.0,15.0,38.5,19.0,38.0,31.0,37.5,34.0,36.0,5.0
2023-04-27 21:04:30.75,1682600670750000000,39.5,39.0,31.0,19271.0,644.0,225900.0,39.5,22.0,40.0,20.0,40.5,18.0,41.5,10.0,42.0,32.0,39.0,15.0,38.5,19.0,38.0,31.0,37.5,34.0,36.0,5.0
2023-04-27 21:04:31.0,1682600671000000000,39.5,39.0,31.0,19286.0,659.0,231750.0,39.5,22.0,40.0,38.0,41.5,10.0,42.0,32.0,43.0,19.0,38.5,19.0,38.0,31.0,37.5,34.0,36.0,5.0,35.5,1.0
2023-04-27 21:04:34.25,1682600674250000000,39.5,39.0,31.0,19286.0,659.0,231750.0,39.5,22.0,40.0,38.0,41.5,10.0,42.0,32.0,43.0,19.0,38.5,39.0,38.0,31.0,37.5,34.0,36.0,5.0,35.5,1.0
2023-04-27 21:04:34.75,1682600674750000000,39.5,38.5,31.0,19286.0,664.0,233675.0,39.5,22.0,40.0,38.0,41.5,10.0,42.0,32.0,43.0,19.0,39.0,1.0,38.5,34.0,38.0,31.0,37.5,34.0,36.0,5.0
2023-04-27 21:04:35.0,1682600675000000000,39.5,38.5,31.0,19286.0,664.0,233675.0,39.5,22.0,40.0,20.0,40.5,18.0,41.5,10.0,42.0,32.0,39.0,1.0,38.5,34.0,38.0,31.0,37.5,34.0,36.0,5.0
2023-04-27 21:04:35.75,1682600675750000000,39.5,38.5,31.0,19286.0,664.0,233675.0,39.5,22.0,40.0,38.0,41.5,10.0,42.0,32.0,43.0,19.0,39.0,1.0,38.5,34.0,38.0,31.0,37.5,34.0,36.0,5.0
2023-04-27 21:04:36.0,1682600676000000000,39.5,39.0,31.0,19286.0,665.0,234065.0,39.0,1.0,39.5,22.0,40.0,38.0,41.5,10.0,42.0,32.0,38.5,34.0,38.0,31.0,37.5,34.0,36.0,5.0,35.5,1.0
2023-04-27 21:04:38.5,1682600678500000000,39.5,39.0,31.0,19286.0,665.0,234065.0,39.0,1.0,39.5,13.0,40.0,20.0,40.5,18.0,41.5,10.0,38.5,34.0,38.0,31.0,37.5,34.0,36.0,5.0,35.5,1.0
2023-04-27 21:04:38.75,1682600678750000000,39.5,39.0,31.0,19286.0,665.0,234065.0,39.0,1.0,39.5,13.0,40.0,20.0,40.5,18.0,41.5,10.0,38.5,52.0,38.0,13.0,37.5,34.0,36.0,5.0,35.5,1.0
2023-04-27 21:04:40.25,1682600680250000000,39.5,39.0,31.0,19286.0,665.0,234065.0,39.0,1.0,39.5,13.0,40.0,38.0,41.5,10.0,42.0,32.0,38.5,34.0,38.0,31.0,37.5,34.0,36.0,5.0,35.5,1.0
2023-04-27 21:04:40.75,1682600680750000000,39.5,39.0,31.0,19286.0,665.0,234065.0,39.0,1.0,39.5,13.0,40.0,20.0,40.5,18.0,41.5,10.0,38.5,34.0,38.0,31.0,37.5,34.0,36.0,5.0,35.5,1.0
2023-04-27 21:04:43.0,1682600683000000000,39.5,39.0,31.0,19286.0,665.0,234065.0,39.0,1.0,39.5,13.0,40.0,38.0,41.5,10.0,42.0,32.0,38.5,34.0,38.0,31.0,37.5,34.0,36.0,5.0,35.5,1.0
2023-04-27 21:04:43.25,1682600683250000000,39.5,39.0,31.0,19286.0,665.0,234065.0,39.0,1.0,39.5,13.0,40.0,20.0,40.5,18.0,41.5,10.0,38.5,34.0,38.0,31.0,37.5,34.0,36.0,5.0,35.5,1.0
2023-04-27 21:04:45.0,1682600685000000000,39.5,38.5,31.0,19285.0,696.0,246005.0,39.5,13.0,40.0,20.0,40.5,18.0,41.5,10.0,42.0,32.0,38.5,31.0,38.0,13.0,37.5,34.0,36.0,5.0,35.5,1.0
2023-04-27 21:04:46.0,1682600686000000000,39.5,38.5,31.0,19285.0,696.0,246005.0,39.0,4.0,39.5,13.0,40.0,20.0,40.5,18.0,41.5,10.0,38.5,31.0,38.0,13.0,37.5,34.0,36.0,5.0,35.5,1.0
2023-04-27 21:04:46.75,1682600686750000000,39.5,38.5,31.0,19272.0,713.0,252570.0,40.0,20.0,40.5,18.0,42.0,32.0,42.5,10.0,43.0,17.0,38.5,18.0,38.0,23.0,37.5,24.0,36.0,5.0,35.5,1.0
2023-04-27 21:04:47.0,1682600687000000000,39.5,38.5,31.0,19272.0,713.0,252570.0,40.0,20.0,40.5,18.0,42.0,32.0,42.5,10.0,43.0,17.0,38.0,41.0,37.5,24.0,36.0,5.0,35.5,1.0,35.0,13.0
2023-04-27 21:04:47.25,1682600687250000000,39.5,38.5,31.0,19272.0,713.0,252570.0,40.0,20.0,41.0,18.0,42.0,32.0,42.5,10.0,43.0,17.0,38.0,41.0,37.5,24.0,36.0,5.0,35.5,1.0,35.0,13.0
2023-04-27 21:04:47.75,1682600687750000000,39.5,38.5,31.0,19272.0,713.0,252570.0,40.0,20.0,40.5,18.0,42.0,32.0,42.5,10.0,43.0,17.0,38.0,41.0,37.5,24.0,36.0,5.0,35.5,1.0,35.0,13.0
2023-04-27 21:04:48.75,1682600688750000000,39.5,38.5,31.0,19272.0,713.0,252570.0,39.0,1.0,40.0,20.0,40.5,18.0,42.0,32.0,42.5,10.0,38.0,41.0,37.5,24.0,36.0,5.0,35.5,1.0,35.0,13.0
2023-04-27 21:04:49.0,1682600689000000000,39.5,38.5,31.0,19272.0,713.0,252570.0,38.5,30.0,39.0,1.0,40.0,20.0,40.5,18.0,42.0,32.0,38.0,41.0,37.5,24.0,36.0,5.0,35.5,1.0,35.0,13.0
2023-04-27 21:04:49.75,1682600689750000000,39.5,38.5,31.0,19272.0,713.0,252570.0,38.5,30.0,39.0,1.0,40.0,38.0,42.0,32.0,42.5,10.0,38.0,41.0,37.5,24.0,36.0,5.0,35.5,1.0,35.0,13.0
2023-04-27 21:04:50.75,1682600690750000000,39.5,38.5,31.0,19272.0,713.0,252570.0,38.5,30.0,39.0,1.0,40.0,20.0,40.5,18.0,42.0,32.0,38.0,41.0,37.5,24.0,36.0,5.0,35.5,1.0,35.0,13.0
2023-04-27 21:04:54.75,1682600694750000000,39.5,38.5,31.0,19272.0,713.0,252570.0,38.5,30.0,39.0,1.0,40.0,38.0,42.0,32.0,42.5,10.0,38.0,41.0,37.5,24.0,36.0,5.0,35.5,1.0,35.0,13.0
2023-04-27 21:04:55.25,1682600695250000000,39.5,38.5,31.0,19272.0,713.0,252570.0,38.5,60.0,40.0,38.0,42.0,32.0,42.5,10.0,43.0,17.0,38.0,41.0,37.5,24.0,36.0,5.0,35.5,1.0,35.0,13.0
2023-04-27 21:04:55.5,1682600695500000000,39.5,38.5,31.0,19272.0,713.0,252570.0,38.5,60.0,40.0,20.0,40.5,18.0,42.0,32.0,42.5,10.0,38.0,41.0,37.5,24.0,36.0,5.0,35.5,1.0,35.0,13.0
2023-04-27 21:04:55.75,1682600695750000000,39.5,38.5,31.0,19272.0,713.0,252570.0,38.5,60.0,40.0,38.0,42.0,32.0,42.5,10.0,43.0,17.0,38.0,41.0,37.5,24.0,36.0,5.0,35.5,1.0,35.0,13.0
2023-04-27 21:04:56.5,1682600696500000000,39.5,38.5,31.0,19272.0,713.0,252570.0,38.5,60.0,40.0,20.0,40.5,18.0,42.0,32.0,42.5,10.0,38.0,41.0,37.5,24.0,36.0,5.0,35.5,1.0,35.0,13.0
2023-04-27 21:04:57.25,1682600697250000000,39.5,38.5,31.0,19272.0,713.0,252570.0,38.5,60.0,40.0,38.0,42.0,32.0,42.5,10.0,43.0,17.0,38.0,41.0,37.5,24.0,36.0,5.0,35.5,1.0,35.0,13.0
2023-04-27 21:04:57.5,1682600697500000000,39.5,38.0,31.0,19266.0,723.0,256370.0,38.5,60.0,39.5,9.0,40.0,38.0,41.0,10.0,42.0,22.0,38.0,31.0,37.5,14.0,37.0,10.0,36.0,5.0,35.5,1.0
2023-04-27 21:04:58.0,1682600698000000000,39.5,38.0,31.0,19266.0,723.0,256370.0,38.5,60.0,39.5,9.0,40.0,20.0,40.5,18.0,41.0,10.0,38.0,31.0,37.5,14.0,37.0,10.0,36.0,5.0,35.5,1.0
2023-04-27 21:04:59.0,1682600699000000000,39.5,38.5,31.0,19260.0,729.0,258680.0,38.5,54.0,39.5,9.0,40.0,20.0,40.5,18.0,41.0,10.0,38.0,31.0,37.5,14.0,37.0,10.0,36.0,5.0,35.5,1.0
2023-04-27 21:05:00.25,1682600700250000000,39.5,38.5,31.0,19260.0,729.0,258680.0,38.5,54.0,39.5,9.0,40.0,20.0,40.5,18.0,41.0,10.0,38.0,44.0,37.5,14.0,37.0,10.0,36.0,5.0,35.5,1.0
2023-04-27 21:05:00.5,1682600700500000000,39.5,38.5,31.0,19260.0,729.0,258680.0,38.5,54.0,39.0,10.0,39.5,9.0,40.0,20.0,40.5,18.0,38.0,54.0,37.5,14.0,37.0,10.0,36.0,5.0,35.5,1.0
2023-04-27 21:05:01.75,1682600701750000000,39.5,38.5,31.0,19260.0,729.0,258680.0,38.5,54.0,39.0,10.0,40.0,20.0,40.5,18.0,41.0,10.0,38.0,54.0,37.5,14.0,37.0,10.0,36.0,5.0,35.5,1.0
2023-04-27 21:05:06.5,1682600706500000000,39.5,38.5,31.0,19260.0,730.0,259065.0,38.5,53.0,39.0,10.0,40.0,20.0,40.5,18.0,41.0,10.0,38.0,54.0,37.5,14.0,37.0,10.0,36.0,5.0,35.5,1.0
2023-04-27 21:05:07.25,1682600707250000000,39.5,38.5,31.0,19260.0,730.0,259065.0,38.5,53.0,39.0,10.0,40.0,38.0,41.0,10.0,42.0,22.0,38.0,54.0,37.5,14.0,37.0,10.0,36.0,5.0,35.5,1.0
2023-04-27 21:05:07.75,1682600707750000000,39.5,38.5,31.0,19260.0,731.0,259450.0,38.5,52.0,39.0,10.0,40.0,38.0,41.0,10.0,42.0,22.0,38.0,54.0,37.5,14.0,37.0,10.0,36.0,5.0,35.5,1.0
2023-04-27 21:05:10.5,1682600710500000000,39.5,38.5,31.0,19260.0,731.0,259450.0,38.5,52.0,39.0,10.0,40.0,20.0,40.5,18.0,41.0,10.0,38.0,54.0,37.5,14.0,37.0,10.0,36.0,5.0,35.5,1.0
2023-04-27 21:05:14.25,1682600714250000000,39.5,38.0,31.0,19257.0,775.0,276170.0,38.0,6.0,38.5,52.0,39.0,10.0,40.0,20.0,41.0,10.0,37.5,33.0,37.0,10.0,36.0,5.0,35.5,1.0,35.0,13.0
2023-04-27 21:05:14.5,1682600714500000000,39.5,38.0,31.0,19251.0,781.0,278450.0,38.5,80.0,40.0,20.0,41.0,10.0,41.5,10.0,42.0,22.0,37.5,43.0,37.0,10.0,36.5,18.0,36.0,5.0,35.5,1.0
2023-04-27 21:05:14.75,1682600714750000000,39.5,38.0,31.0,19251.0,781.0,278450.0,38.5,70.0,39.0,10.0,40.0,20.0,41.0,10.0,41.5,10.0,38.0,11.0,37.5,33.0,37.0,10.0,36.5,18.0,36.0,5.0
2023-04-27 21:05:15.25,1682600715250000000,39.5,38.0,31.0,19251.0,781.0,278450.0,38.5,70.0,39.0,10.0,40.0,20.0,41.0,10.0,41.5,10.0,38.0,20.0,37.5,33.0,37.0,10.0,36.5,18.0,36.0,5.0
2023-04-27 21:05:16.0,1682600716000000000,39.5,38.0,31.0,19251.0,781.0,278450.0,38.5,70.0,39.0,15.0,40.0,20.0,41.0,10.0,41.5,10.0,38.0,20.0,37.5,33.0,37.0,10.0,36.5,18.0,36.0,5.0
2023-04-27 21:05:17.75,1682600717750000000,39.5,38.0,31.0,19251.0,781.0,278450.0,38.5,70.0,39.0,15.0,39.5,9.0,40.0,20.0,41.0,10.0,38.0,20.0,37.5,33.0,37.0,10.0,36.5,18.0,36.0,5.0
2023-04-27 21:05:20.25,1682600720250000000,39.5,38.0,31.0,19251.0,781.0,278450.0,38.5,52.0,39.0,15.0,39.5,9.0,40.0,20.0,41.0,10.0,38.0,20.0,37.5,33.0,37.0,10.0,36.0,5.0,35.5,1.0
2023-04-27 21:05:20.5,1682600720500000000,39.5,38.0,31.0,19251.0,781.0,278450.0,38.5,52.0,39.0,15.0,39.5,9.0,40.0,20.0,40.5,18.0,38.0,20.0,37.5,51.0,37.0,10.0,36.0,5.0,35.5,1.0
2023-04-27 21:05:20.75,1682600720750000000,39.5,38.0,31.0,19251.0,781.0,278450.0,38.5,52.0,39.0,15.0,40.0,20.0,40.5,18.0,41.0,10.0,38.0,20.0,37.5,51.0,37.0,10.0,36.0,5.0,35.5,1.0
2023-04-27 21:05:21.25,1682600721250000000,39.5,38.0,31.0,19242.0,801.0,286050.0,38.5,52.0,39.0,15.0,40.0,20.0,40.5,18.0,41.0,10.0,37.5,51.0,37.0,10.0,36.0,5.0,35.5,1.0,35.0,13.0
2023-04-27 21:05:21.5,1682600721500000000,39.5,38.0,31.0,19242.0,801.0,286050.0,38.5,52.0,39.0,15.0,40.0,20.0,40.5,18.0,41.0,10.0,38.0,10.0,37.5,51.0,37.0,10.0,36.0,5.0,35.5,1.0
2023-04-27 21:05:21.75,1682600721750000000,39.5,38.0,31.0,19242.0,801.0,286050.0,38.5,52.0,39.0,15.0,40.0,38.0,41.0,10.0,41.5,10.0,38.0,28.0,37.5,33.0,37.0,10.0,36.0,5.0,35.5,1.0
2023-04-27 21:05:22.25,1682600722250000000,39.5,38.0,31.0,19242.0,801.0,286050.0,38.5,52.0,39.0,15.0,40.0,20.0,40.5,18.0,41.0,10.0,38.0,37.0,37.5,33.0,37.0,10.0,36.0,5.0,35.5,1.0
2023-04-27 21:05:22.5,1682600722500000000,39.5,38.0,31.0,19242.0,801.0,286050.0,38.5,52.0,39.0,15.0,40.0,20.0,40.5,18.0,41.0,10.0,38.0,37.0,37.5,19.0,37.0,10.0,36.0,5.0,35.5,1.0
2023-04-27 21:05:24.0,1682600724000000000,39.5,38.0,31.0,19242.0,801.0,286050.0,38.5,52.0,39.0,15.0,40.0,38.0,41.0,10.0,41.5,10.0,38.0,37.0,37.5,19.0,37.0,10.0,36.0,5.0,35.5,1.0
2023-04-27 21:05:24.25,1682600724250000000,39.5,38.0,31.0,19242.0,801.0,286050.0,39.0,15.0,40.0,38.0,41.0,10.0,41.5,10.0,42.0,22.0,38.0,37.0,37.5,19.0,37.0,10.0,36.0,5.0,35.5,1.0
2023-04-27 21:05:24.5,1682600724500000000,39.5,38.0,31.0,19242.0,801.0,286050.0,39.0,15.0,40.0,38.0,41.0,10.0,41.5,10.0,42.0,22.0,38.0,37.0,37.5,19.0,37.0,10.0,36.0,2.0,35.5,1.0
2023-04-27 21:05:24.75,1682600724750000000,39.5,38.0,31.0,19242.0,801.0,286050.0,39.0,5.0,39.5,10.0,40.0,38.0,41.0,10.0,41.5,10.0,38.5,10.0,38.0,27.0,37.5,19.0,37.0,10.0,36.0,2.0
2023-04-27 21:05:25.5,1682600725500000000,39.5,38.0,31.0,19242.0,801.0,286050.0,39.0,5.0,39.5,10.0,40.0,20.0,40.5,18.0,41.0,10.0,38.5,10.0,38.0,27.0,37.5,19.0,37.0,10.0,36.0,2.0
2023-04-27 21:05:28.0,1682600728000000000,39.5,38.0,31.0,19242.0,801.0,286050.0,39.0,5.0,39.5,10.0,40.0,38.0,41.0,10.0,41.5,10.0,38.5,10.0,38.0,27.0,37.5,19.0,37.0,10.0,36.0,2.0
2023-04-27 21:05:30.5,1682600730500000000,39.5,38.0,31.0,19242.0,801.0,286050.0,39.0,5.0,39.5,10.0,40.0,20.0,40.5,18.0,41.0,10.0,38.5,28.0,38.0,9.0,37.5,19.0,37.0,10.0,36.0,2.0
2023-04-27 21:05:31.25,1682600731250000000,39.5,37.5,31.0,19224.0,858.0,307750.0,37.5,32.0,39.0,33.0,39.5,19.0,40.0,20.0,41.0,10.0,37.0,28.0,36.0,2.0,35.5,1.0,35.0,13.0,34.5,16.0
2023-04-27 21:05:31.5,1682600731500000000,39.5,37.5,31.0,19224.0,868.0,311500.0,37.5,22.0,39.0,33.0,39.5,19.0,40.0,20.0,40.5,10.0,37.0,9.0,36.5,10.0,36.0,2.0,35.5,19.0,35.0,13.0
2023-04-27 21:05:31.75,1682600731750000000,39.5,37.5,31.0,19224.0,869.0,311875.0,37.5,21.0,38.0,10.0,39.0,33.0,39.5,9.0,40.0,20.0,37.0,19.0,36.5,10.0,36.0,2.0,35.5,19.0,35.0,13.0
2023-04-27 21:05:32.0,1682600732000000000,39.5,37.5,31.0,19203.0,890.0,319750.0,38.0,10.0,39.0,33.0,39.5,9.0,40.0,20.0,40.5,10.0,37.0,19.0,36.5,10.0,36.0,2.0,35.5,19.0,35.0,13.0
2023-04-27 21:05:32.25,1682600732250000000,39.5,37.5,31.0,19203.0,890.0,319750.0,38.0,10.0,39.0,42.0,39.5,9.0,40.0,11.0,40.5,10.0,37.0,19.0,36.5,10.0,36.0,2.0,35.5,19.0,35.0,13.0
2023-04-27 21:05:32.5,1682600732500000000,39.5,37.5,31.0,19203.0,890.0,319750.0,38.5,10.0,39.0,32.0,39.5,19.0,40.0,11.0,40.5,10.0,37.5,10.0,37.0,19.0,36.5,10.0,36.0,2.0,35.5,19.0
2023-04-27 21:05:32.75,1682600732750000000,39.5,37.5,31.0,19203.0,890.0,319750.0,39.0,42.0,39.5,19.0,40.0,11.0,40.5,10.0,42.0,22.0,37.5,20.0,37.0,9.0,36.5,10.0,36.0,2.0,35.5,19.0
2023-04-27 21:05:33.25,1682600733250000000,39.5,37.5,31.0,19203.0,890.0,319750.0,39.0,32.0,39.5,29.0,40.0,11.0,40.5,10.0,42.0,22.0,37.5,20.0,37.0,9.0,36.5,10.0,36.0,2.0,35.5,19.0
2023-04-27 21:05:34.75,1682600734750000000,39.5,37.5,31.0,19203.0,890.0,319750.0,39.0,32.0,39.5,29.0,40.0,11.0,40.5,10.0,42.0,22.0,37.5,29.0,37.0,9.0,36.5,10.0,36.0,2.0,35.5,19.0
2023-04-27 21:05:35.75,1682600735750000000,39.5,37.5,31.0,19203.0,890.0,319750.0,39.0,42.0,39.5,19.0,40.0,11.0,40.5,10.0,42.0,22.0,37.5,29.0,37.0,9.0,36.5,10.0,36.0,2.0,35.5,19.0
2023-04-27 21:05:36.5,1682600736500000000,39.5,37.5,31.0,19203.0,890.0,319750.0,39.0,42.0,39.5,19.0,40.0,11.0,40.5,10.0,42.0,22.0,38.0,1.0,37.5,29.0,37.0,9.0,36.5,10.0,36.0,2.0
2023-04-27 21:05:37.25,1682600737250000000,39.5,37.5,31.0,19203.0,890.0,319750.0,39.0,24.0,39.5,37.0,40.0,11.0,40.5,10.0,42.0,22.0,38.0,1.0,37.5,47.0,37.0,9.0,36.5,10.0,36.0,2.0
2023-04-27 21:05:37.75,1682600737750000000,39.5,37.5,31.0,19203.0,890.0,319750.0,39.0,24.0,39.5,37.0,40.0,11.0,40.5,10.0,42.0,22.0,38.0,1.0,37.5,48.0,37.0,9.0,36.5,10.0,36.0,2.0
2023-04-27 21:05:38.5,1682600738500000000,39.5,37.5,31.0,19203.0,890.0,319750.0,39.0,24.0,39.5,37.0,40.0,11.0,40.5,10.0,42.0,22.0,38.0,1.0,37.5,39.0,37.0,9.0,36.5,10.0,36.0,2.0
2023-04-27 21:05:38.75,1682600738750000000,39.5,37.5,31.0,19203.0,890.0,319750.0,38.5,9.0,39.0,42.0,39.5,10.0,40.0,11.0,40.5,10.0,38.0,1.0,37.5,39.0,37.0,9.0,36.5,10.0,36.0,2.0
2023-04-27 21:05:39.0,1682600739000000000,39.5,37.5,31.0,19203.0,890.0,319750.0,38.5,9.0,39.0,24.0,39.5,28.0,40.0,11.0,40.5,10.0,38.0,1.0,37.5,39.0,37.0,9.0,36.5,10.0,36.0,2.0
2023-04-27 21:05:41.5,1682600741500000000,39.5,37.5,31.0,19203.0,890.0,319750.0,38.5,9.0,39.0,24.0,39.5,10.0,40.0,29.0,40.5,10.0,38.0,1.0,37.5,39.0,37.0,9.0,36.5,10.0,36.0,2.0
2023-04-27 21:05:45.25,1682600745250000000,39.5,37.5,31.0,19203.0,890.0,319750.0,39.0,24.0,39.5,10.0,40.0,29.0,40.5,10.0,42.0,22.0,38.0,1.0,37.5,48.0,37.0,9.0,36.5,10.0,36.0,2.0
2023-04-27 21:05:45.75,1682600745750000000,39.5,37.5,31.0,19203.0,890.0,319750.0,39.0,14.0,39.5,20.0,40.0,29.0,40.5,10.0,42.0,22.0,38.0,1.0,37.5,48.0,37.0,9.0,36.5,10.0,36.0,2.0
2023-04-27 21:05:46.5,1682600746500000000,39.5,37.5,31.0,19203.0,890.0,319750.0,39.0,14.0,39.5,38.0,40.0,11.0,40.5,10.0,42.0,22.0,38.0,1.0,37.5,48.0,37.0,9.0,36.5,10.0,36.0,2.0
2023-04-27 21:05:48.25,1682600748250000000,39.5,37.5,31.0,19203.0,890.0,319750.0,39.0,14.0,39.5,20.0,40.0,29.0,40.5,10.0,42.0,22.0,38.0,1.0,37.5,48.0,37.0,9.0,36.5,10.0,36.0,2.0
2023-04-27 21:05:49.25,1682600749250000000,39.5,39.0,31.0,19203.0,895.0,321700.0,39.0,9.0,39.5,38.0,40.0,11.0,40.5,10.0,42.0,22.0,38.0,1.0,37.5,48.0,37.0,9.0,36.5,10.0,36.0,2.0
2023-04-27 21:05:49.75,1682600749750000000,39.5,39.0,31.0,19203.0,895.0,321700.0,39.0,19.0,39.5,28.0,40.0,11.0,40.5,10.0,42.0,22.0,38.0,1.0,37.5,48.0,37.0,9.0,36.5,10.0,36.0,2.0
2023-04-27 21:05:51.25,1682600751250000000,39.5,39.0,31.0,19203.0,895.0,321700.0,39.0,19.0,39.5,10.0,40.0,29.0,40.5,10.0,42.0,22.0,38.0,1.0,37.5,48.0,37.0,9.0,36.5,10.0,36.0,2.0
2023-04-27 21:05:52.25,1682600752250000000,39.5,39.0,31.0,19203.0,895.0,321700.0,38.5,10.0,39.0,19.0,39.5,28.0,40.0,11.0,40.5,10.0,38.0,1.0,37.5,48.0,37.0,9.0,36.5,10.0,36.0,2.0
2023-04-27 21:05:58.0,1682600758000000000,39.5,39.0,31.0,19203.0,895.0,321700.0,38.5,10.0,39.0,19.0,39.5,28.0,40.0,11.0,40.5,10.0,38.0,2.0,37.5,48.0,37.0,9.0,36.5,10.0,36.0,2.0
2023-04-27 21:05:58.75,1682600758750000000,39.5,39.0,31.0,19203.0,895.0,321700.0,38.5,10.0,39.0,37.0,39.5,10.0,40.0,11.0,40.5,10.0,38.0,2.0,37.5,48.0,37.0,9.0,36.5,10.0,36.0,2.0
2023-04-27 21:05:59.25,1682600759250000000,39.5,39.0,31.0,19203.0,895.0,321700.0,38.5,10.0,39.0,37.0,39.5,10.0,40.0,11.0,40.5,10.0,38.0,1.0,37.5,48.0,37.0,9.0,36.5,10.0,36.0,2.0
2023-04-27 21:06:00.5,1682600760500000000,39.5,39.0,31.0,19203.0,895.0,321700.0,38.5,10.0,39.0,19.0,39.5,28.0,40.0,11.0,40.5,10.0,38.0,1.0,37.5,48.0,37.0,9.0,36.5,10.0,36.0,2.0
2023-04-27 21:06:03.0,1682600763000000000,39.5,38.5,31.0,19203.0,896.0,322085.0,38.5,9.0,39.0,19.0,39.5,28.0,40.0,11.0,40.5,10.0,38.0,1.0,37.5,48.0,37.0,9.0,36.5,10.0,36.0,2.0
2023-04-27 21:06:03.25,1682600763250000000,39.5,38.5,31.0,19203.0,896.0,322085.0,38.5,9.0,39.0,19.0,39.5,28.0,40.0,11.0,40.5,10.0,38.0,3.0,37.5,48.0,37.0,9.0,36.5,10.0,36.0,2.0
2023-04-27 21:06:06.25,1682600766250000000,39.5,38.0,31.0,19204.0,897.0,322465.0,38.5,9.0,39.0,19.0,39.5,28.0,40.0,11.0,40.5,10.0,38.0,2.0,37.5,48.0,37.0,9.0,36.5,10.0,36.0,2.0
2023-04-27 21:06:07.5,1682600767500000000,39.5,38.0,31.0,19204.0,897.0,322465.0,38.5,9.0,39.0,37.0,39.5,10.0,40.0,11.0,40.5,10.0,38.0,2.0,37.5,48.0,37.0,9.0,36.5,10.0,36.0,2.0
2023-04-27 21:06:07.75,1682600767750000000,39.5,38.0,31.0,19204.0,899.0,323225.0,38.0,8.0,38.5,9.0,39.0,37.0,39.5,10.0,40.0,11.0,37.5,48.0,37.0,9.0,36.5,10.0,36.0,2.0,35.5,1.0
2023-04-27 21:06:08.25,1682600768250000000,39.5,38.0,31.0,19204.0,899.0,323225.0,38.0,8.0,38.5,19.0,39.0,37.0,40.0,11.0,40.5,10.0,37.5,48.0,37.0,9.0,36.5,10.0,36.0,2.0,35.5,1.0
2023-04-27 21:06:08.75,1682600768750000000,39.5,38.0,31.0,19204.0,899.0,323225.0,38.5,19.0,39.0,37.0,40.0,11.0,40.5,10.0,41.5,10.0,37.5,48.0,37.0,9.0,36.5,10.0,36.0,2.0,35.5,1.0
2023-04-27 21:06:09.25,1682600769250000000,39.5,38.0,31.0,19204.0,899.0,323225.0,38.5,19.0,39.0,37.0,40.0,11.0,40.5,10.0,41.5,10.0,37.5,30.0,37.0,9.0,36.5,28.0,36.0,2.0,35.5,1.0
2023-04-27 21:06:10.5,1682600770500000000,39.5,38.0,31.0,19204.0,899.0,323225.0,38.5,19.0,39.0,27.0,40.0,11.0,40.5,10.0,41.5,10.0,37.5,20.0,37.0,9.0,36.5,28.0,36.0,2.0,35.5,1.0
2023-04-27 21:06:11.0,1682600771000000000,39.5,38.0,31.0,19204.0,899.0,323225.0,38.5,19.0,39.0,27.0,40.0,11.0,40.5,10.0,41.5,10.0,37.5,20.0,37.0,27.0,36.5,10.0,36.0,2.0,35.5,1.0
2023-04-27 21:06:14.0,1682600774000000000,39.5,38.0,31.0,19204.0,899.0,323225.0,38.5,19.0,39.0,9.0,39.5,18.0,40.0,11.0,40.5,10.0,37.5,38.0,37.0,9.0,36.5,10.0,36.0,2.0,35.5,1.0
2023-04-27 21:06:14.75,1682600774750000000,39.5,38.0,31.0,19204.0,899.0,323225.0,38.5,19.0,39.0,9.0,39.5,18.0,40.0,11.0,40.5,10.0,37.5,39.0,37.0,9.0,36.5,10.0,36.0,2.0,35.5,1.0
2023-04-27 21:06:18.25,1682600778250000000,39.5,38.0,31.0,19204.0,899.0,323225.0,38.5,19.0,39.0,9.0,39.5,18.0,40.0,21.0,40.5,10.0,37.5,39.0,37.0,9.0,36.5,10.0,36.0,12.0,35.5,1.0
2023-04-27 21:06:19.0,1682600779000000000,39.5,38.0,31.0,19204.0,899.0,323225.0,38.5,9.0,39.0,19.0,39.5,18.0,40.0,11.0,40.5,20.0,37.5,39.0,37.0,9.0,36.5,20.0,36.0,2.0,35.5,1.0
2023-04-27 21:06:19.25,1682600779250000000,39.5,38.0,31.0,19204.0,899.0,323225.0,38.5,9.0,39.0,19.0,39.5,18.0,40.0,11.0,40.5,20.0,38.0,4.0,37.5,39.0,37.0,9.0,36.5,20.0,36.0,2.0
2023-04-27 21:06:21.75,1682600781750000000,39.5,38.0,31.0,19204.0,899.0,323225.0,38.5,9.0,39.0,19.0,39.5,18.0,40.0,11.0,40.5,20.0,38.0,4.0,37.5,39.0,37.0,9.0,36.5,10.0,36.0,12.0
2023-04-27 21:06:23.0,1682600783000000000,39.5,38.0,31.0,19204.0,899.0,323225.0,38.5,19.0,39.0,9.0,39.5,18.0,40.0,11.0,40.5,20.0,38.0,4.0,37.5,39.0,37.0,9.0,36.5,10.0,36.0,12.0
2023-04-27 21:06:24.0,1682600784000000000,39.5,38.0,31.0,19204.0,899.0,323225.0,38.5,19.0,39.0,9.0,39.5,18.0,40.0,11.0,40.5,20.0,38.0,5.0,37.5,39.0,37.0,9.0,36.5,10.0,36.0,12.0
2023-04-27 21:06:25.25,1682600785250000000,39.5,38.0,31.0,19204.0,899.0,323225.0,38.5,19.0,39.0,9.0,39.5,18.0,40.0,11.0,40.5,20.0,38.0,5.0,37.5,39.0,37.0,9.0,36.5,20.0,36.0,2.0
2023-04-27 21:06:25.5,1682600785500000000,39.5,38.0,31.0,19204.0,899.0,323225.0,38.5,19.0,39.0,9.0,39.5,18.0,40.0,11.0,40.5,20.0,38.0,5.0,37.5,39.0,37.0,9.0,36.5,10.0,36.0,12.0
2023-04-27 21:06:25.75,1682600785750000000,39.5,38.0,31.0,19204.0,899.0,323225.0,38.5,19.0,39.0,9.0,39.5,18.0,40.0,11.0,40.5,20.0,38.0,5.0,37.5,39.0,37.0,9.0,36.5,20.0,36.0,2.0
2023-04-27 21:06:27.75,1682600787750000000,39.5,38.0,31.0,19204.0,899.0,323225.0,38.5,9.0,39.0,19.0,39.5,18.0,40.0,11.0,40.5,20.0,38.0,5.0,37.5,39.0,37.0,9.0,36.5,20.0,36.0,2.0
2023-04-27 21:06:28.75,1682600788750000000,39.5,38.0,31.0,19204.0,899.0,323225.0,38.5,9.0,39.0,19.0,39.5,18.0,40.0,11.0,40.5,10.0,38.0,5.0,37.5,39.0,37.0,9.0,36.5,20.0,36.0,2.0
2023-04-27 21:06:29.25,1682600789250000000,39.5,38.0,31.0,19204.0,899.0,323225.0,38.5,9.0,39.0,10.0,39.5,18.0,40.0,11.0,40.5,10.0,38.0,15.0,37.5,29.0,37.0,9.0,36.5,20.0,36.0,2.0
2023-04-27 21:06:29.5,1682600789500000000,39.5,38.0,31.0,19204.0,899.0,323225.0,38.5,9.0,39.0,10.0,39.5,18.0,40.0,11.0,40.5,10.0,38.0,33.0,37.5,11.0,37.0,9.0,36.5,20.0,36.0,2.0
2023-04-27 21:06:29.75,1682600789750000000,39.5,38.0,31.0,19204.0,899.0,323225.0,38.5,9.0,39.0,10.0,40.0,29.0,40.5,10.0,41.0,10.0,38.0,33.0,37.5,11.0,37.0,9.0,36.5,20.0,36.0,2.0
2023-04-27 21:06:30.0,1682600790000000000,39.5,38.5,31.0,19204.0,900.0,323610.0,38.5,8.0,39.0,10.0,40.0,29.0,40.5,10.0,41.0,10.0,38.0,33.0,37.5,11.0,37.0,9.0,36.5,20.0,36.0,2.0
2023-04-27 21:06:31.5,1682600791500000000,39.5,38.5,31.0,19204.0,900.0,323610.0,38.5,8.0,39.0,10.0,39.5,9.0,40.0,29.0,40.5,20.0,38.0,33.0,37.5,11.0,37.0,9.0,36.5,20.0,36.0,2.0
2023-04-27 21:06:32.25,1682600792250000000,39.5,38.5,31.0,19204.0,908.0,326690.0,39.0,10.0,39.5,9.0,40.0,29.0,40.5,20.0,42.0,22.0,38.0,33.0,37.5,11.0,37.0,9.0,36.5,20.0,36.0,2.0
2023-04-27 21:06:32.5,1682600792500000000,39.5,38.5,31.0,19204.0,908.0,326690.0,39.0,10.0,39.5,27.0,40.0,11.0,40.5,20.0,42.0,22.0,38.5,1.0,38.0,33.0,37.5,11.0,37.0,9.0,36.5,10.0
2023-04-27 21:06:33.0,1682600793000000000,39.5,38.5,31.0,19204.0,908.0,326690.0,39.0,10.0,39.5,27.0,40.0,11.0,40.5,20.0,41.5,10.0,38.5,1.0,38.0,23.0,37.5,21.0,37.0,9.0,36.5,10.0
2023-04-27 21:06:33.25,1682600793250000000,39.5,38.5,31.0,19204.0,908.0,326690.0,39.0,10.0,39.5,27.0,40.0,11.0,40.5,20.0,41.5,10.0,38.5,1.0,38.0,5.0,37.5,39.0,37.0,9.0,36.5,10.0
2023-04-27 21:06:34.0,1682600794000000000,39.5,38.5,31.0,19204.0,908.0,326690.0,39.0,10.0,39.5,27.0,40.0,11.0,40.5,20.0,41.5,10.0,38.5,1.0,38.0,5.0,37.5,39.0,37.0,9.0,36.5,20.0
2023-04-27 21:06:35.0,1682600795000000000,39.5,38.5,31.0,19204.0,908.0,326690.0,39.0,10.0,39.5,27.0,40.0,11.0,40.5,20.0,41.5,10.0,38.5,1.0,38.0,14.0,37.5,39.0,36.5,20.0,36.0,2.0
2023-04-27 21:06:35.25,1682600795250000000,39.5,38.5,31.0,19204.0,908.0,326690.0,39.0,10.0,39.5,27.0,40.0,11.0,40.5,10.0,41.0,10.0,38.5,1.0,38.0,32.0,37.5,21.0,36.5,20.0,36.0,2.0
2023-04-27 21:06:36.5,1682600796500000000,39.5,38.5,31.0,19204.0,908.0,326690.0,39.0,10.0,39.5,9.0,40.0,29.0,40.5,10.0,41.0,10.0,38.5,1.0,38.0,42.0,37.5,11.0,36.5,20.0,36.0,2.0
2023-04-27 21:06:37.25,1682600797250000000,39.5,38.5,31.0,19204.0,908.0,326690.0,39.0,10.0,39.5,27.0,40.0,11.0,40.5,10.0,41.0,10.0,38.5,1.0,38.0,42.0,37.5,11.0,36.5,20.0,36.0,2.0
2023-04-27 21:06:37.75,1682600797750000000,39.5,38.5,31.0,19204.0,908.0,326690.0,39.0,10.0,39.5,27.0,40.0,11.0,40.5,10.0,41.0,10.0,38.5,1.0,38.0,33.0,37.5,11.0,36.5,20.0,36.0,2.0
2023-04-27 21:06:38.5,1682600798500000000,39.5,38.5,31.0,19204.0,908.0,326690.0,39.0,19.0,39.5,27.0,40.0,11.0,40.5,20.0,41.5,10.0,38.0,23.0,37.5,21.0,36.5,20.0,36.0,2.0,35.5,1.0
2023-04-27 21:06:38.75,1682600798750000000,39.5,38.5,31.0,19204.0,908.0,326690.0,39.0,19.0,39.5,27.0,40.0,11.0,40.5,20.0,41.5,10.0,38.0,5.0,37.5,39.0,36.5,20.0,36.0,2.0,35.5,1.0
2023-04-27 21:06:39.75,1682600799750000000,39.5,39.0,31.0,19204.0,909.0,327080.0,39.0,18.0,39.5,27.0,40.0,11.0,40.5,20.0,41.5,10.0,38.0,5.0,37.5,39.0,36.5,20.0,36.0,2.0,35.5,1.0
2023-04-27 21:06:40.25,1682600800250000000,39.5,39.0,31.0,19204.0,909.0,327080.0,39.0,18.0,39.5,27.0,40.0,11.0,40.5,20.0,41.5,10.0,38.0,5.0,37.5,39.0,36.5,10.0,36.0,12.0,35.5,1.0
2023-04-27 21:06:40.75,1682600800750000000,39.5,39.0,31.0,19204.0,909.0,327080.0,39.0,18.0,39.5,27.0,40.0,11.0,40.5,20.0,41.5,10.0,38.0,5.0,37.5,39.0,36.5,20.0,36.0,2.0,35.5,1.0
2023-04-27 21:06:41.75,1682600801750000000,39.5,39.0,31.0,19204.0,909.0,327080.0,39.0,18.0,39.5,27.0,40.0,11.0,40.5,20.0,41.5,10.0,38.0,9.0,37.5,39.0,36.5,20.0,36.0,2.0,35.5,1.0
2023-04-27 21:06:43.25,1682600803250000000,39.5,39.0,31.0,19204.0,910.0,327470.0,39.0,17.0,39.5,27.0,40.0,11.0,40.5,20.0,41.5,10.0,38.0,9.0,37.5,39.0,36.5,10.0,36.0,12.0,35.5,1.0
2023-04-27 21:06:43.5,1682600803500000000,39.5,39.0,31.0,19204.0,910.0,327470.0,39.0,27.0,39.5,27.0,40.0,11.0,40.5,20.0,41.5,10.0,38.0,9.0,37.5,49.0,36.5,10.0,36.0,12.0,35.5,1.0
2023-04-27 21:06:44.0,1682600804000000000,39.5,39.0,31.0,19204.0,910.0,327470.0,39.0,27.0,39.5,27.0,40.0,11.0,40.5,20.0,41.5,10.0,38.0,9.0,37.5,49.0,36.5,20.0,36.0,2.0,35.5,1.0
2023-04-27 21:06:44.5,1682600804500000000,39.5,39.0,31.0,19204.0,910.0,327470.0,39.0,27.0,39.5,27.0,40.0,11.0,40.5,20.0,41.5,10.0,38.0,9.0,37.5,49.0,36.5,10.0,36.0,12.0,35.5,1.0
2023-04-27 21:06:47.75,1682600807750000000,39.5,39.0,31.0,19204.0,910.0,327470.0,39.0,27.0,39.5,27.0,40.0,11.0,40.5,20.0,41.5,10.0,38.0,9.0,37.5,49.0,36.5,20.0,36.0,2.0,35.5,1.0
2023-04-27 21:06:51.5,1682600811500000000,39.5,39.0,31.0,19204.0,910.0,327470.0,39.0,27.0,39.5,27.0,40.0,11.0,40.5,20.0,41.5,10.0,38.5,1.0,38.0,9.0,37.5,49.0,36.5,20.0,36.0,2.0
2023-04-27 21:06:52.5,1682600812500000000,39.5,39.0,31.0,19204.0,910.0,327470.0,39.0,27.0,39.5,27.0,40.0,11.0,40.5,10.0,41.0,10.0,38.5,1.0,38.0,9.0,37.5,49.0,36.5,20.0,36.0,2.0
2023-04-27 21:06:53.5,1682600813500000000,39.5,39.0,31.0,19204.0,910.0,327470.0,39.0,27.0,39.5,27.0,40.0,11.0,40.5,10.0,41.0,10.0,38.5,1.0,38.0,27.0,37.5,31.0,36.5,20.0,36.0,2.0
2023-04-27 21:06:54.25,1682600814250000000,39.5,39.0,31.0,19204.0,910.0,327470.0,39.0,27.0,39.5,27.0,40.0,11.0,40.5,20.0,41.5,10.0,38.5,1.0,38.0,27.0,37.5,31.0,36.5,20.0,36.0,2.0
2023-04-27 21:06:54.5,1682600814500000000,39.5,39.0,31.0,19204.0,910.0,327470.0,39.0,27.0,39.5,9.0,40.0,29.0,40.5,20.0,41.5,10.0,38.5,1.0,38.0,27.0,37.5,31.0,36.5,20.0,36.0,2.0
2023-04-27 21:06:54.75,1682600814750000000,39.5,39.0,31.0,19204.0,910.0,327470.0,39.0,27.0,39.5,27.0,40.0,11.0,40.5,20.0,41.5,10.0,38.5,1.0,38.0,27.0,37.5,31.0,36.5,20.0,36.0,2.0
2023-04-27 21:06:55.0,1682600815000000000,39.5,39.0,31.0,19204.0,910.0,327470.0,39.0,27.0,39.5,27.0,40.0,11.0,40.5,10.0,41.0,10.0,38.5,1.0,38.0,27.0,37.5,31.0,36.5,20.0,36.0,2.0
2023-04-27 21:06:56.0,1682600816000000000,39.5,39.0,31.0,19204.0,910.0,327470.0,39.0,27.0,39.5,9.0,40.0,29.0,40.5,10.0,41.0,10.0,38.5,1.0,38.0,27.0,37.5,31.0,36.5,20.0,36.0,2.0
2023-04-27 21:06:56.5,1682600816500000000,39.5,39.0,31.0,19204.0,910.0,327470.0,39.0,27.0,39.5,27.0,40.0,11.0,40.5,20.0,41.5,10.0,38.5,1.0,38.0,27.0,37.5,31.0,36.5,20.0,36.0,2.0
2023-04-27 21:06:57.0,1682600817000000000,39.5,39.0,31.0,19204.0,910.0,327470.0,39.0,27.0,39.5,9.0,40.0,29.0,40.5,10.0,41.0,10.0,38.5,1.0,38.0,27.0,37.5,31.0,36.5,20.0,36.0,2.0
2023-04-27 21:06:57.75,1682600817750000000,39.5,39.0,31.0,19204.0,910.0,327470.0,39.0,27.0,39.5,9.0,40.0,29.0,40.5,20.0,41.5,10.0,38.5,1.0,38.0,27.0,37.5,31.0,36.5,20.0,36.0,2.0
2023-04-27 21:06:58.0,1682600818000000000,39.5,39.0,31.0,19204.0,910.0,327470.0,39.0,27.0,39.5,9.0,40.0,11.0,40.5,10.0,41.0,10.0,38.5,1.0,38.0,9.0,37.5,31.0,36.5,20.0,36.0,2.0
2023-04-27 21:06:59.0,1682600819000000000,39.5,39.0,31.0,19204.0,910.0,327470.0,39.0,27.0,39.5,9.0,40.0,29.0,40.5,10.0,41.0,10.0,38.5,1.0,38.0,27.0,37.5,31.0,36.5,20.0,36.0,2.0
2023-04-27 21:06:59.75,1682600819750000000,39.5,39.0,31.0,19204.0,910.0,327470.0,39.0,37.0,39.5,9.0,40.0,29.0,40.5,10.0,41.0,10.0,38.5,1.0,38.0,37.0,37.5,31.0,36.5,20.0,36.0,2.0
2023-04-27 21:07:00.75,1682600820750000000,39.5,39.0,31.0,19204.0,910.0,327470.0,39.0,37.0,39.5,27.0,40.0,11.0,40.5,20.0,41.5,10.0,38.5,1.0,38.0,37.0,37.5,31.0,36.5,20.0,36.0,2.0
2023-04-27 21:07:01.5,1682600821500000000,39.5,38.5,31.0,19205.0,911.0,327855.0,39.0,37.0,39.5,27.0,40.0,11.0,40.5,20.0,41.5,10.0,38.0,37.0,37.5,31.0,36.5,20.0,36.0,2.0,35.5,1.0
2023-04-27 21:07:01.75,1682600821750000000,39.5,39.0,31.0,19205.0,912.0,328245.0,39.0,36.0,39.5,27.0,40.0,11.0,40.5,20.0,41.5,10.0,38.0,37.0,37.5,31.0,36.5,20.0,36.0,2.0,35.5,1.0
2023-04-27 21:07:02.0,1682600822000000000,39.5,39.0,31.0,19205.0,912.0,328245.0,39.0,36.0,39.5,27.0,40.0,11.0,40.5,20.0,41.5,10.0,38.0,27.0,37.5,41.0,36.5,10.0,36.0,12.0,35.5,1.0
2023-04-27 21:07:02.25,1682600822250000000,39.5,39.0,31.0,19205.0,912.0,328245.0,39.0,36.0,39.5,27.0,40.0,11.0,40.5,10.0,41.0,10.0,38.0,9.0,37.5,59.0,36.5,20.0,36.0,2.0,35.5,1.0
2023-04-27 21:07:08.0,1682600828000000000,39.5,39.0,31.0,19205.0,912.0,328245.0,39.0,36.0,39.5,27.0,40.0,11.0,40.5,10.0,41.0,10.0,38.5,3.0,38.0,9.0,37.5,59.0,36.5,20.0,36.0,2.0
2023-04-27 21:07:08.25,1682600828250000000,39.5,39.0,31.0,19205.0,912.0,328245.0,39.0,36.0,39.5,27.0,40.0,11.0,40.5,10.0,41.0,10.0,38.5,3.0,38.0,27.0,37.5,41.0,36.5,20.0,36.0,2.0
2023-04-27 21:07:08.5,1682600828500000000,39.5,39.0,31.0,19205.0,912.0,328245.0,39.0,36.0,39.5,9.0,40.0,29.0,40.5,10.0,41.0,10.0,38.5,3.0,38.0,37.0,37.5,31.0,36.5,20.0,36.0,2.0
2023-04-27 21:07:10.0,1682600830000000000,39.5,39.0,31.0,19205.0,912.0,328245.0,39.0,36.0,39.5,27.0,40.0,11.0,40.5,10.0,41.0,10.0,38.5,3.0,38.0,37.0,37.5,31.0,36.5,20.0,36.0,2.0
2023-04-27 21:07:10.5,1682600830500000000,39.5,39.0,31.0,19205.0,912.0,328245.0,39.0,36.0,39.5,27.0,40.0,11.0,40.5,20.0,41.5,10.0,38.5,3.0,38.0,37.0,37.5,31.0,36.5,20.0,36.0,2.0
2023-04-27 21:07:11.25,1682600831250000000,39.5,39.0,31.0,19205.0,912.0,328245.0,39.0,36.0,39.5,27.0,40.0,11.0,40.5,20.0,41.5,20.0,38.5,13.0,38.0,37.0,37.5,31.0,36.5,20.0,36.0,2.0
2023-04-27 21:07:11.5,1682600831500000000,39.5,39.0,31.0,19205.0,912.0,328245.0,39.0,36.0,39.5,27.0,40.0,11.0,40.5,10.0,41.0,10.0,38.5,13.0,38.0,37.0,37.5,31.0,36.5,20.0,36.0,2.0
2023-04-27 21:07:12.0,1682600832000000000,39.5,39.0,31.0,19205.0,912.0,328245.0,39.0,46.0,39.5,27.0,40.0,11.0,40.5,10.0,41.0,10.0,38.5,13.0,38.0,47.0,37.5,31.0,36.5,20.0,36.0,2.0
2023-04-27 21:07:12.25,1682600832250000000,39.5,39.0,31.0,19214.0,932.0,336045.0,39.0,26.0,39.5,27.0,40.0,11.0,40.5,10.0,41.0,10.0,38.5,13.0,38.0,47.0,37.5,31.0,36.5,20.0,36.0,2.0
2023-04-27 21:07:12.5,1682600832500000000,39.5,39.0,31.0,19214.0,932.0,336045.0,39.0,16.0,39.5,9.0,40.0,29.0,40.5,10.0,41.0,10.0,38.5,31.0,38.0,19.0,37.5,31.0,36.5,20.0,36.0,2.0
2023-04-27 21:07:12.75,1682600832750000000,39.5,39.0,31.0,19214.0,932.0,336045.0,39.0,16.0,39.5,19.0,40.0,29.0,40.5,10.0,41.0,10.0,38.5,41.0,38.0,19.0,37.5,31.0,36.5,20.0,36.0,2.0
2023-04-27 21:07:13.0,1682600833000000000,39.5,39.0,31.0,19214.0,932.0,336045.0,39.0,16.0,39.5,19.0,40.0,29.0,40.5,10.0,41.0,10.0,38.5,41.0,38.0,28.0,37.5,31.0,36.5,20.0,36.0,2.0
2023-04-27 21:07:13.25,1682600833250000000,39.5,39.0,31.0,19208.0,948.0,342285.0,39.5,19.0,40.0,29.0,40.5,10.0,41.0,10.0,41.5,20.0,38.5,41.0,38.0,18.0,37.5,31.0,36.5,20.0,36.0,2.0
2023-04-27 21:07:13.5,1682600833500000000,39.5,39.0,31.0,19208.0,948.0,342285.0,39.5,19.0,40.0,29.0,40.5,10.0,41.0,10.0,41.5,20.0,38.5,31.0,38.0,28.0,37.5,21.0,36.5,20.0,36.0,2.0
2023-04-27 21:07:13.75,1682600833750000000,39.5,39.0,31.0,19208.0,948.0,342285.0,39.5,19.0,40.0,39.0,40.5,10.0,41.0,10.0,41.5,20.0,38.5,41.0,38.0,28.0,37.5,21.0,36.5,20.0,36.0,2.0
2023-04-27 21:07:15.5,1682600835500000000,39.5,39.0,31.0,19208.0,948.0,342285.0,39.5,19.0,40.0,39.0,40.5,10.0,41.0,10.0,41.5,30.0,38.5,51.0,38.0,28.0,37.5,21.0,36.5,20.0,36.0,2.0
2023-04-27 21:07:16.0,1682600836000000000,39.5,38.5,31.0,19208.0,950.0,343055.0,39.5,19.0,40.0,39.0,40.5,10.0,41.0,10.0,41.5,30.0,38.5,49.0,38.0,28.0,37.5,21.0,36.5,20.0,36.0,2.0
2023-04-27 21:07:18.5,1682600838500000000,39.5,38.5,31.0,19208.0,950.0,343055.0,39.5,29.0,40.0,39.0,40.5,10.0,41.0,10.0,41.5,30.0,38.5,49.0,38.0,38.0,37.5,21.0,36.5,20.0,36.0,2.0
2023-04-27 21:07:20.25,1682600840250000000,39.5,38.5,31.0,19208.0,950.0,343055.0,39.5,29.0,40.0,39.0,40.5,10.0,41.0,10.0,41.5,30.0,38.5,49.0,38.0,38.0,37.5,21.0,37.0,10.0,36.5,10.0
2023-04-27 21:07:20.5,1682600840500000000,39.5,38.5,31.0,19208.0,950.0,343055.0,39.5,29.0,40.0,39.0,40.5,10.0,41.0,10.0,41.5,20.0,38.5,39.0,38.0,38.0,37.5,21.0,37.0,10.0,36.5,10.0
2023-04-27 21:07:21.0,1682600841000000000,39.5,38.5,31.0,19208.0,950.0,343055.0,39.5,29.0,40.0,39.0,40.5,10.0,41.0,10.0,41.5,20.0,38.5,39.0,38.0,48.0,37.5,11.0,37.0,10.0,36.5,10.0
2023-04-27 21:07:22.0,1682600842000000000,39.5,38.5,31.0,19208.0,950.0,343055.0,39.5,29.0,40.0,39.0,40.5,10.0,41.0,10.0,41.5,20.0,38.5,40.0,38.0,48.0,37.5,11.0,37.0,10.0,36.5,10.0
2023-04-27 21:07:23.0,1682600843000000000,39.5,38.5,31.0,19208.0,950.0,343055.0,39.5,29.0,40.0,39.0,40.5,10.0,41.0,20.0,41.5,10.0,38.5,40.0,38.0,48.0,37.5,10.0,37.0,10.0,36.5,10.0
2023-04-27 21:07:23.25,1682600843250000000,39.5,38.5,31.0,19208.0,950.0,343055.0,39.5,29.0,40.0,39.0,40.5,10.0,41.0,20.0,41.5,10.0,38.5,40.0,38.0,68.0,37.5,10.0,37.0,10.0,36.5,10.0
2023-04-27 21:07:24.0,1682600844000000000,39.5,38.5,31.0,19208.0,950.0,343055.0,39.5,29.0,40.0,39.0,40.5,10.0,41.0,10.0,41.5,20.0,38.5,40.0,38.0,68.0,37.5,10.0,37.0,10.0,36.5,10.0
2023-04-27 21:07:25.0,1682600845000000000,39.5,38.5,31.0,19208.0,950.0,343055.0,39.5,29.0,40.0,39.0,40.5,10.0,41.0,10.0,41.5,10.0,38.5,40.0,38.0,68.0,37.5,10.0,37.0,10.0,36.5,10.0
2023-04-27 21:07:26.25,1682600846250000000,39.5,38.5,31.0,19208.0,950.0,343055.0,39.5,29.0,40.0,39.0,40.5,10.0,41.0,20.0,42.0,10.0,38.5,40.0,38.0,68.0,37.5,10.0,37.0,10.0,36.5,10.0
2023-04-27 21:07:27.25,1682600847250000000,39.5,38.5,31.0,19208.0,950.0,343055.0,39.5,29.0,40.0,39.0,40.5,10.0,41.0,10.0,41.5,10.0,38.5,40.0,38.0,68.0,37.5,10.0,37.0,10.0,36.5,10.0
2023-04-27 21:07:29.75,1682600849750000000,39.5,38.5,31.0,19208.0,950.0,343055.0,39.5,29.0,40.0,39.0,40.5,10.0,41.0,10.0,41.5,10.0,38.5,90.0,38.0,68.0,37.5,10.0,37.0,10.0,36.5,10.0
2023-04-27 21:07:32.0,1682600852000000000,39.5,38.5,31.0,19208.0,950.0,343055.0,39.5,29.0,40.0,39.0,40.5,10.0,41.0,10.0,41.5,10.0,39.0,2.0,38.5,90.0,38.0,68.0,37.5,10.0,37.0,10.0
2023-04-27 21:07:32.5,1682600852500000000,39.5,38.5,31.0,19208.0,950.0,343055.0,39.5,29.0,40.0,39.0,40.5,10.0,41.0,10.0,41.5,10.0,39.0,2.0,38.5,100.0,38.0,58.0,37.5,10.0,37.0,10.0
2023-04-27 21:07:35.5,1682600855500000000,39.5,38.5,31.0,19208.0,950.0,343055.0,39.5,29.0,40.0,39.0,40.5,10.0,41.0,10.0,41.5,10.0,39.0,2.0,38.5,120.0,38.0,38.0,37.5,10.0,37.0,10.0
2023-04-27 21:07:35.75,1682600855750000000,39.5,39.5,31.0,19208.0,952.0,343845.0,39.5,27.0,40.0,39.0,40.5,10.0,41.0,10.0,41.5,10.0,39.0,2.0,38.5,120.0,38.0,38.0,37.5,10.0,37.0,10.0
2023-04-27 21:07:36.0,1682600856000000000,39.5,39.5,31.0,19208.0,952.0,343845.0,39.5,20.0,40.0,39.0,40.5,19.0,41.0,10.0,41.5,10.0,39.0,2.0,38.5,129.0,38.0,38.0,37.5,1.0,37.0,10.0
2023-04-27 21:07:36.5,1682600856500000000,39.5,39.5,31.0,19208.0,952.0,343845.0,39.5,20.0,40.0,48.0,40.5,19.0,41.0,10.0,41.5,10.0,39.0,2.0,38.5,129.0,38.0,38.0,37.5,1.0,37.0,10.0
2023-04-27 21:07:36.75,1682600856750000000,39.5,39.5,31.0,19208.0,953.0,344240.0,39.5,19.0,40.0,48.0,40.5,19.0,41.0,10.0,41.5,10.0,39.0,2.0,38.5,129.0,38.0,38.0,37.5,1.0,37.0,10.0
2023-04-27 21:07:38.0,1682600858000000000,39.5,39.5,31.0,19208.0,953.0,344240.0,39.5,19.0,40.0,48.0,40.5,19.0,41.0,20.0,42.0,10.0,39.0,2.0,38.5,129.0,38.0,38.0,37.5,1.0,37.0,10.0
2023-04-27 21:07:38.75,1682600858750000000,39.5,39.5,31.0,19208.0,953.0,344240.0,39.5,19.0,40.0,48.0,40.5,19.0,41.0,20.0,41.5,10.0,39.0,2.0,38.5,129.0,38.0,38.0,37.5,1.0,36.5,20.0
2023-04-27 21:07:40.0,1682600860000000000,39.5,39.5,31.0,19208.0,953.0,344240.0,39.5,29.0,40.0,48.0,40.5,19.0,41.0,20.0,41.5,10.0,39.0,2.0,38.5,119.0,38.0,48.0,37.5,1.0,36.5,20.0
2023-04-27 21:07:41.0,1682600861000000000,39.5,39.5,31.0,19208.0,953.0,344240.0,39.5,39.0,40.0,38.0,40.5,19.0,41.0,20.0,41.5,10.0,39.0,2.0,38.5,129.0,38.0,38.0,37.5,1.0,37.0,10.0
2023-04-27 21:07:42.75,1682600862750000000,39.5,39.5,31.0,19208.0,953.0,344240.0,39.5,39.0,40.0,38.0,40.5,19.0,41.0,20.0,42.0,10.0,39.0,2.0,38.5,129.0,38.0,38.0,37.5,1.0,37.0,10.0
2023-04-27 21:07:43.0,1682600863000000000,39.5,39.5,31.0,19208.0,953.0,344240.0,39.5,39.0,40.0,38.0,40.5,19.0,41.0,10.0,41.5,10.0,39.0,2.0,38.5,129.0,38.0,38.0,37.5,1.0,37.0,10.0
2023-04-27 21:07:43.25,1682600863250000000,39.5,39.5,31.0,19208.0,953.0,344240.0,39.5,39.0,40.0,38.0,40.5,19.0,41.0,20.0,42.0,10.0,39.0,2.0,38.5,129.0,38.0,38.0,37.5,1.0,37.0,10.0
2023-04-27 21:07:43.5,1682600863500000000,39.5,39.5,31.0,19208.0,953.0,344240.0,39.5,39.0,40.0,38.0,40.5,19.0,41.0,20.0,41.5,10.0,39.0,2.0,38.5,129.0,38.0,38.0,37.5,1.0,37.0,10.0
2023-04-27 21:07:43.75,1682600863750000000,39.5,39.5,31.0,19208.0,953.0,344240.0,39.5,39.0,40.0,38.0,40.5,19.0,41.0,20.0,42.0,10.0,39.0,2.0,38.5,129.0,38.0,38.0,37.5,1.0,37.0,10.0
2023-04-27 21:07:44.0,1682600864000000000,39.5,39.5,31.0,19208.0,953.0,344240.0,39.5,39.0,40.0,38.0,40.5,19.0,41.0,10.0,41.5,10.0,39.0,2.0,38.5,129.0,38.0,38.0,37.5,1.0,37.0,10.0
2023-04-27 21:07:45.5,1682600865500000000,39.5,39.5,31.0,19208.0,953.0,344240.0,39.5,39.0,40.0,38.0,40.5,19.0,41.0,10.0,41.5,20.0,39.0,2.0,38.5,129.0,38.0,38.0,37.5,1.0,37.0,10.0
2023-04-27 21:07:45.75,1682600865750000000,39.5,39.5,31.0,19208.0,953.0,344240.0,39.5,39.0,40.0,38.0,40.5,19.0,41.0,10.0,41.5,10.0,39.0,2.0,38.5,129.0,38.0,38.0,37.5,1.0,37.0,10.0
2023-04-27 21:07:46.75,1682600866750000000,39.5,39.5,31.0,19208.0,953.0,344240.0,39.5,57.0,40.0,20.0,40.5,19.0,41.0,20.0,41.5,10.0,39.0,2.0,38.5,119.0,38.0,48.0,37.5,1.0,37.0,10.0
2023-04-27 21:07:47.0,1682600867000000000,39.5,39.5,31.0,19208.0,953.0,344240.0,39.5,39.0,40.0,38.0,40.5,19.0,41.0,10.0,41.5,20.0,39.0,2.0,38.5,129.0,38.0,38.0,37.5,1.0,37.0,10.0
2023-04-27 21:07:49.5,1682600869500000000,39.5,39.5,31.0,19208.0,953.0,344240.0,39.5,39.0,40.0,38.0,40.5,19.0,41.0,10.0,41.5,20.0,39.0,2.0,38.5,139.0,38.0,38.0,37.5,1.0,37.0,10.0
2023-04-27 21:07:49.75,1682600869750000000,39.5,39.5,31.0,19208.0,953.0,344240.0,39.5,39.0,40.0,38.0,40.5,19.0,41.0,10.0,41.5,10.0,39.0,2.0,38.5,139.0,38.0,38.0,37.5,1.0,37.0,10.0
2023-04-27 21:07:51.25,1682600871250000000,39.5,39.5,31.0,19208.0,953.0,344240.0,39.5,39.0,40.0,38.0,40.5,19.0,41.0,10.0,41.5,10.0,39.0,2.0,38.5,139.0,38.0,38.0,37.5,11.0,36.5,10.0
