datetime,datetime_nano,highest,last_price,lowest,open_interest,volume,amount,ask_price1,ask_volume1,ask_price2,ask_volume2,ask_price3,ask_volume3,ask_price4,ask_volume4,ask_price5,ask_volume5,bid_price1,bid_volume1,bid_price2,bid_volume2,bid_price3,bid_volume3,bid_price4,bid_volume4,bid_price5,bid_volume5
2023-04-27 20:56:04.75,1682600164750000000,,,,708.0,0.0,0.0,,0.0,,0.0,,0.0,,0.0,,0.0,,0.0,,0.0,,0.0,,0.0,,0.0
2023-04-27 20:59:00.0,1682600340000000000,,,,708.0,0.0,0.0,,0.0,,0.0,,0.0,,0.0,,0.0,200.0,1.0,115.0,1.0,100.0,1.0,88.0,2.0,75.0,6.0
2023-04-27 21:00:00.25,1682600400250000000,,,,708.0,0.0,0.0,935.0,10.0,,0.0,,0.0,,0.0,,0.0,200.5,10.0,200.0,1.0,115.0,1.0,100.0,1.0,88.0,2.0
2023-04-27 21:00:00.75,1682600400750000000,,,,708.0,0.0,0.0,935.0,10.0,,0.0,,0.0,,0.0,,0.0,200.5,12.0,200.0,1.0,115.0,1.0,100.0,1.0,88.0,2.0
2023-04-27 21:00:02.0,1682600402000000000,,,,708.0,0.0,0.0,933.5,1.0,935.0,10.0,,0.0,,0.0,,0.0,202.0,1.0,201.0,10.0,200.5,2.0,200.0,1.0,115.0,1.0
2023-04-27 21:00:03.0,1682600403000000000,,,,708.0,0.0,0.0,933.0,10.0,933.5,1.0,,0.0,,0.0,,0.0,202.5,10.0,202.0,1.0,200.5,2.0,200.0,1.0,115.0,1.0
2023-04-27 21:00:03.25,1682600403250000000,,,,708.0,0.0,0.0,930.5,10.0,933.0,10.0,933.5,1.0,,0.0,,0.0,205.0,10.0,202.5,10.0,202.0,1.0,200.5,2.0,200.0,1.0
2023-04-27 21:00:03.5,1682600403500000000,,,,708.0,0.0,0.0,930.5,10.0,933.0,10.0,933.5,1.0,,0.0,,0.0,205.0,10.0,202.5,10.0,202.0,1.0,200.0,1.0,115.0,1.0
2023-04-27 21:00:04.0,1682600404000000000,,,,708.0,0.0,0.0,930.0,10.0,930.5,10.0,,0.0,,0.0,,0.0,205.5,10.0,205.0,10.0,200.0,1.0,115.0,1.0,100.0,1.0
2023-04-27 21:00:04.25,1682600404250000000,,,,708.0,0.0,0.0,930.0,10.0,,0.0,,0.0,,0.0,,0.0,205.5,10.0,200.0,1.0,115.0,1.0,100.0,1.0,88.0,2.0
2023-04-27 21:00:04.5,1682600404500000000,,,,708.0,0.0,0.0,929.0,1.0,929.5,10.0,930.0,10.0,,0.0,,0.0,206.5,1.0,206.0,10.0,205.5,10.0,200.0,1.0,115.0,1.0
2023-04-27 21:00:04.75,1682600404750000000,,,,708.0,0.0,0.0,927.0,10.0,929.0,1.0,929.5,10.0,930.0,10.0,,0.0,208.5,10.0,206.5,1.0,206.0,10.0,205.5,10.0,200.0,1.0
2023-04-27 21:00:05.0,1682600405000000000,,,,708.0,0.0,0.0,927.0,10.0,929.0,1.0,930.0,10.0,,0.0,,0.0,208.5,10.0,206.5,1.0,205.5,10.0,200.0,1.0,115.0,1.0
2023-04-27 21:00:05.25,1682600405250000000,,,,708.0,0.0,0.0,926.5,20.0,929.0,1.0,,0.0,,0.0,,0.0,209.0,20.0,206.5,1.0,200.0,1.0,115.0,1.0,100.0,1.0
2023-04-27 21:00:05.5,1682600405500000000,,,,708.0,0.0,0.0,457.5,16.0,924.0,10.0,925.5,1.0,926.5,20.0,,0.0,211.5,10.0,210.0,1.0,209.0,20.0,200.0,1.0,115.0,1.0
2023-04-27 21:00:05.75,1682600405750000000,,,,708.0,0.0,0.0,457.5,16.0,924.0,10.0,925.5,1.0,926.0,10.0,,0.0,210.0,1.0,209.5,10.0,200.0,1.0,115.0,1.0,100.0,1.0
2023-04-27 21:00:06.0,1682600406000000000,,,,708.0,0.0,0.0,457.0,20.0,457.5,16.0,924.0,10.0,,0.0,,0.0,214.5,10.0,212.0,10.0,210.5,10.0,200.0,1.0,115.0,1.0
2023-04-27 21:00:06.25,1682600406250000000,,,,708.0,0.0,0.0,456.5,10.0,457.0,10.0,457.5,16.0,,0.0,,0.0,215.0,10.0,214.5,10.0,200.0,1.0,115.0,1.0,100.0,1.0
2023-04-27 21:00:06.5,1682600406500000000,,,,708.0,0.0,0.0,456.5,10.0,457.5,16.0,,0.0,,0.0,,0.0,218.0,10.0,215.5,10.0,215.0,10.0,212.0,2.0,200.0,1.0
2023-04-27 21:00:06.75,1682600406750000000,,,,708.0,0.0,0.0,455.0,1.0,456.0,10.0,457.0,10.0,457.5,16.0,,0.0,221.0,10.0,219.5,1.0,218.5,10.0,212.0,2.0,200.0,1.0
2023-04-27 21:00:07.0,1682600407000000000,,,,708.0,0.0,0.0,455.0,1.0,457.0,10.0,457.5,16.0,,0.0,,0.0,224.0,10.0,221.5,10.0,219.5,1.0,218.5,12.0,200.0,1.0
2023-04-27 21:00:07.25,1682600407250000000,,,,708.0,0.0,0.0,454.5,20.0,455.0,1.0,457.5,16.0,,0.0,,0.0,227.0,10.0,221.5,10.0,219.5,1.0,218.5,2.0,200.0,1.0
2023-04-27 21:00:07.5,1682600407500000000,,,,708.0,0.0,0.0,454.0,10.0,454.5,10.0,455.0,1.0,457.5,16.0,,0.0,227.5,10.0,227.0,10.0,218.5,2.0,200.0,1.0,115.0,1.0
2023-04-27 21:00:07.75,1682600407750000000,,,,708.0,0.0,0.0,420.0,16.0,454.0,10.0,,0.0,,0.0,,0.0,261.5,16.0,230.5,10.0,227.5,10.0,218.5,2.0,200.0,1.0
2023-04-27 21:00:08.0,1682600408000000000,,,,708.0,0.0,0.0,419.5,10.0,420.0,16.0,,0.0,,0.0,,0.0,264.5,10.0,262.0,10.0,261.5,16.0,228.0,10.0,200.0,1.0
2023-04-27 21:00:08.25,1682600408250000000,,,,708.0,0.0,0.0,419.5,10.0,420.0,16.0,,0.0,,0.0,,0.0,267.5,10.0,265.0,10.0,261.5,16.0,200.0,1.0,115.0,1.0
2023-04-27 21:00:08.5,1682600408500000000,,,,708.0,0.0,0.0,419.5,10.0,420.0,16.0,,0.0,,0.0,,0.0,270.5,10.0,268.0,10.0,261.5,16.0,200.0,1.0,115.0,1.0
2023-04-27 21:00:08.75,1682600408750000000,,,,708.0,0.0,0.0,419.5,10.0,420.0,16.0,,0.0,,0.0,,0.0,273.5,10.0,271.0,10.0,261.5,16.0,200.0,1.0,115.0,1.0
2023-04-27 21:00:09.0,1682600409000000000,,,,708.0,0.0,0.0,385.5,16.0,416.5,10.0,418.0,1.0,419.5,10.0,,0.0,297.0,16.0,276.5,10.0,271.0,10.0,200.0,1.0,115.0,1.0
2023-04-27 21:00:09.25,1682600409250000000,,,,708.0,0.0,0.0,382.5,10.0,385.0,20.0,385.5,16.0,,0.0,,0.0,300.0,10.0,297.0,16.0,296.5,10.0,200.0,1.0,115.0,1.0
2023-04-27 21:00:09.5,1682600409500000000,,,,708.0,0.0,0.0,382.0,10.0,382.5,10.0,385.5,16.0,,0.0,,0.0,300.0,10.0,297.0,16.0,296.5,10.0,200.0,1.0,115.0,1.0
2023-04-27 21:00:09.75,1682600409750000000,,,,708.0,0.0,0.0,381.5,10.0,382.0,10.0,385.5,16.0,,0.0,,0.0,300.0,10.0,297.0,16.0,296.5,10.0,200.0,1.0,115.0,1.0
2023-04-27 21:00:10.0,1682600410000000000,,,,708.0,0.0,0.0,348.0,16.0,381.0,10.0,381.5,10.0,,0.0,,0.0,300.0,10.0,297.0,16.0,296.0,10.0,200.0,1.0,115.0,1.0
2023-04-27 21:00:10.25,1682600410250000000,,,,708.0,0.0,0.0,359.5,10.0,,0.0,,0.0,,0.0,,0.0,300.0,10.0,296.5,10.0,200.0,1.0,115.0,1.0,100.0,1.0
2023-04-27 21:00:10.5,1682600410500000000,,,,708.0,0.0,0.0,359.0,10.0,359.5,10.0,,0.0,,0.0,,0.0,300.0,10.0,296.5,10.0,200.0,1.0,115.0,1.0,100.0,1.0
2023-04-27 21:00:11.0,1682600411000000000,,,,708.0,0.0,0.0,356.0,10.0,359.0,10.0,359.5,10.0,,0.0,,0.0,300.0,10.0,296.5,10.0,200.0,1.0,115.0,1.0,100.0,1.0
2023-04-27 21:00:11.25,1682600411250000000,,,,708.0,0.0,0.0,356.0,10.0,359.5,10.0,,0.0,,0.0,,0.0,300.0,10.0,296.5,10.0,200.0,1.0,115.0,1.0,100.0,1.0
2023-04-27 21:00:11.5,1682600411500000000,,,,708.0,0.0,0.0,345.0,11.0,355.5,10.0,356.0,10.0,359.5,10.0,,0.0,300.0,10.0,297.5,11.0,296.5,10.0,200.0,1.0,115.0,1.0
2023-04-27 21:00:11.75,1682600411750000000,,,,708.0,0.0,0.0,342.0,10.0,345.0,11.0,359.5,10.0,,0.0,,0.0,300.0,10.0,297.5,11.0,296.5,10.0,200.0,1.0,115.0,1.0
2023-04-27 21:00:17.0,1682600417000000000,,,,708.0,0.0,0.0,342.0,10.0,345.0,11.0,364.0,10.0,,0.0,,0.0,300.5,10.0,300.0,10.0,297.5,11.0,200.0,1.0,115.0,1.0
2023-04-27 21:00:17.25,1682600417250000000,,,,708.0,0.0,0.0,342.0,10.0,345.0,11.0,364.0,10.0,,0.0,,0.0,303.5,10.0,300.5,10.0,297.5,11.0,200.0,1.0,115.0,1.0
2023-04-27 21:00:18.5,1682600418500000000,,,,708.0,0.0,0.0,342.5,10.0,345.0,11.0,364.0,10.0,,0.0,,0.0,303.5,10.0,300.5,10.0,297.5,11.0,200.0,1.0,115.0,1.0
2023-04-27 21:00:24.0,1682600424000000000,,,,708.0,0.0,0.0,342.5,10.0,345.0,21.0,364.0,10.0,,0.0,,0.0,323.5,10.0,303.5,10.0,300.5,10.0,297.5,11.0,200.0,1.0
2023-04-27 21:00:24.75,1682600424750000000,,,,708.0,0.0,0.0,342.5,10.0,345.0,21.0,364.0,10.0,,0.0,,0.0,323.0,10.0,303.5,10.0,300.5,10.0,297.5,11.0,200.0,1.0
2023-04-27 21:00:26.75,1682600426750000000,323.0,323.0,323.0,718.0,10.0,32300.0,323.5,10.0,342.5,10.0,345.0,11.0,364.0,10.0,,0.0,321.0,10.0,303.5,10.0,300.5,10.0,297.5,11.0,200.0,1.0
2023-04-27 21:00:27.5,1682600427500000000,323.5,323.5,323.0,718.0,20.0,64650.0,342.5,10.0,345.0,11.0,347.0,10.0,364.0,10.0,,0.0,323.0,10.0,303.5,10.0,300.5,10.0,297.5,11.0,200.0,1.0
2023-04-27 21:00:28.25,1682600428250000000,323.5,323.5,323.0,718.0,20.0,64650.0,342.5,10.0,345.0,11.0,364.0,10.0,,0.0,,0.0,303.5,10.0,300.5,10.0,297.5,11.0,200.0,1.0,115.0,1.0
2023-04-27 21:00:39.75,1682600439750000000,323.5,323.5,323.0,718.0,20.0,64650.0,343.5,10.0,345.0,11.0,364.0,10.0,,0.0,,0.0,303.5,10.0,300.5,10.0,297.5,11.0,200.0,1.0,115.0,1.0
2023-04-27 21:00:40.0,1682600440000000000,323.5,323.5,323.0,718.0,20.0,64650.0,345.0,21.0,364.0,10.0,,0.0,,0.0,,0.0,303.5,10.0,300.5,10.0,297.5,11.0,200.0,1.0,115.0,1.0
2023-04-27 21:00:50.75,1682600450750000000,323.5,323.5,323.0,718.0,20.0,64650.0,345.0,21.0,366.0,10.0,,0.0,,0.0,,0.0,304.0,10.0,303.5,10.0,297.5,11.0,200.0,1.0,115.0,1.0
2023-04-27 21:00:51.0,1682600451000000000,323.5,323.5,323.0,718.0,20.0,64650.0,345.0,21.0,366.0,10.0,,0.0,,0.0,,0.0,307.0,10.0,304.0,10.0,297.5,11.0,200.0,1.0,115.0,1.0
2023-04-27 21:00:52.25,1682600452250000000,323.5,323.5,323.0,718.0,20.0,64650.0,345.0,11.0,363.0,10.0,366.0,10.0,,0.0,,0.0,307.0,10.0,304.0,10.0,297.5,11.0,200.0,1.0,115.0,1.0
2023-04-27 21:01:00.25,1682600460250000000,323.5,323.5,323.0,718.0,20.0,64650.0,345.0,11.0,363.0,10.0,366.0,10.0,,0.0,,0.0,307.0,10.0,304.0,10.0,297.5,11.0,115.0,1.0,88.0,2.0
2023-04-27 21:01:00.5,1682600460500000000,323.5,323.5,323.0,718.0,20.0,64650.0,342.0,10.0,345.0,11.0,366.0,10.0,,0.0,,0.0,307.0,10.0,304.0,10.0,297.5,11.0,115.0,1.0,88.0,2.0
2023-04-27 21:01:04.0,1682600464000000000,323.5,323.5,323.0,718.0,20.0,64650.0,342.0,10.0,345.0,11.0,366.0,10.0,,0.0,,0.0,306.5,10.0,304.0,10.0,297.5,11.0,115.0,1.0,88.0,2.0
2023-04-27 21:01:04.25,1682600464250000000,323.5,323.5,323.0,718.0,20.0,64650.0,342.0,17.0,345.0,11.0,366.0,10.0,,0.0,,0.0,306.5,10.0,304.0,10.0,297.5,11.0,115.0,1.0,88.0,2.0
2023-04-27 21:01:05.75,1682600465750000000,323.5,323.5,323.0,718.0,20.0,64650.0,342.0,17.0,345.0,11.0,360.0,10.0,,0.0,,0.0,306.5,10.0,298.0,10.0,297.5,11.0,115.0,1.0,88.0,2.0
2023-04-27 21:01:06.5,1682600466500000000,323.5,323.5,323.0,718.0,20.0,64650.0,342.0,17.0,345.0,11.0,360.0,10.0,,0.0,,0.0,301.0,10.0,298.0,10.0,297.5,11.0,115.0,1.0,88.0,2.0
2023-04-27 21:01:07.5,1682600467500000000,323.5,323.5,323.0,718.0,20.0,64650.0,342.0,17.0,345.0,11.0,360.0,10.0,,0.0,,0.0,301.0,10.0,300.5,7.0,298.0,10.0,297.5,11.0,115.0,1.0
2023-04-27 21:01:08.0,1682600468000000000,323.5,323.5,323.0,718.0,20.0,64650.0,342.0,17.0,345.0,21.0,360.0,10.0,,0.0,,0.0,322.0,10.0,301.0,10.0,300.5,7.0,298.0,10.0,297.5,11.0
2023-04-27 21:01:08.25,1682600468250000000,323.5,323.5,323.0,718.0,20.0,64650.0,342.0,17.0,345.0,21.0,360.0,10.0,,0.0,,0.0,323.0,10.0,301.0,10.0,300.5,7.0,298.0,10.0,297.5,11.0
2023-04-27 21:01:08.5,1682600468500000000,323.5,323.5,323.0,718.0,20.0,64650.0,342.0,17.0,345.0,21.0,360.0,10.0,,0.0,,0.0,324.5,10.0,301.0,10.0,300.5,7.0,298.0,10.0,297.5,11.0
2023-04-27 21:01:08.75,1682600468750000000,323.5,323.5,323.0,718.0,20.0,64650.0,342.0,17.0,342.5,10.0,345.0,21.0,,0.0,,0.0,324.5,10.0,306.5,10.0,301.0,10.0,300.5,7.0,297.5,11.0
2023-04-27 21:01:09.0,1682600469000000000,323.5,323.5,323.0,718.0,20.0,64650.0,342.0,17.0,342.5,10.0,345.0,21.0,,0.0,,0.0,324.5,10.0,307.5,10.0,306.5,10.0,300.5,7.0,297.5,11.0
2023-04-27 21:01:09.25,1682600469250000000,323.5,323.5,323.0,718.0,20.0,64650.0,342.0,17.0,345.0,21.0,365.0,10.0,,0.0,,0.0,324.5,10.0,307.0,10.0,300.5,7.0,298.0,10.0,297.5,11.0
2023-04-27 21:01:09.5,1682600469500000000,324.5,324.5,323.0,728.0,30.0,97100.0,342.0,17.0,343.5,10.0,345.0,11.0,,0.0,,0.0,307.0,10.0,306.0,10.0,300.5,7.0,297.5,11.0,115.0,1.0
2023-04-27 21:01:09.75,1682600469750000000,324.5,324.5,323.0,728.0,30.0,97100.0,342.0,17.0,345.0,11.0,366.0,10.0,,0.0,,0.0,307.0,10.0,300.5,7.0,298.0,10.0,297.5,11.0,115.0,1.0
2023-04-27 21:01:16.75,1682600476750000000,324.5,324.5,323.0,728.0,30.0,97100.0,342.0,17.0,345.0,11.0,381.0,10.0,,0.0,,0.0,307.0,10.0,301.5,10.0,300.5,7.0,297.5,11.0,115.0,1.0
2023-04-27 21:01:17.0,1682600477000000000,324.5,324.5,323.0,728.0,30.0,97100.0,342.0,7.0,342.5,10.0,345.0,11.0,381.0,10.0,,0.0,307.0,10.0,301.5,10.0,300.5,7.0,297.5,11.0,115.0,1.0
2023-04-27 21:01:17.25,1682600477250000000,324.5,324.5,323.0,728.0,30.0,97100.0,342.0,7.0,343.0,10.0,345.0,11.0,381.0,10.0,,0.0,307.0,10.0,301.5,10.0,300.5,7.0,297.5,11.0,115.0,1.0
2023-04-27 21:01:17.75,1682600477750000000,324.5,324.5,323.0,728.0,30.0,97100.0,342.0,7.0,343.5,10.0,345.0,11.0,381.0,10.0,,0.0,307.0,10.0,301.5,10.0,300.5,7.0,297.5,11.0,115.0,1.0
2023-04-27 21:01:33.25,1682600493250000000,324.5,324.5,323.0,728.0,30.0,97100.0,342.0,7.0,344.0,10.0,345.0,11.0,381.0,10.0,,0.0,307.0,10.0,301.5,10.0,300.5,7.0,297.5,11.0,115.0,1.0
2023-04-27 21:01:33.75,1682600493750000000,324.5,324.5,323.0,728.0,30.0,97100.0,342.0,7.0,344.5,10.0,345.0,11.0,381.0,10.0,,0.0,307.0,10.0,301.5,10.0,300.5,7.0,297.5,11.0,115.0,1.0
2023-04-27 21:01:34.25,1682600494250000000,324.5,324.5,323.0,728.0,30.0,97100.0,333.0,10.0,342.0,7.0,344.5,10.0,345.0,11.0,381.0,10.0,329.0,10.0,307.0,10.0,301.5,10.0,300.5,7.0,297.5,11.0
2023-04-27 21:01:34.5,1682600494500000000,324.5,324.5,323.0,728.0,30.0,97100.0,342.0,7.0,344.5,10.0,345.0,11.0,381.0,10.0,,0.0,307.0,10.0,301.5,10.0,300.5,7.0,297.5,11.0,115.0,1.0
2023-04-27 21:01:34.75,1682600494750000000,324.5,324.5,323.0,728.0,30.0,97100.0,342.0,7.0,345.0,21.0,381.0,10.0,,0.0,,0.0,307.0,10.0,301.5,10.0,300.5,7.0,297.5,11.0,115.0,1.0
2023-04-27 21:01:37.25,1682600497250000000,324.5,324.5,323.0,728.0,30.0,97100.0,342.0,7.0,345.0,11.0,378.0,10.0,381.0,10.0,,0.0,307.0,10.0,301.5,10.0,300.5,7.0,297.5,11.0,115.0,1.0
2023-04-27 21:01:42.0,1682600502000000000,324.5,324.5,323.0,728.0,30.0,97100.0,342.0,7.0,345.0,11.0,378.0,10.0,381.0,10.0,,0.0,312.0,7.0,307.0,10.0,301.5,10.0,300.5,7.0,297.5,11.0
2023-04-27 21:01:42.25,1682600502250000000,324.5,324.5,323.0,728.0,30.0,97100.0,342.0,7.0,345.0,11.0,378.0,10.0,381.0,10.0,,0.0,315.0,10.0,312.0,7.0,301.5,10.0,300.5,7.0,297.5,11.0
2023-04-27 21:01:49.0,1682600509000000000,324.5,324.5,323.0,728.0,30.0,97100.0,342.0,7.0,345.0,11.0,358.5,10.0,378.0,10.0,,0.0,315.5,10.0,315.0,10.0,312.0,7.0,300.5,7.0,297.5,11.0
2023-04-27 21:01:49.25,1682600509250000000,324.5,324.5,323.0,728.0,30.0,97100.0,342.0,7.0,345.0,11.0,355.5,10.0,358.5,10.0,,0.0,318.5,10.0,315.5,10.0,312.0,7.0,300.5,7.0,297.5,11.0
2023-04-27 21:01:49.75,1682600509750000000,324.5,324.5,323.0,728.0,30.0,97100.0,342.0,7.0,345.0,11.0,355.5,10.0,405.5,10.0,,0.0,318.5,10.0,312.0,7.0,307.5,10.0,300.5,7.0,297.5,11.0
2023-04-27 21:01:53.5,1682600513500000000,324.5,324.5,323.0,728.0,30.0,97100.0,342.0,7.0,345.0,11.0,402.5,10.0,405.5,10.0,,0.0,318.5,10.0,312.0,7.0,307.5,10.0,300.5,7.0,297.5,11.0
2023-04-27 21:01:53.75,1682600513750000000,324.5,324.5,323.0,728.0,30.0,97100.0,342.0,7.0,345.0,11.0,402.5,10.0,405.5,10.0,,0.0,318.5,10.0,313.0,11.0,312.0,7.0,307.5,10.0,300.5,7.0
2023-04-27 21:01:54.25,1682600514250000000,324.5,324.5,323.0,728.0,30.0,97100.0,342.0,7.0,345.0,11.0,402.5,10.0,407.0,10.0,,0.0,318.5,10.0,313.0,11.0,312.0,7.0,310.5,10.0,300.5,7.0
2023-04-27 21:01:56.25,1682600516250000000,324.5,324.5,323.0,728.0,30.0,97100.0,342.0,7.0,345.0,11.0,363.5,10.0,402.5,10.0,,0.0,318.5,10.0,318.0,10.0,313.0,11.0,312.0,7.0,300.5,7.0
2023-04-27 21:01:56.5,1682600516500000000,324.5,324.5,323.0,728.0,30.0,97100.0,342.0,7.0,345.0,11.0,360.5,10.0,410.5,10.0,,0.0,318.5,10.0,313.0,11.0,312.0,7.0,310.0,10.0,300.5,7.0
2023-04-27 21:01:56.75,1682600516750000000,324.5,324.5,323.0,728.0,30.0,97100.0,342.0,7.0,345.0,11.0,360.5,10.0,364.0,10.0,,0.0,318.5,10.0,317.5,10.0,313.0,11.0,312.0,7.0,300.5,7.0
2023-04-27 21:01:57.25,1682600517250000000,324.5,324.5,323.0,728.0,30.0,97100.0,342.0,7.0,345.0,11.0,360.5,10.0,411.0,10.0,,0.0,318.5,10.0,313.0,11.0,312.0,7.0,309.5,10.0,300.5,7.0
2023-04-27 21:02:06.25,1682600526250000000,324.5,324.5,323.0,728.0,30.0,97100.0,333.5,10.0,342.0,7.0,345.0,11.0,360.5,10.0,411.0,10.0,329.5,10.0,318.5,10.0,313.0,11.0,312.0,7.0,309.5,10.0
2023-04-27 21:02:06.5,1682600526500000000,324.5,324.5,323.0,728.0,30.0,97100.0,342.0,7.0,345.0,11.0,360.5,10.0,411.0,10.0,,0.0,318.5,10.0,313.0,11.0,312.0,7.0,309.5,10.0,300.5,7.0
2023-04-27 21:02:07.0,1682600527000000000,324.5,324.5,323.0,728.0,30.0,97100.0,342.0,7.0,345.0,11.0,360.5,10.0,411.0,10.0,,0.0,316.0,10.0,313.0,11.0,312.0,7.0,309.5,10.0,300.5,7.0
2023-04-27 21:02:31.0,1682600551000000000,324.5,324.5,323.0,728.0,30.0,97100.0,342.0,7.0,345.0,11.0,360.5,10.0,363.0,10.0,,0.0,316.0,20.0,313.0,11.0,312.0,7.0,300.5,7.0,115.0,1.0
2023-04-27 21:02:32.0,1682600552000000000,324.5,324.5,323.0,728.0,30.0,97100.0,342.0,7.0,345.0,11.0,360.5,10.0,415.0,10.0,,0.0,316.0,10.0,313.0,11.0,312.0,7.0,307.5,10.0,300.5,7.0
2023-04-27 21:02:38.25,1682600558250000000,324.5,324.5,323.0,728.0,30.0,97100.0,342.0,7.0,345.0,11.0,360.5,10.0,363.5,10.0,,0.0,316.0,20.0,313.0,11.0,312.0,7.0,300.5,7.0,115.0,1.0
2023-04-27 21:02:38.75,1682600558750000000,324.5,324.5,323.0,728.0,30.0,97100.0,342.0,7.0,345.0,11.0,360.5,10.0,416.5,10.0,,0.0,316.0,10.0,313.0,11.0,312.0,7.0,308.0,10.0,300.5,7.0
2023-04-27 21:02:41.75,1682600561750000000,324.5,324.5,323.0,728.0,30.0,97100.0,342.0,7.0,345.0,11.0,360.5,10.0,365.0,10.0,,0.0,316.5,10.0,316.0,10.0,313.0,11.0,312.0,7.0,300.5,7.0
2023-04-27 21:02:42.0,1682600562000000000,324.5,324.5,323.0,728.0,30.0,97100.0,342.0,7.0,345.0,11.0,360.5,10.0,365.0,10.0,,0.0,319.5,10.0,316.5,10.0,313.0,11.0,312.0,7.0,300.5,7.0
2023-04-27 21:02:42.25,1682600562250000000,324.5,324.5,323.0,728.0,30.0,97100.0,342.0,7.0,345.0,21.0,360.5,10.0,365.0,10.0,,0.0,319.5,20.0,316.5,10.0,313.0,11.0,312.0,7.0,300.5,7.0
2023-04-27 21:02:43.5,1682600563500000000,324.5,324.5,323.0,728.0,30.0,97100.0,342.0,7.0,345.0,21.0,360.5,10.0,443.5,10.0,,0.0,319.5,20.0,313.0,11.0,312.0,7.0,303.5,10.0,300.5,7.0
2023-04-27 21:02:45.0,1682600565000000000,324.5,324.5,323.0,728.0,30.0,97100.0,342.0,7.0,345.0,21.0,360.5,10.0,375.0,10.0,,0.0,319.5,20.0,314.0,10.0,313.0,11.0,312.0,7.0,300.5,7.0
2023-04-27 21:02:45.5,1682600565500000000,324.5,324.5,323.0,728.0,30.0,97100.0,342.0,7.0,345.0,21.0,360.5,10.0,448.5,10.0,,0.0,319.5,20.0,313.0,11.0,312.0,7.0,303.0,10.0,300.5,7.0
2023-04-27 21:02:46.75,1682600566750000000,324.5,324.5,323.0,728.0,30.0,97100.0,342.0,7.0,345.0,21.0,360.5,10.0,375.0,10.0,,0.0,319.5,20.0,313.0,21.0,312.0,7.0,300.5,7.0,115.0,1.0
2023-04-27 21:02:47.75,1682600567750000000,324.5,324.5,323.0,728.0,30.0,97100.0,342.0,7.0,345.0,21.0,360.5,10.0,450.5,10.0,,0.0,319.5,20.0,313.0,11.0,312.0,7.0,303.0,10.0,300.5,7.0
2023-04-27 21:02:48.5,1682600568500000000,324.5,324.5,323.0,728.0,30.0,97100.0,342.0,7.0,345.0,21.0,360.5,10.0,375.5,10.0,,0.0,319.5,20.0,313.0,21.0,312.0,7.0,300.5,7.0,115.0,1.0
2023-04-27 21:02:48.75,1682600568750000000,324.5,324.5,323.0,728.0,30.0,97100.0,342.0,7.0,345.0,21.0,360.5,10.0,450.0,10.0,,0.0,319.5,20.0,313.0,11.0,312.0,7.0,302.5,10.0,300.5,7.0
2023-04-27 21:02:49.0,1682600569000000000,324.5,324.5,323.0,728.0,30.0,97100.0,342.0,7.0,345.0,21.0,360.5,10.0,375.5,10.0,,0.0,319.5,20.0,313.0,21.0,312.0,7.0,300.5,7.0,115.0,1.0
2023-04-27 21:02:49.75,1682600569750000000,324.5,324.5,323.0,728.0,30.0,97100.0,342.0,17.0,345.0,21.0,360.5,10.0,450.0,10.0,,0.0,319.5,30.0,313.0,11.0,312.0,7.0,302.5,10.0,300.5,7.0
2023-04-27 21:02:50.0,1682600570000000000,324.5,324.5,323.0,728.0,30.0,97100.0,342.0,27.0,345.0,11.0,360.5,10.0,375.5,10.0,,0.0,319.5,30.0,313.0,21.0,312.0,7.0,300.5,7.0,115.0,1.0
2023-04-27 21:02:50.75,1682600570750000000,324.5,324.5,323.0,728.0,30.0,97100.0,342.0,27.0,345.0,11.0,348.0,10.0,360.5,10.0,375.5,10.0,322.0,10.0,319.5,30.0,313.0,21.0,312.0,7.0,300.5,7.0
2023-04-27 21:02:51.0,1682600571000000000,324.5,324.5,323.0,728.0,30.0,97100.0,342.0,27.0,345.0,11.0,348.0,10.0,360.5,10.0,375.5,10.0,322.0,20.0,319.5,20.0,313.0,21.0,312.0,7.0,300.5,7.0
2023-04-27 21:02:53.0,1682600573000000000,324.5,324.5,323.0,728.0,30.0,97100.0,342.0,27.0,345.0,11.0,348.0,10.0,360.5,10.0,375.5,10.0,322.0,20.0,319.5,10.0,316.0,10.0,313.0,21.0,312.0,7.0
2023-04-27 21:02:58.25,1682600578250000000,324.5,324.5,323.0,728.0,30.0,97100.0,342.0,27.0,344.0,10.0,345.0,11.0,348.0,10.0,360.5,10.0,322.0,30.0,319.5,10.0,316.0,10.0,313.0,21.0,312.0,7.0
2023-04-27 21:02:59.75,1682600579750000000,324.5,324.5,323.0,728.0,30.0,97100.0,342.0,27.0,345.0,21.0,348.0,10.0,360.5,10.0,375.5,10.0,322.0,20.0,319.5,20.0,316.0,10.0,313.0,21.0,312.0,7.0
2023-04-27 21:03:00.0,1682600580000000000,324.5,324.5,323.0,728.0,30.0,97100.0,342.0,27.0,345.0,21.0,347.0,10.0,348.0,10.0,375.5,10.0,322.0,20.0,319.5,20.0,316.0,10.0,313.0,21.0,312.0,7.0
2023-04-27 21:03:01.5,1682600581500000000,324.5,324.5,323.0,728.0,30.0,97100.0,342.0,27.0,345.0,21.0,347.0,10.0,348.0,10.0,375.5,10.0,322.0,20.0,319.5,20.0,315.5,10.0,313.0,21.0,312.0,7.0
2023-04-27 21:03:03.0,1682600583000000000,324.5,324.5,323.0,728.0,30.0,97100.0,342.0,27.0,345.0,21.0,347.0,10.0,348.0,10.0,375.5,10.0,322.0,20.0,319.5,20.0,314.5,10.0,313.0,21.0,312.0,7.0
2023-04-27 21:03:03.5,1682600583500000000,324.5,324.5,323.0,728.0,30.0,97100.0,342.0,27.0,343.0,10.0,345.0,21.0,347.0,10.0,375.5,10.0,322.0,10.0,319.5,20.0,317.5,10.0,314.0,10.0,313.0,21.0
2023-04-27 21:03:03.75,1682600583750000000,324.5,324.5,323.0,728.0,30.0,97100.0,342.0,17.0,343.0,10.0,344.5,10.0,345.0,21.0,375.5,10.0,319.5,20.0,317.5,10.0,314.0,10.0,313.0,21.0,312.0,7.0
2023-04-27 21:03:04.0,1682600584000000000,324.5,324.5,323.0,728.0,30.0,97100.0,342.0,7.0,343.0,20.0,343.5,10.0,344.5,10.0,345.0,11.0,319.5,10.0,318.5,10.0,317.5,10.0,314.0,10.0,313.0,21.0
2023-04-27 21:03:04.25,1682600584250000000,324.5,324.5,323.0,728.0,30.0,97100.0,342.0,7.0,343.0,10.0,343.5,10.0,345.0,21.0,375.5,10.0,318.5,10.0,317.5,10.0,314.0,10.0,313.0,21.0,312.0,7.0
2023-04-27 21:03:04.5,1682600584500000000,324.5,324.5,323.0,728.0,30.0,97100.0,342.0,7.0,343.0,20.0,345.0,11.0,372.5,10.0,375.5,10.0,318.0,10.0,317.5,10.0,314.0,10.0,313.0,21.0,312.0,7.0
2023-04-27 21:03:06.0,1682600586000000000,324.5,324.5,323.0,728.0,30.0,97100.0,342.0,7.0,343.0,20.0,345.0,11.0,372.5,10.0,375.5,10.0,318.0,10.0,317.5,10.0,313.5,10.0,313.0,21.0,312.0,7.0
2023-04-27 21:03:06.25,1682600586250000000,324.5,324.5,323.0,728.0,30.0,97100.0,342.0,7.0,343.0,10.0,344.0,10.0,345.0,11.0,375.5,10.0,317.5,10.0,313.5,10.0,313.0,21.0,312.0,7.0,300.5,7.0
2023-04-27 21:03:06.5,1682600586500000000,324.5,324.5,323.0,728.0,30.0,97100.0,342.0,7.0,343.0,10.0,344.5,10.0,345.0,11.0,375.5,10.0,317.5,10.0,313.5,10.0,313.0,21.0,312.0,7.0,300.5,7.0
2023-04-27 21:03:07.75,1682600587750000000,324.5,324.5,323.0,728.0,30.0,97100.0,342.0,7.0,343.0,10.0,345.0,21.0,375.5,10.0,,0.0,317.5,10.0,313.5,10.0,313.0,21.0,312.0,7.0,300.5,7.0
2023-04-27 21:03:09.25,1682600589250000000,324.5,324.5,323.0,728.0,30.0,97100.0,342.0,7.0,343.0,10.0,345.0,11.0,372.5,10.0,375.5,10.0,317.5,10.0,313.5,10.0,313.0,21.0,312.0,7.0,300.5,7.0
2023-04-27 21:03:11.0,1682600591000000000,324.5,324.5,323.0,728.0,30.0,97100.0,342.0,7.0,343.0,10.0,345.0,11.0,372.5,10.0,445.0,10.0,317.5,10.0,313.5,10.0,313.0,11.0,312.0,7.0,303.0,10.0
2023-04-27 21:03:22.0,1682600602000000000,324.5,324.5,323.0,728.0,30.0,97100.0,342.0,7.0,343.0,10.0,345.0,11.0,372.5,10.0,376.0,10.0,317.5,10.0,314.5,10.0,313.5,10.0,313.0,11.0,312.0,7.0
2023-04-27 21:03:22.25,1682600602250000000,324.5,324.5,323.0,728.0,30.0,97100.0,342.0,7.0,343.0,10.0,345.0,11.0,372.5,10.0,445.5,10.0,318.0,10.0,317.5,10.0,313.0,11.0,312.0,7.0,304.5,10.0
2023-04-27 21:03:22.5,1682600602500000000,324.5,324.5,323.0,728.0,30.0,97100.0,342.0,7.0,343.0,20.0,345.0,11.0,372.5,10.0,445.5,10.0,318.0,20.0,317.5,10.0,313.0,11.0,312.0,7.0,304.5,10.0
2023-04-27 21:03:23.5,1682600603500000000,324.5,324.5,323.0,728.0,30.0,97100.0,342.0,7.0,343.0,20.0,345.0,11.0,372.5,10.0,376.0,10.0,318.0,20.0,317.5,10.0,314.5,10.0,313.0,11.0,312.0,7.0
2023-04-27 21:03:25.5,1682600605500000000,324.5,324.5,323.0,728.0,30.0,97100.0,342.0,7.0,343.0,20.0,345.0,11.0,372.5,10.0,447.5,10.0,318.0,20.0,317.5,10.0,313.0,11.0,312.0,7.0,304.5,10.0
2023-04-27 21:03:29.0,1682600609000000000,324.5,324.5,323.0,728.0,30.0,97100.0,342.0,7.0,343.0,20.0,345.0,11.0,372.5,10.0,447.5,10.0,318.0,10.0,317.5,20.0,313.0,11.0,312.0,7.0,304.5,10.0
2023-04-27 21:03:29.25,1682600609250000000,324.5,324.5,323.0,728.0,30.0,97100.0,342.0,7.0,343.0,10.0,345.0,11.0,372.5,10.0,447.5,10.0,317.5,20.0,313.0,11.0,312.0,7.0,304.5,10.0,300.5,7.0
2023-04-27 21:03:29.75,1682600609750000000,324.5,324.5,323.0,728.0,30.0,97100.0,342.0,7.0,343.0,10.0,345.0,11.0,372.5,10.0,447.5,10.0,317.5,10.0,316.0,10.0,313.0,11.0,312.0,7.0,304.5,10.0
2023-04-27 21:03:47.25,1682600627250000000,324.5,324.5,323.0,728.0,30.0,97100.0,334.5,10.0,342.0,7.0,343.0,10.0,345.0,11.0,372.5,10.0,331.0,10.0,317.5,10.0,316.0,10.0,313.0,11.0,312.0,7.0
2023-04-27 21:03:47.5,1682600627500000000,331.0,331.0,323.0,738.0,40.0,130200.0,342.0,17.0,343.0,10.0,345.0,11.0,372.5,10.0,447.5,10.0,317.5,10.0,317.0,10.0,316.0,10.0,313.0,11.0,312.0,7.0
2023-04-27 21:03:47.75,1682600627750000000,331.0,331.0,323.0,738.0,40.0,130200.0,342.0,7.0,343.0,10.0,345.0,11.0,372.5,10.0,447.5,10.0,317.5,10.0,316.0,10.0,313.0,11.0,312.0,7.0,304.5,10.0
2023-04-27 21:03:54.5,1682600634500000000,331.0,331.0,323.0,738.0,40.0,130200.0,342.0,7.0,343.0,10.0,345.0,11.0,372.5,10.0,447.5,10.0,317.5,10.0,315.0,10.0,313.0,11.0,312.0,7.0,304.5,10.0
2023-04-27 21:04:00.0,1682600640000000000,331.0,331.0,323.0,738.0,40.0,130200.0,342.0,7.0,343.0,20.0,345.0,11.0,372.5,10.0,447.5,10.0,323.0,10.0,317.5,10.0,315.0,10.0,313.0,11.0,312.0,7.0
2023-04-27 21:04:00.25,1682600640250000000,331.0,331.0,323.0,738.0,40.0,130200.0,342.0,7.0,343.0,20.0,345.0,21.0,372.5,10.0,447.5,10.0,323.0,10.0,319.5,10.0,317.5,10.0,315.0,10.0,313.0,11.0
2023-04-27 21:04:00.75,1682600640750000000,331.0,331.0,323.0,738.0,40.0,130200.0,342.0,7.0,343.0,20.0,345.0,21.0,372.5,10.0,373.0,10.0,323.0,10.0,319.5,10.0,317.5,10.0,315.0,10.0,313.0,11.0
2023-04-27 21:04:01.0,1682600641000000000,331.0,331.0,323.0,738.0,40.0,130200.0,342.0,7.0,343.0,20.0,345.0,21.0,372.5,10.0,446.5,10.0,323.0,10.0,319.5,10.0,317.5,10.0,315.0,10.0,313.0,11.0
2023-04-27 21:04:02.25,1682600642250000000,331.0,331.0,323.0,738.0,40.0,130200.0,342.0,7.0,343.0,20.0,345.0,21.0,372.5,10.0,374.0,10.0,323.0,10.0,319.5,10.0,317.5,10.0,315.0,10.0,313.0,11.0
2023-04-27 21:04:02.5,1682600642500000000,331.0,331.0,323.0,738.0,40.0,130200.0,336.0,10.0,342.0,7.0,343.0,10.0,345.0,21.0,372.5,10.0,332.0,10.0,319.5,10.0,317.5,10.0,315.0,10.0,313.0,11.0
2023-04-27 21:04:02.75,1682600642750000000,331.0,331.0,323.0,738.0,40.0,130200.0,342.0,7.0,343.0,10.0,345.0,21.0,372.5,10.0,374.0,10.0,319.5,10.0,317.5,10.0,315.0,10.0,313.0,11.0,312.5,10.0
2023-04-27 21:04:03.0,1682600643000000000,331.0,331.0,323.0,738.0,40.0,130200.0,342.0,7.0,343.0,10.0,344.5,10.0,345.0,11.0,372.5,10.0,319.0,10.0,317.5,10.0,315.0,10.0,313.0,11.0,312.0,7.0
2023-04-27 21:04:03.25,1682600643250000000,331.0,331.0,323.0,738.0,40.0,130200.0,342.0,7.0,343.0,10.0,343.5,10.0,345.0,11.0,372.5,10.0,318.5,10.0,317.5,10.0,315.0,10.0,313.0,11.0,312.0,7.0
2023-04-27 21:04:03.5,1682600643500000000,331.0,331.0,323.0,738.0,40.0,130200.0,342.0,7.0,343.0,20.0,345.0,11.0,372.5,10.0,448.0,10.0,318.0,10.0,317.5,10.0,315.0,10.0,313.0,11.0,312.0,7.0
2023-04-27 21:04:03.75,1682600643750000000,331.0,331.0,323.0,738.0,40.0,130200.0,334.5,10.0,342.0,7.0,343.0,10.0,345.0,11.0,372.5,10.0,330.5,10.0,317.5,10.0,315.0,10.0,313.0,11.0,312.0,7.0
2023-04-27 21:04:04.0,1682600644000000000,331.0,331.0,323.0,738.0,40.0,130200.0,334.5,10.0,342.0,7.0,343.0,10.0,345.0,11.0,346.0,10.0,330.5,10.0,320.5,10.0,317.5,10.0,315.0,10.0,313.0,11.0
2023-04-27 21:04:04.5,1682600644500000000,331.0,331.0,323.0,738.0,40.0,130200.0,342.0,7.0,343.0,10.0,345.0,11.0,346.0,10.0,372.5,10.0,320.5,10.0,317.5,10.0,315.0,10.0,313.0,11.0,312.0,17.0
2023-04-27 21:04:04.75,1682600644750000000,331.0,331.0,323.0,738.0,40.0,130200.0,342.0,7.0,343.0,10.0,345.0,11.0,345.5,10.0,372.5,10.0,320.0,10.0,317.5,10.0,315.0,10.0,313.0,11.0,312.0,7.0
2023-04-27 21:04:05.0,1682600645000000000,331.0,331.0,323.0,738.0,40.0,130200.0,342.0,7.0,343.0,10.0,345.0,21.0,372.5,10.0,448.5,10.0,319.5,10.0,317.5,10.0,315.0,10.0,313.0,11.0,312.0,7.0
2023-04-27 21:04:05.25,1682600645250000000,331.0,331.0,323.0,738.0,40.0,130200.0,342.0,7.0,343.0,10.0,344.5,10.0,345.0,11.0,372.5,10.0,319.0,10.0,317.5,10.0,315.0,10.0,313.0,11.0,312.0,7.0
2023-04-27 21:04:05.5,1682600645500000000,331.0,331.0,323.0,738.0,40.0,130200.0,342.0,7.0,343.0,10.0,343.5,10.0,345.0,11.0,372.5,10.0,318.5,10.0,317.5,10.0,315.0,10.0,313.0,11.0,312.0,7.0
2023-04-27 21:04:05.75,1682600645750000000,331.0,331.0,323.0,738.0,40.0,130200.0,342.0,7.0,343.0,20.0,345.0,11.0,372.5,10.0,448.5,10.0,318.0,10.0,317.5,10.0,315.0,10.0,313.0,11.0,312.0,7.0
2023-04-27 21:04:06.0,1682600646000000000,331.0,331.0,323.0,738.0,40.0,130200.0,342.0,7.0,343.0,10.0,345.0,11.0,372.5,10.0,448.5,10.0,317.5,10.0,315.0,10.0,313.0,11.0,312.0,7.0,302.0,10.0
2023-04-27 21:04:07.5,1682600647500000000,331.0,331.0,323.0,738.0,40.0,130200.0,342.0,7.0,343.0,10.0,345.0,11.0,372.5,10.0,373.0,10.0,317.5,10.0,315.0,10.0,313.0,11.0,312.0,7.0,310.0,10.0
2023-04-27 21:04:08.5,1682600648500000000,331.0,331.0,323.0,738.0,40.0,130200.0,342.0,7.0,343.0,10.0,345.0,11.0,372.5,10.0,449.0,10.0,317.5,10.0,315.0,10.0,313.0,11.0,312.0,7.0,300.5,7.0
2023-04-27 21:04:09.0,1682600649000000000,331.0,331.0,323.0,738.0,40.0,130200.0,337.5,10.0,342.0,7.0,345.0,11.0,372.5,10.0,449.0,10.0,321.5,10.0,314.5,10.0,313.0,11.0,312.0,7.0,300.5,7.0
2023-04-27 21:04:09.25,1682600649250000000,331.0,331.0,323.0,738.0,40.0,130200.0,337.5,10.0,342.0,7.0,343.0,10.0,345.0,11.0,372.5,10.0,321.5,10.0,318.0,10.0,314.5,10.0,313.0,11.0,312.0,7.0
2023-04-27 21:04:10.5,1682600650500000000,331.0,331.0,323.0,738.0,40.0,130200.0,337.5,10.0,342.0,7.0,343.0,10.0,345.0,11.0,372.5,10.0,321.5,10.0,318.0,10.0,314.5,10.0,313.0,11.0,312.0,7.0
2023-04-27 21:04:11.5,1682600651500000000,331.0,331.0,323.0,738.0,40.0,130200.0,337.5,10.0,342.0,7.0,343.0,10.0,345.0,21.0,449.5,10.0,321.5,10.0,318.0,10.0,314.5,10.0,313.0,11.0,312.0,7.0
2023-04-27 21:04:12.0,1682600652000000000,331.0,331.0,323.0,738.0,40.0,130200.0,337.5,10.0,342.0,7.0,343.0,10.0,345.0,21.0,449.5,10.0,321.5,10.0,318.0,10.0,314.0,10.0,313.0,11.0,312.0,7.0
2023-04-27 21:04:12.5,1682600652500000000,331.0,331.0,323.0,738.0,40.0,130200.0,337.5,10.0,339.5,10.0,342.0,7.0,343.0,10.0,345.0,21.0,321.5,10.0,319.5,10.0,318.0,10.0,314.0,10.0,313.0,11.0
2023-04-27 21:04:13.5,1682600653500000000,331.0,331.0,323.0,738.0,40.0,130200.0,337.5,10.0,342.0,7.0,343.0,10.0,345.0,21.0,373.0,10.0,321.5,10.0,318.0,10.0,314.0,10.0,313.0,11.0,312.0,7.0
2023-04-27 21:04:13.75,1682600653750000000,331.0,331.0,323.0,738.0,40.0,130200.0,337.5,20.0,342.0,7.0,343.0,10.0,345.0,21.0,450.5,10.0,321.5,20.0,318.0,10.0,314.0,10.0,313.0,11.0,312.0,7.0
2023-04-27 21:04:14.0,1682600654000000000,331.0,331.0,323.0,738.0,40.0,130200.0,337.5,20.0,342.0,7.0,343.0,10.0,345.0,21.0,373.0,10.0,321.5,20.0,318.0,10.0,314.0,10.0,313.0,11.0,312.0,7.0
2023-04-27 21:04:14.75,1682600654750000000,331.0,331.0,323.0,738.0,40.0,130200.0,337.5,20.0,342.0,7.0,343.0,10.0,345.0,21.0,373.0,10.0,321.5,20.0,318.0,10.0,313.5,10.0,313.0,11.0,312.0,7.0
2023-04-27 21:04:23.5,1682600663500000000,331.0,331.0,323.0,738.0,40.0,130200.0,337.5,20.0,342.0,7.0,343.0,10.0,345.0,21.0,373.0,10.0,321.5,20.0,318.0,10.0,313.0,11.0,312.0,17.0,309.5,10.0
2023-04-27 21:04:23.75,1682600663750000000,331.0,331.0,323.0,738.0,40.0,130200.0,337.5,20.0,342.0,7.0,342.5,10.0,343.0,10.0,345.0,11.0,321.5,20.0,318.0,10.0,313.0,11.0,312.0,17.0,309.5,10.0
2023-04-27 21:04:24.25,1682600664250000000,331.0,331.0,323.0,738.0,40.0,130200.0,337.5,20.0,342.0,7.0,343.0,20.0,345.0,11.0,373.0,10.0,321.5,20.0,318.0,10.0,313.0,11.0,312.0,17.0,309.5,10.0
2023-04-27 21:04:25.0,1682600665000000000,331.0,331.0,323.0,738.0,40.0,130200.0,337.5,20.0,342.0,7.0,343.0,20.0,345.0,11.0,373.0,10.0,321.5,20.0,318.0,10.0,313.0,11.0,312.0,7.0,311.5,10.0
2023-04-27 21:04:25.25,1682600665250000000,331.0,331.0,323.0,738.0,40.0,130200.0,337.5,20.0,342.0,17.0,343.0,10.0,345.0,11.0,373.0,10.0,321.5,20.0,318.0,10.0,313.0,11.0,312.0,7.0,311.5,10.0
2023-04-27 21:04:25.75,1682600665750000000,331.0,331.0,323.0,738.0,40.0,130200.0,335.5,10.0,337.5,10.0,342.0,17.0,343.0,10.0,345.0,11.0,321.5,10.0,318.5,10.0,318.0,10.0,313.0,11.0,312.0,7.0
2023-04-27 21:04:26.0,1682600666000000000,331.0,331.0,323.0,738.0,40.0,130200.0,335.5,20.0,342.0,17.0,343.0,10.0,345.0,11.0,373.0,10.0,318.5,20.0,318.0,10.0,313.0,11.0,312.0,7.0,311.5,10.0
2023-04-27 21:04:26.25,1682600666250000000,331.0,331.0,323.0,738.0,40.0,130200.0,335.5,20.0,340.0,10.0,342.0,17.0,345.0,11.0,373.0,10.0,318.5,20.0,315.0,10.0,313.0,11.0,312.0,7.0,311.5,10.0
2023-04-27 21:04:27.25,1682600667250000000,331.0,331.0,323.0,738.0,40.0,130200.0,335.5,20.0,340.0,10.0,342.0,7.0,342.5,10.0,345.0,11.0,318.5,20.0,315.0,10.0,313.0,11.0,312.0,7.0,311.5,10.0
2023-04-27 21:04:28.0,1682600668000000000,331.0,331.0,323.0,738.0,40.0,130200.0,335.5,20.0,340.0,10.0,342.0,7.0,342.5,10.0,345.0,11.0,318.5,20.0,315.0,10.0,313.0,11.0,312.0,7.0,309.5,10.0
2023-04-27 21:04:28.25,1682600668250000000,331.0,331.0,323.0,738.0,40.0,130200.0,335.5,20.0,340.0,10.0,341.5,10.0,342.0,7.0,345.0,11.0,318.5,20.0,315.0,10.0,313.0,11.0,312.0,7.0,311.0,10.0
2023-04-27 21:04:28.5,1682600668500000000,331.0,331.0,323.0,738.0,40.0,130200.0,335.5,20.0,340.0,10.0,341.5,10.0,342.0,7.0,345.0,11.0,318.5,20.0,315.0,10.0,313.0,11.0,312.0,7.0,309.5,10.0
2023-04-27 21:04:28.75,1682600668750000000,331.0,331.0,323.0,738.0,40.0,130200.0,335.5,20.0,340.0,10.0,341.5,10.0,342.0,7.0,345.0,11.0,318.5,20.0,315.0,10.0,313.0,11.0,312.0,7.0,310.0,10.0
2023-04-27 21:04:29.75,1682600669750000000,331.0,331.0,323.0,738.0,40.0,130200.0,335.5,20.0,340.0,10.0,341.5,10.0,342.0,7.0,345.0,11.0,318.5,20.0,315.0,10.0,313.0,11.0,312.0,7.0,309.5,10.0
2023-04-27 21:04:30.0,1682600670000000000,331.0,331.0,323.0,738.0,40.0,130200.0,335.5,20.0,340.0,10.0,341.5,10.0,342.0,7.0,345.0,11.0,318.5,20.0,315.0,10.0,313.0,11.0,312.0,7.0,309.5,20.0
2023-04-27 21:04:45.25,1682600685250000000,331.0,331.0,323.0,738.0,40.0,130200.0,335.5,20.0,340.0,10.0,342.0,7.0,342.5,10.0,345.0,11.0,318.5,20.0,315.0,10.0,313.0,11.0,312.0,7.0,309.5,20.0
2023-04-27 21:04:45.75,1682600685750000000,331.0,331.0,323.0,738.0,40.0,130200.0,335.5,20.0,340.0,10.0,342.0,7.0,343.0,10.0,345.0,11.0,318.5,20.0,315.0,10.0,313.0,11.0,312.0,7.0,309.5,20.0
2023-04-27 21:04:46.0,1682600686000000000,331.0,331.0,323.0,738.0,40.0,130200.0,335.5,20.0,340.0,10.0,342.0,7.0,343.0,10.0,345.0,11.0,318.5,20.0,315.0,10.0,313.0,11.0,312.5,10.0,312.0,7.0
2023-04-27 21:04:46.5,1682600686500000000,331.0,331.0,323.0,738.0,40.0,130200.0,335.5,20.0,340.0,10.0,342.0,7.0,343.0,10.0,345.0,11.0,318.5,20.0,315.0,10.0,313.0,11.0,312.0,17.0,309.5,10.0
2023-04-27 21:04:47.0,1682600687000000000,331.0,331.0,323.0,738.0,40.0,130200.0,335.5,20.0,340.0,10.0,342.0,7.0,343.5,10.0,345.0,11.0,318.5,20.0,315.0,10.0,313.0,11.0,312.0,17.0,309.5,10.0
2023-04-27 21:04:47.25,1682600687250000000,331.0,331.0,323.0,738.0,40.0,130200.0,335.5,20.0,340.0,10.0,342.0,7.0,344.0,10.0,345.0,11.0,318.5,20.0,315.0,10.0,313.0,11.0,312.0,17.0,309.5,10.0
2023-04-27 21:04:47.5,1682600687500000000,331.0,331.0,323.0,738.0,40.0,130200.0,335.5,20.0,340.0,10.0,342.0,7.0,344.0,10.0,345.0,11.0,318.5,20.0,315.0,10.0,313.5,10.0,313.0,11.0,312.0,7.0
2023-04-27 21:04:47.75,1682600687750000000,331.0,331.0,323.0,738.0,40.0,130200.0,335.5,20.0,340.0,10.0,342.0,7.0,344.0,10.0,345.0,11.0,318.5,20.0,315.0,10.0,313.0,21.0,312.0,7.0,309.5,10.0
2023-04-27 21:04:48.0,1682600688000000000,331.0,331.0,323.0,738.0,40.0,130200.0,335.5,20.0,340.0,10.0,342.0,7.0,344.0,10.0,345.0,11.0,318.5,20.0,315.0,10.0,313.0,11.0,312.5,10.0,312.0,7.0
2023-04-27 21:04:50.5,1682600690500000000,331.0,331.0,323.0,738.0,40.0,130200.0,335.5,20.0,340.0,10.0,342.0,7.0,344.0,10.0,345.0,11.0,318.5,20.0,315.0,10.0,313.0,11.0,312.0,17.0,309.5,10.0
2023-04-27 21:04:52.5,1682600692500000000,331.0,331.0,323.0,738.0,40.0,130200.0,335.5,20.0,340.0,10.0,342.0,7.0,344.5,10.0,345.0,11.0,318.5,20.0,315.0,10.0,313.0,11.0,312.0,17.0,309.5,10.0
2023-04-27 21:04:52.75,1682600692750000000,331.0,331.0,323.0,738.0,40.0,130200.0,335.5,20.0,340.0,10.0,342.0,7.0,345.0,21.0,373.0,10.0,318.5,20.0,315.0,10.0,314.5,10.0,313.0,11.0,312.0,7.0
2023-04-27 21:04:54.0,1682600694000000000,331.0,331.0,323.0,738.0,40.0,130200.0,335.5,20.0,340.0,10.0,342.0,7.0,345.0,21.0,373.0,10.0,318.5,20.0,315.0,10.0,314.0,10.0,313.0,11.0,312.0,7.0
2023-04-27 21:04:55.0,1682600695000000000,331.0,331.0,323.0,738.0,40.0,130200.0,335.5,20.0,340.0,10.0,342.0,7.0,345.0,21.0,373.0,10.0,318.5,20.0,315.0,10.0,313.5,10.0,313.0,11.0,312.0,7.0
2023-04-27 21:04:58.0,1682600698000000000,331.0,331.0,323.0,738.0,40.0,130200.0,335.5,20.0,340.0,10.0,342.0,7.0,345.0,11.0,370.0,10.0,318.5,20.0,315.0,10.0,313.5,10.0,313.0,11.0,312.0,7.0
2023-04-27 21:04:59.0,1682600699000000000,331.0,331.0,323.0,738.0,40.0,130200.0,335.5,10.0,338.0,10.0,340.0,10.0,342.0,7.0,345.0,11.0,322.0,10.0,318.5,10.0,315.0,10.0,313.5,10.0,313.0,11.0
2023-04-27 21:04:59.25,1682600699250000000,331.0,331.0,323.0,738.0,40.0,130200.0,338.0,20.0,340.0,10.0,342.0,7.0,345.0,11.0,370.0,10.0,322.0,20.0,315.0,20.0,313.0,11.0,312.0,7.0,309.5,10.0
2023-04-27 21:05:00.5,1682600700500000000,331.0,331.0,323.0,738.0,40.0,130200.0,338.0,30.0,340.0,10.0,342.0,7.0,345.0,11.0,370.0,10.0,322.0,30.0,315.0,10.0,314.5,10.0,313.0,11.0,312.0,7.0
2023-04-27 21:05:01.0,1682600701000000000,331.0,331.0,323.0,738.0,40.0,130200.0,338.0,30.0,340.0,10.0,342.0,7.0,345.0,11.0,365.0,10.0,322.0,30.0,315.0,10.0,314.5,10.0,313.0,11.0,312.0,7.0
2023-04-27 21:05:01.25,1682600701250000000,331.0,331.0,323.0,738.0,40.0,130200.0,338.0,30.0,340.0,10.0,342.0,7.0,345.0,11.0,362.0,10.0,322.0,30.0,315.0,10.0,314.5,10.0,313.0,11.0,312.0,7.0
2023-04-27 21:05:08.25,1682600708250000000,331.0,331.0,323.0,738.0,40.0,130200.0,338.0,30.0,340.0,10.0,342.0,7.0,345.0,11.0,358.5,10.0,322.0,30.0,315.0,10.0,314.5,10.0,313.0,11.0,312.0,7.0
2023-04-27 21:05:08.5,1682600708500000000,331.0,331.0,323.0,738.0,40.0,130200.0,338.0,30.0,340.0,10.0,342.0,7.0,345.0,21.0,358.5,10.0,322.0,30.0,315.0,10.0,314.5,10.0,313.0,11.0,312.0,7.0
2023-04-27 21:05:10.5,1682600710500000000,331.0,331.0,323.0,738.0,40.0,130200.0,338.0,30.0,340.0,10.0,342.0,7.0,345.0,11.0,355.5,10.0,322.0,30.0,315.0,10.0,314.5,10.0,313.0,11.0,312.0,7.0
2023-04-27 21:05:14.25,1682600714250000000,331.0,331.0,323.0,738.0,40.0,130200.0,338.0,20.0,340.0,10.0,341.0,10.0,342.0,7.0,345.0,11.0,325.0,10.0,322.0,20.0,315.0,10.0,314.5,10.0,313.0,11.0
2023-04-27 21:05:14.5,1682600714500000000,331.0,331.0,323.0,738.0,40.0,130200.0,338.0,20.0,340.0,10.0,341.0,10.0,342.0,7.0,345.0,11.0,325.0,30.0,317.5,10.0,315.0,10.0,313.0,11.0,312.0,7.0
2023-04-27 21:05:22.75,1682600722750000000,331.0,331.0,323.0,738.0,40.0,130200.0,338.0,20.0,340.0,10.0,342.0,7.0,344.0,10.0,345.0,11.0,327.5,10.0,325.0,20.0,317.5,10.0,315.0,10.0,313.0,11.0
2023-04-27 21:05:23.0,1682600723000000000,331.0,331.0,323.0,738.0,40.0,130200.0,338.0,20.0,340.0,10.0,342.0,7.0,344.0,10.0,345.0,11.0,327.5,30.0,317.5,10.0,315.0,10.0,313.0,11.0,312.0,7.0
2023-04-27 21:05:23.5,1682600723500000000,331.0,331.0,323.0,738.0,40.0,130200.0,338.0,10.0,339.0,10.0,340.0,10.0,342.0,7.0,344.0,10.0,327.5,30.0,317.5,10.0,315.0,10.0,313.0,11.0,312.0,7.0
2023-04-27 21:05:23.75,1682600723750000000,331.0,331.0,323.0,738.0,40.0,130200.0,339.0,20.0,340.0,10.0,342.0,7.0,344.0,10.0,345.0,11.0,327.5,30.0,317.5,10.0,315.0,10.0,313.0,11.0,312.0,7.0
2023-04-27 21:05:25.0,1682600725000000000,331.0,331.0,323.0,738.0,40.0,130200.0,339.0,20.0,340.0,10.0,342.0,7.0,344.0,10.0,345.0,11.0,327.5,30.0,317.5,10.0,315.5,10.0,315.0,10.0,313.0,11.0
2023-04-27 21:05:26.5,1682600726500000000,331.0,331.0,323.0,738.0,40.0,130200.0,339.0,20.0,340.0,10.0,342.0,7.0,344.0,10.0,345.0,11.0,327.5,30.0,317.5,10.0,315.0,10.0,313.0,11.0,312.0,7.0
2023-04-27 21:05:27.5,1682600727500000000,331.0,331.0,323.0,738.0,40.0,130200.0,339.0,20.0,340.0,10.0,342.0,7.0,344.0,10.0,345.0,11.0,327.5,30.0,317.5,10.0,316.0,10.0,315.0,10.0,313.0,11.0
2023-04-27 21:05:27.75,1682600727750000000,331.0,331.0,323.0,738.0,40.0,130200.0,339.0,20.0,340.0,10.0,342.0,7.0,344.0,10.0,345.0,11.0,327.5,30.0,317.5,10.0,315.0,10.0,313.0,11.0,312.0,7.0
2023-04-27 21:05:28.0,1682600728000000000,331.0,331.0,323.0,738.0,40.0,130200.0,339.0,20.0,340.0,10.0,342.0,7.0,344.0,10.0,345.0,11.0,327.5,30.0,317.5,10.0,315.5,10.0,315.0,10.0,313.0,11.0
2023-04-27 21:05:28.25,1682600728250000000,331.0,331.0,323.0,738.0,40.0,130200.0,339.0,20.0,340.0,10.0,342.0,7.0,344.0,10.0,345.0,11.0,327.5,30.0,317.5,10.0,315.0,10.0,313.0,11.0,312.0,7.0
2023-04-27 21:05:28.5,1682600728500000000,331.0,331.0,323.0,738.0,40.0,130200.0,339.0,20.0,340.0,10.0,342.0,7.0,344.0,10.0,345.0,11.0,327.5,30.0,317.5,10.0,315.5,10.0,315.0,10.0,313.0,11.0
2023-04-27 21:05:32.25,1682600732250000000,331.0,331.0,323.0,738.0,40.0,130200.0,339.0,10.0,340.0,10.0,340.5,10.0,342.0,7.0,344.0,10.0,327.5,30.0,317.5,10.0,315.5,10.0,315.0,10.0,313.0,11.0
2023-04-27 21:05:32.5,1682600732500000000,331.0,331.0,323.0,738.0,40.0,130200.0,340.0,20.0,340.5,10.0,342.0,7.0,344.0,10.0,345.0,11.0,327.5,30.0,317.5,10.0,315.5,10.0,315.0,10.0,313.0,11.0
2023-04-27 21:05:32.75,1682600732750000000,331.0,331.0,323.0,738.0,40.0,130200.0,340.0,10.0,341.0,10.0,342.0,7.0,344.0,10.0,345.0,11.0,327.5,30.0,326.0,10.0,317.5,10.0,315.5,10.0,313.0,11.0
2023-04-27 21:05:33.0,1682600733000000000,331.0,331.0,323.0,738.0,40.0,130200.0,341.0,10.0,342.0,7.0,344.0,10.0,345.0,11.0,352.0,10.0,327.5,20.0,326.0,10.0,317.5,10.0,315.5,10.0,313.0,11.0
2023-04-27 21:05:33.75,1682600733750000000,331.0,331.0,323.0,738.0,40.0,130200.0,341.0,10.0,342.0,7.0,345.0,11.0,347.0,10.0,352.0,10.0,330.5,10.0,327.5,10.0,326.0,10.0,317.5,10.0,315.5,10.0
2023-04-27 21:05:34.0,1682600734000000000,331.0,331.0,323.0,738.0,40.0,130200.0,341.0,20.0,342.0,7.0,345.0,11.0,347.0,10.0,352.0,10.0,330.5,20.0,327.5,10.0,326.0,10.0,317.5,10.0,315.5,10.0
2023-04-27 21:05:34.25,1682600734250000000,331.0,331.0,323.0,738.0,40.0,130200.0,341.0,20.0,342.0,7.0,345.0,11.0,347.0,10.0,352.0,10.0,330.5,30.0,326.0,10.0,317.5,10.0,315.5,10.0,313.0,11.0
2023-04-27 21:05:34.5,1682600734500000000,331.0,331.0,323.0,738.0,40.0,130200.0,341.0,10.0,341.5,10.0,342.0,7.0,345.0,11.0,347.0,10.0,330.5,30.0,326.0,10.0,317.5,10.0,315.5,10.0,313.0,11.0
2023-04-27 21:05:34.75,1682600734750000000,331.0,331.0,323.0,738.0,40.0,130200.0,341.5,20.0,342.0,7.0,345.0,11.0,347.0,10.0,352.0,10.0,330.5,30.0,326.0,10.0,317.5,10.0,315.5,10.0,313.0,11.0
2023-04-27 21:05:37.0,1682600737000000000,331.0,331.0,323.0,738.0,40.0,130200.0,341.5,20.0,342.0,7.0,345.0,11.0,347.0,10.0,352.0,10.0,330.5,30.0,326.0,10.0,317.5,10.0,313.0,11.0,312.0,7.0
2023-04-27 21:05:37.5,1682600737500000000,331.0,331.0,323.0,738.0,40.0,130200.0,341.5,20.0,342.0,7.0,345.0,11.0,347.0,10.0,352.0,10.0,330.5,30.0,326.0,10.0,318.5,10.0,317.5,10.0,313.0,11.0
2023-04-27 21:05:37.75,1682600737750000000,331.0,331.0,323.0,738.0,40.0,130200.0,341.5,20.0,342.0,7.0,345.0,11.0,347.0,10.0,352.0,10.0,330.5,30.0,326.0,10.0,321.5,10.0,318.5,10.0,313.0,11.0
2023-04-27 21:05:45.75,1682600745750000000,331.0,331.0,323.0,738.0,40.0,130200.0,341.5,10.0,342.0,17.0,345.0,11.0,347.0,10.0,352.0,10.0,330.5,30.0,326.0,10.0,321.5,10.0,318.5,10.0,313.0,11.0
2023-04-27 21:05:46.0,1682600746000000000,331.0,331.0,323.0,738.0,40.0,130200.0,342.0,17.0,345.0,11.0,347.0,10.0,352.0,10.0,355.5,10.0,330.5,20.0,326.0,10.0,321.5,10.0,313.0,11.0,312.0,7.0
2023-04-27 21:05:48.0,1682600748000000000,331.0,331.0,323.0,738.0,40.0,130200.0,342.0,27.0,345.0,11.0,347.0,10.0,352.0,10.0,355.5,10.0,330.5,30.0,326.0,10.0,321.5,10.0,313.0,11.0,312.0,7.0
2023-04-27 21:05:48.75,1682600748750000000,331.0,331.0,323.0,738.0,40.0,130200.0,342.0,27.0,345.0,11.0,347.0,10.0,352.0,10.0,355.5,10.0,330.5,30.0,326.0,10.0,321.5,10.0,319.0,10.0,313.0,11.0
2023-04-27 21:05:58.75,1682600758750000000,331.0,331.0,323.0,738.0,40.0,130200.0,342.0,27.0,343.0,10.0,345.0,11.0,352.0,10.0,355.5,10.0,330.5,20.0,327.0,10.0,326.0,10.0,320.5,10.0,319.0,10.0
2023-04-27 21:05:59.0,1682600759000000000,331.0,331.0,323.0,738.0,40.0,130200.0,342.0,27.0,343.0,10.0,345.0,11.0,351.0,10.0,352.0,10.0,330.5,20.0,327.0,10.0,326.0,10.0,320.5,10.0,319.0,10.0
2023-04-27 21:06:00.75,1682600760750000000,331.0,331.0,323.0,738.0,40.0,130200.0,342.0,27.0,343.0,10.0,345.0,11.0,351.5,10.0,352.0,10.0,330.5,20.0,327.0,10.0,326.0,10.0,320.5,10.0,319.0,10.0
2023-04-27 21:06:03.25,1682600763250000000,331.0,331.0,323.0,738.0,40.0,130200.0,342.0,27.0,343.0,10.0,345.0,11.0,351.5,10.0,352.0,10.0,330.5,20.0,327.0,10.0,326.0,10.0,320.0,10.0,319.0,10.0
2023-04-27 21:06:04.5,1682600764500000000,331.0,331.0,323.0,738.0,40.0,130200.0,342.0,27.0,343.0,10.0,345.0,11.0,351.5,10.0,352.0,10.0,330.5,20.0,327.0,10.0,326.0,10.0,319.5,10.0,319.0,10.0
2023-04-27 21:06:05.25,1682600765250000000,331.0,331.0,323.0,738.0,40.0,130200.0,342.0,27.0,343.0,10.0,345.0,11.0,351.5,10.0,352.0,10.0,330.5,20.0,327.0,10.0,326.0,10.0,319.0,20.0,313.0,11.0
2023-04-27 21:06:07.75,1682600767750000000,331.0,331.0,323.0,738.0,40.0,130200.0,342.0,27.0,343.0,10.0,345.0,11.0,351.5,10.0,352.0,10.0,330.5,20.0,327.0,10.0,326.0,10.0,319.0,10.0,316.0,10.0
2023-04-27 21:06:08.0,1682600768000000000,331.0,331.0,323.0,738.0,40.0,130200.0,342.0,27.0,343.0,10.0,345.0,11.0,351.5,10.0,352.0,10.0,330.5,20.0,327.0,10.0,326.0,10.0,316.0,10.0,314.0,10.0
2023-04-27 21:06:09.25,1682600769250000000,331.0,331.0,323.0,738.0,40.0,130200.0,340.5,10.0,342.0,27.0,345.0,11.0,351.5,10.0,352.0,10.0,330.5,20.0,326.0,10.0,324.0,10.0,316.0,10.0,314.0,10.0
2023-04-27 21:06:09.5,1682600769500000000,331.0,331.0,323.0,738.0,40.0,130200.0,340.5,30.0,342.0,7.0,345.0,11.0,351.5,10.0,352.0,10.0,330.5,10.0,329.0,10.0,326.0,10.0,324.0,10.0,316.0,10.0
2023-04-27 21:06:10.5,1682600770500000000,331.0,331.0,323.0,738.0,40.0,130200.0,340.5,20.0,342.0,7.0,345.0,11.0,351.5,10.0,352.0,10.0,329.0,10.0,326.0,10.0,324.0,10.0,316.0,10.0,314.0,10.0
2023-04-27 21:06:10.75,1682600770750000000,331.0,331.0,323.0,738.0,40.0,130200.0,340.5,20.0,342.0,7.0,345.0,11.0,351.5,10.0,352.0,10.0,326.0,20.0,324.0,10.0,316.0,10.0,314.0,10.0,313.0,11.0
2023-04-27 21:06:11.0,1682600771000000000,331.0,331.0,323.0,738.0,40.0,130200.0,340.5,20.0,342.0,7.0,345.0,11.0,346.5,10.0,351.5,10.0,326.0,10.0,324.0,10.0,321.0,10.0,316.0,10.0,314.0,10.0
2023-04-27 21:06:11.25,1682600771250000000,331.0,331.0,323.0,738.0,40.0,130200.0,340.5,20.0,342.0,7.0,345.0,11.0,346.5,10.0,351.5,10.0,324.0,20.0,321.0,10.0,316.0,10.0,314.0,10.0,313.0,11.0
2023-04-27 21:06:18.5,1682600778500000000,331.0,331.0,323.0,738.0,40.0,130200.0,338.0,10.0,340.5,20.0,342.0,7.0,345.0,11.0,346.5,10.0,324.5,10.0,324.0,20.0,321.0,10.0,316.0,10.0,314.0,10.0
2023-04-27 21:06:18.75,1682600778750000000,331.0,331.0,323.0,738.0,40.0,130200.0,338.0,10.0,338.5,10.0,340.5,10.0,342.0,7.0,345.0,11.0,325.5,10.0,324.5,10.0,324.0,10.0,321.0,10.0,316.0,10.0
2023-04-27 21:06:19.0,1682600779000000000,331.0,331.0,323.0,738.0,40.0,130200.0,338.5,10.0,339.5,10.0,340.5,10.0,342.0,7.0,345.0,11.0,326.5,10.0,325.5,10.0,324.0,10.0,321.0,10.0,316.0,10.0
2023-04-27 21:06:19.25,1682600779250000000,331.0,331.0,323.0,738.0,40.0,130200.0,339.5,10.0,340.0,10.0,340.5,10.0,342.0,7.0,345.0,11.0,327.0,10.0,326.5,10.0,324.0,10.0,321.0,10.0,316.0,10.0
2023-04-27 21:06:19.5,1682600779500000000,331.0,331.0,323.0,738.0,40.0,130200.0,340.0,20.0,340.5,10.0,342.0,7.0,345.0,11.0,346.5,10.0,327.0,20.0,324.0,10.0,321.0,10.0,316.0,10.0,313.0,11.0
2023-04-27 21:06:19.75,1682600779750000000,331.0,331.0,323.0,738.0,40.0,130200.0,340.0,10.0,340.5,20.0,342.0,7.0,345.0,11.0,346.5,10.0,327.0,20.0,324.0,10.0,321.0,10.0,316.0,10.0,313.0,11.0
2023-04-27 21:06:20.0,1682600780000000000,331.0,331.0,323.0,738.0,40.0,130200.0,340.5,30.0,342.0,7.0,345.0,11.0,346.5,10.0,351.5,10.0,327.0,20.0,324.0,10.0,321.0,10.0,316.0,10.0,313.0,11.0
2023-04-27 21:06:21.75,1682600781750000000,331.0,331.0,323.0,738.0,40.0,130200.0,339.5,10.0,340.5,20.0,342.0,7.0,345.0,11.0,346.5,10.0,327.0,10.0,326.0,10.0,324.0,10.0,321.0,10.0,316.0,10.0
2023-04-27 21:06:22.0,1682600782000000000,331.0,331.0,323.0,738.0,40.0,130200.0,339.5,20.0,340.5,10.0,342.0,7.0,345.0,11.0,346.5,10.0,326.0,20.0,324.0,10.0,321.0,10.0,316.0,10.0,313.0,11.0
2023-04-27 21:06:22.25,1682600782250000000,331.0,331.0,323.0,738.0,40.0,130200.0,339.5,20.0,340.5,10.0,342.0,7.0,345.0,11.0,346.5,10.0,326.0,20.0,324.0,10.0,321.0,10.0,316.0,10.0,314.0,10.0
2023-04-27 21:06:22.5,1682600782500000000,331.0,331.0,323.0,738.0,40.0,130200.0,339.0,10.0,339.5,10.0,340.5,10.0,342.0,7.0,345.0,11.0,326.0,10.0,325.5,10.0,324.0,10.0,321.0,10.0,316.0,10.0
2023-04-27 21:06:22.75,1682600782750000000,331.0,331.0,323.0,738.0,40.0,130200.0,339.0,20.0,340.5,10.0,342.0,7.0,345.0,11.0,346.5,10.0,325.5,20.0,324.0,10.0,321.0,10.0,316.0,10.0,314.0,10.0
2023-04-27 21:06:23.0,1682600783000000000,331.0,331.0,323.0,738.0,40.0,130200.0,338.5,10.0,339.0,10.0,340.5,10.0,342.0,7.0,345.0,11.0,325.5,10.0,325.0,10.0,324.0,10.0,321.0,10.0,316.0,10.0
2023-04-27 21:06:23.75,1682600783750000000,331.0,331.0,323.0,738.0,40.0,130200.0,338.5,20.0,340.5,10.0,342.0,7.0,345.0,11.0,346.5,10.0,325.0,20.0,324.0,10.0,321.0,10.0,316.0,10.0,314.0,10.0
2023-04-27 21:06:24.5,1682600784500000000,331.0,331.0,323.0,738.0,40.0,130200.0,338.5,10.0,339.0,10.0,340.5,10.0,342.0,7.0,345.0,11.0,325.5,10.0,325.0,10.0,324.0,10.0,321.0,10.0,316.0,10.0
2023-04-27 21:06:24.75,1682600784750000000,331.0,331.0,323.0,738.0,40.0,130200.0,339.0,20.0,340.5,10.0,342.0,7.0,345.0,11.0,346.5,10.0,325.5,20.0,324.0,10.0,321.0,10.0,316.0,10.0,314.0,10.0
2023-04-27 21:06:25.0,1682600785000000000,331.0,331.0,323.0,738.0,40.0,130200.0,338.5,10.0,339.0,10.0,340.5,10.0,342.0,7.0,345.0,11.0,325.5,20.0,324.0,10.0,321.0,10.0,316.0,10.0,314.0,10.0
2023-04-27 21:06:25.25,1682600785250000000,331.0,331.0,323.0,738.0,40.0,130200.0,339.0,10.0,339.5,10.0,340.5,10.0,342.0,7.0,345.0,11.0,326.0,10.0,325.5,10.0,324.0,10.0,321.0,10.0,316.0,10.0
2023-04-27 21:06:25.5,1682600785500000000,331.0,331.0,323.0,738.0,40.0,130200.0,338.5,10.0,339.5,10.0,340.5,10.0,342.0,7.0,345.0,11.0,326.0,10.0,325.5,10.0,324.0,10.0,321.0,10.0,316.0,10.0
2023-04-27 21:06:27.75,1682600787750000000,331.0,331.0,323.0,738.0,40.0,130200.0,338.5,10.0,340.0,10.0,340.5,10.0,342.0,7.0,345.0,11.0,327.0,10.0,325.5,10.0,324.0,10.0,321.0,10.0,316.0,10.0
2023-04-27 21:06:28.0,1682600788000000000,331.0,331.0,323.0,738.0,40.0,130200.0,340.0,20.0,340.5,10.0,342.0,7.0,345.0,11.0,346.5,10.0,327.0,20.0,324.0,10.0,321.0,10.0,316.0,10.0,314.0,10.0
2023-04-27 21:06:28.25,1682600788250000000,331.0,331.0,323.0,738.0,40.0,130200.0,340.0,20.0,340.5,10.0,342.0,7.0,345.0,11.0,346.5,10.0,327.0,10.0,326.5,10.0,324.0,10.0,321.0,10.0,316.0,10.0
2023-04-27 21:06:28.75,1682600788750000000,331.0,331.0,323.0,738.0,40.0,130200.0,340.0,10.0,341.0,10.0,342.0,7.0,343.5,10.0,345.0,11.0,327.5,20.0,326.5,10.0,321.0,10.0,316.0,10.0,314.0,10.0
2023-04-27 21:06:29.0,1682600789000000000,331.0,331.0,323.0,738.0,40.0,130200.0,340.5,10.0,341.0,10.0,342.0,7.0,343.5,10.0,345.0,11.0,327.5,30.0,321.0,10.0,316.0,10.0,314.0,10.0,313.0,11.0
2023-04-27 21:06:29.25,1682600789250000000,331.0,331.0,323.0,738.0,40.0,130200.0,341.0,10.0,341.5,10.0,342.0,7.0,343.5,10.0,345.0,11.0,328.0,10.0,327.5,20.0,321.0,10.0,316.0,10.0,314.0,10.0
2023-04-27 21:06:29.5,1682600789500000000,331.0,331.0,323.0,738.0,40.0,130200.0,341.5,20.0,342.0,7.0,343.5,10.0,345.0,11.0,346.5,10.0,328.0,20.0,327.5,10.0,321.0,10.0,316.0,10.0,314.0,10.0
2023-04-27 21:06:29.75,1682600789750000000,331.0,331.0,323.0,738.0,40.0,130200.0,341.5,20.0,342.0,7.0,343.5,10.0,345.0,11.0,346.5,10.0,328.5,10.0,328.0,10.0,327.5,10.0,321.0,10.0,316.0,10.0
2023-04-27 21:06:30.75,1682600790750000000,331.0,331.0,323.0,738.0,40.0,130200.0,341.5,10.0,342.0,17.0,343.5,10.0,345.0,11.0,346.5,10.0,328.5,10.0,328.0,10.0,327.5,10.0,321.0,10.0,316.0,10.0
2023-04-27 21:06:31.0,1682600791000000000,331.0,331.0,323.0,738.0,40.0,130200.0,342.0,27.0,343.5,10.0,345.0,11.0,346.5,10.0,351.5,10.0,328.5,20.0,327.5,10.0,321.0,10.0,316.0,10.0,314.0,10.0
2023-04-27 21:06:32.0,1682600792000000000,331.0,331.0,323.0,738.0,40.0,130200.0,341.0,10.0,342.0,17.0,343.5,10.0,345.0,11.0,346.5,10.0,328.5,10.0,328.0,10.0,327.5,10.0,321.0,10.0,316.0,10.0
2023-04-27 21:06:32.25,1682600792250000000,331.0,331.0,323.0,738.0,40.0,130200.0,341.0,20.0,342.0,7.0,343.5,10.0,345.0,11.0,346.5,10.0,328.0,20.0,327.5,10.0,321.0,10.0,316.0,10.0,314.0,10.0
2023-04-27 21:06:33.0,1682600793000000000,331.0,331.0,323.0,738.0,40.0,130200.0,341.0,20.0,342.0,7.0,343.5,10.0,345.0,11.0,346.5,10.0,328.0,10.0,327.5,20.0,321.0,10.0,316.0,10.0,313.0,11.0
2023-04-27 21:06:33.25,1682600793250000000,331.0,331.0,323.0,738.0,40.0,130200.0,341.0,20.0,342.0,7.0,343.5,10.0,345.0,11.0,346.5,10.0,327.5,30.0,321.0,10.0,316.0,10.0,313.0,11.0,312.0,7.0
2023-04-27 21:06:34.0,1682600794000000000,331.0,331.0,323.0,738.0,40.0,130200.0,341.0,10.0,341.5,10.0,342.0,7.0,343.5,10.0,345.0,11.0,328.0,10.0,327.5,20.0,321.0,10.0,316.5,10.0,316.0,10.0
2023-04-27 21:06:34.25,1682600794250000000,331.0,331.0,323.0,738.0,40.0,130200.0,341.5,20.0,342.0,7.0,343.5,10.0,345.0,11.0,346.5,10.0,328.0,20.0,327.5,10.0,321.0,10.0,319.5,10.0,316.5,10.0
2023-04-27 21:06:35.25,1682600795250000000,331.0,331.0,323.0,738.0,40.0,130200.0,341.5,10.0,342.0,17.0,343.5,10.0,345.0,11.0,346.5,10.0,328.5,10.0,328.0,10.0,327.5,10.0,321.0,10.0,319.5,10.0
2023-04-27 21:06:35.5,1682600795500000000,331.0,331.0,323.0,738.0,40.0,130200.0,342.0,27.0,343.5,10.0,345.0,11.0,346.5,10.0,351.5,10.0,328.5,20.0,327.5,10.0,321.0,10.0,319.5,10.0,316.5,10.0
2023-04-27 21:06:36.5,1682600796500000000,331.0,331.0,323.0,738.0,40.0,130200.0,342.0,27.0,343.5,10.0,345.0,11.0,346.5,10.0,362.5,10.0,329.0,10.0,328.5,10.0,327.5,10.0,321.0,10.0,319.5,10.0
2023-04-27 21:06:36.75,1682600796750000000,331.0,331.0,323.0,738.0,40.0,130200.0,342.0,27.0,343.5,10.0,345.0,11.0,346.5,10.0,359.5,10.0,329.0,10.0,328.5,10.0,327.5,10.0,321.5,10.0,321.0,10.0
2023-04-27 21:06:38.5,1682600798500000000,331.0,331.0,323.0,738.0,40.0,130200.0,342.0,27.0,343.5,10.0,345.0,11.0,346.5,10.0,359.5,10.0,328.5,20.0,327.5,10.0,321.5,10.0,321.0,10.0,316.5,10.0
2023-04-27 21:06:38.75,1682600798750000000,331.0,331.0,323.0,738.0,40.0,130200.0,342.0,27.0,343.5,10.0,345.0,11.0,346.5,10.0,359.5,10.0,328.5,20.0,327.5,10.0,321.0,20.0,316.5,10.0,313.0,11.0
2023-04-27 21:06:40.25,1682600800250000000,331.0,331.0,323.0,738.0,40.0,130200.0,341.0,10.0,342.0,17.0,343.5,10.0,345.0,11.0,346.5,10.0,328.5,10.0,328.0,10.0,327.5,10.0,321.0,10.0,319.5,10.0
2023-04-27 21:06:40.5,1682600800500000000,331.0,331.0,323.0,738.0,40.0,130200.0,341.0,20.0,342.0,7.0,343.5,10.0,345.0,11.0,346.5,10.0,328.0,20.0,327.5,10.0,321.0,10.0,319.5,10.0,313.0,11.0
2023-04-27 21:06:41.0,1682600801000000000,331.0,331.0,323.0,738.0,40.0,130200.0,341.0,20.0,342.0,7.0,343.5,10.0,345.0,11.0,346.5,10.0,328.0,20.0,327.5,10.0,321.0,10.0,319.5,10.0,316.5,10.0
2023-04-27 21:06:42.75,1682600802750000000,331.0,331.0,323.0,738.0,40.0,130200.0,341.0,20.0,342.0,7.0,343.5,10.0,345.0,11.0,346.5,10.0,328.0,20.0,327.5,10.0,321.0,10.0,319.5,10.0,313.0,11.0
2023-04-27 21:06:43.25,1682600803250000000,331.0,331.0,323.0,738.0,40.0,130200.0,340.5,10.0,341.0,10.0,342.0,7.0,343.5,10.0,345.0,11.0,328.0,10.0,327.5,20.0,321.0,10.0,319.5,10.0,313.0,11.0
2023-04-27 21:06:43.5,1682600803500000000,331.0,331.0,323.0,738.0,40.0,130200.0,340.5,30.0,342.0,7.0,343.5,10.0,345.0,11.0,346.5,10.0,328.0,10.0,327.5,30.0,321.0,10.0,319.5,10.0,313.0,11.0
2023-04-27 21:06:44.0,1682600804000000000,331.0,331.0,323.0,738.0,40.0,130200.0,340.5,20.0,341.0,10.0,342.0,7.0,343.5,10.0,345.0,11.0,328.0,10.0,327.5,30.0,321.0,10.0,319.5,10.0,316.0,10.0
2023-04-27 21:06:44.5,1682600804500000000,331.0,331.0,323.0,738.0,40.0,130200.0,340.0,10.0,340.5,20.0,342.0,7.0,343.5,10.0,345.0,11.0,328.0,10.0,327.5,20.0,327.0,10.0,321.0,10.0,319.5,10.0
2023-04-27 21:06:44.75,1682600804750000000,331.0,331.0,323.0,738.0,40.0,130200.0,340.0,10.0,340.5,20.0,342.0,7.0,343.5,10.0,345.0,11.0,328.0,10.0,327.5,20.0,327.0,10.0,321.0,10.0,316.0,10.0
2023-04-27 21:06:45.0,1682600805000000000,331.0,331.0,323.0,738.0,40.0,130200.0,340.0,10.0,340.5,20.0,342.0,7.0,343.5,10.0,345.0,11.0,328.0,10.0,327.5,20.0,327.0,10.0,321.0,10.0,319.0,10.0
2023-04-27 21:06:45.5,1682600805500000000,331.0,331.0,323.0,738.0,40.0,130200.0,340.5,30.0,342.0,7.0,343.5,10.0,345.0,11.0,346.5,10.0,328.0,10.0,327.5,30.0,321.0,10.0,319.0,10.0,316.0,10.0
2023-04-27 21:06:46.25,1682600806250000000,331.0,331.0,323.0,738.0,40.0,130200.0,339.0,10.0,340.5,20.0,342.0,7.0,343.5,10.0,345.0,11.0,328.0,10.0,327.5,20.0,325.5,10.0,321.0,10.0,319.0,10.0
2023-04-27 21:06:46.5,1682600806500000000,331.0,331.0,323.0,738.0,40.0,130200.0,339.0,20.0,340.5,10.0,342.0,7.0,343.5,10.0,345.0,11.0,328.0,20.0,327.5,10.0,325.5,10.0,321.0,10.0,319.0,10.0
2023-04-27 21:06:46.75,1682600806750000000,331.0,331.0,323.0,738.0,40.0,130200.0,339.0,30.0,342.0,7.0,343.5,10.0,345.0,11.0,346.5,10.0,328.0,20.0,327.5,10.0,325.5,10.0,321.0,10.0,319.0,10.0
2023-04-27 21:06:47.75,1682600807750000000,331.0,331.0,323.0,738.0,40.0,130200.0,339.0,20.0,339.5,10.0,342.0,7.0,343.5,10.0,345.0,11.0,328.0,20.0,327.5,10.0,326.0,10.0,321.0,10.0,319.0,10.0
2023-04-27 21:06:52.5,1682600812500000000,331.0,331.0,323.0,738.0,40.0,130200.0,339.0,30.0,342.0,7.0,343.5,10.0,345.0,11.0,346.5,10.0,328.0,20.0,327.5,10.0,326.0,10.0,321.0,10.0,319.0,10.0
2023-04-27 21:06:53.0,1682600813000000000,331.0,331.0,323.0,738.0,40.0,130200.0,339.0,20.0,339.5,10.0,342.0,7.0,343.5,10.0,345.0,11.0,328.0,20.0,327.5,10.0,326.0,10.0,321.0,10.0,319.0,10.0
2023-04-27 21:06:53.5,1682600813500000000,331.0,331.0,323.0,738.0,40.0,130200.0,339.0,30.0,342.0,7.0,343.5,10.0,345.0,11.0,346.5,10.0,328.0,20.0,327.5,10.0,326.0,10.0,321.0,10.0,319.0,10.0
2023-04-27 21:06:54.25,1682600814250000000,331.0,331.0,323.0,738.0,40.0,130200.0,338.5,10.0,339.0,20.0,342.0,7.0,343.5,10.0,345.0,11.0,328.0,20.0,327.5,10.0,325.0,10.0,321.0,10.0,319.0,10.0
2023-04-27 21:06:56.5,1682600816500000000,331.0,331.0,323.0,738.0,40.0,130200.0,338.0,10.0,339.0,20.0,342.0,7.0,343.5,10.0,345.0,11.0,328.0,20.0,327.5,10.0,324.5,10.0,321.0,10.0,316.0,10.0
2023-04-27 21:06:56.75,1682600816750000000,331.0,331.0,323.0,738.0,40.0,130200.0,338.0,30.0,342.0,7.0,343.5,10.0,345.0,11.0,346.5,10.0,328.0,20.0,327.5,10.0,325.0,10.0,321.0,10.0,318.5,10.0
2023-04-27 21:06:57.0,1682600817000000000,331.0,331.0,323.0,738.0,40.0,130200.0,338.0,20.0,338.5,10.0,342.0,7.0,343.5,10.0,345.0,11.0,328.0,20.0,327.5,10.0,325.5,10.0,321.0,10.0,318.5,10.0
2023-04-27 21:06:57.75,1682600817750000000,331.0,331.0,323.0,738.0,40.0,130200.0,338.0,30.0,342.0,7.0,343.5,10.0,345.0,11.0,346.5,10.0,328.0,20.0,327.5,10.0,325.0,10.0,321.0,10.0,318.5,10.0
2023-04-27 21:06:58.0,1682600818000000000,331.0,331.0,323.0,738.0,40.0,130200.0,337.5,10.0,338.0,20.0,342.0,7.0,343.5,10.0,345.0,11.0,328.0,20.0,327.5,10.0,324.5,10.0,321.0,10.0,318.5,10.0
2023-04-27 21:06:58.75,1682600818750000000,331.0,331.0,323.0,738.0,40.0,130200.0,338.0,30.0,342.0,7.0,343.5,10.0,345.0,11.0,346.5,10.0,328.0,20.0,327.5,10.0,324.5,10.0,321.0,10.0,318.5,10.0
2023-04-27 21:06:59.75,1682600819750000000,331.0,331.0,323.0,738.0,40.0,130200.0,338.0,30.0,340.0,10.0,342.0,7.0,343.5,10.0,345.0,11.0,328.0,20.0,327.5,10.0,326.0,10.0,324.5,10.0,321.0,10.0
2023-04-27 21:07:00.75,1682600820750000000,331.0,331.0,323.0,738.0,40.0,130200.0,337.0,10.0,338.0,20.0,340.0,10.0,342.0,7.0,343.5,10.0,328.0,20.0,327.5,10.0,326.0,10.0,324.0,10.0,321.0,10.0
2023-04-27 21:07:01.0,1682600821000000000,331.0,331.0,323.0,738.0,40.0,130200.0,337.0,30.0,339.0,10.0,342.0,7.0,343.5,10.0,345.0,11.0,328.0,20.0,327.5,10.0,326.0,10.0,324.0,10.0,321.0,10.0
2023-04-27 21:07:02.0,1682600822000000000,331.0,331.0,323.0,738.0,40.0,130200.0,337.0,30.0,339.0,10.0,340.5,10.0,342.0,7.0,345.0,11.0,328.0,20.0,326.0,10.0,324.5,10.0,324.0,10.0,321.0,10.0
2023-04-27 21:07:02.25,1682600822250000000,331.0,331.0,323.0,738.0,40.0,130200.0,337.0,20.0,338.5,10.0,339.0,10.0,340.5,10.0,342.0,7.0,328.0,20.0,326.0,10.0,325.0,10.0,324.5,10.0,321.0,10.0
2023-04-27 21:07:02.5,1682600822500000000,331.0,331.0,323.0,738.0,40.0,130200.0,337.0,10.0,338.0,10.0,338.5,10.0,339.0,10.0,340.5,10.0,328.0,20.0,326.0,10.0,325.0,10.0,324.5,10.0,321.0,10.0
2023-04-27 21:07:02.75,1682600822750000000,331.0,331.0,323.0,738.0,40.0,130200.0,338.0,20.0,338.5,10.0,339.0,10.0,340.5,10.0,342.0,7.0,328.0,20.0,326.0,10.0,325.0,10.0,324.5,10.0,321.0,10.0
2023-04-27 21:07:03.0,1682600823000000000,331.0,331.0,323.0,738.0,40.0,130200.0,338.0,20.0,338.5,10.0,340.0,10.0,340.5,10.0,342.0,7.0,328.0,20.0,326.0,10.0,325.0,10.0,324.5,10.0,321.0,10.0
2023-04-27 21:07:03.25,1682600823250000000,331.0,331.0,323.0,738.0,40.0,130200.0,338.0,20.0,339.0,10.0,340.0,10.0,340.5,10.0,342.0,7.0,328.0,20.0,326.0,10.0,325.5,10.0,324.5,10.0,321.0,10.0
2023-04-27 21:07:04.0,1682600824000000000,331.0,331.0,323.0,738.0,40.0,130200.0,338.0,10.0,338.5,20.0,340.0,10.0,340.5,10.0,342.0,7.0,328.0,20.0,326.0,10.0,325.0,10.0,324.5,10.0,321.0,10.0
2023-04-27 21:07:04.25,1682600824250000000,331.0,331.0,323.0,738.0,40.0,130200.0,338.5,30.0,340.0,10.0,340.5,10.0,342.0,7.0,345.0,11.0,328.0,20.0,326.0,10.0,325.0,10.0,324.5,10.0,321.0,10.0
2023-04-27 21:07:04.5,1682600824500000000,331.0,331.0,323.0,738.0,40.0,130200.0,338.5,30.0,340.5,20.0,342.0,7.0,345.0,11.0,346.5,10.0,328.0,20.0,326.0,10.0,325.0,10.0,324.5,10.0,321.0,10.0
2023-04-27 21:07:08.5,1682600828500000000,331.0,331.0,323.0,738.0,40.0,130200.0,338.5,20.0,339.0,10.0,340.5,20.0,342.0,7.0,345.0,11.0,328.0,20.0,326.0,20.0,324.5,10.0,321.0,10.0,316.0,10.0
2023-04-27 21:07:08.75,1682600828750000000,331.0,331.0,323.0,738.0,40.0,130200.0,338.5,30.0,340.5,20.0,342.0,7.0,345.0,11.0,346.5,10.0,328.0,20.0,326.0,10.0,325.5,10.0,324.5,10.0,321.0,10.0
2023-04-27 21:07:09.0,1682600829000000000,331.0,331.0,323.0,738.0,40.0,130200.0,338.5,20.0,339.0,10.0,340.5,20.0,342.0,7.0,345.0,11.0,328.0,20.0,326.0,20.0,324.5,10.0,321.0,10.0,319.0,10.0
2023-04-27 21:07:09.5,1682600829500000000,331.0,331.0,323.0,738.0,40.0,130200.0,338.5,30.0,340.5,20.0,342.0,7.0,345.0,11.0,346.5,10.0,328.0,20.0,326.0,10.0,325.5,10.0,324.5,10.0,321.0,10.0
2023-04-27 21:07:10.0,1682600830000000000,331.0,331.0,323.0,738.0,40.0,130200.0,338.5,20.0,340.0,10.0,340.5,20.0,342.0,7.0,345.0,11.0,328.0,20.0,326.5,10.0,326.0,10.0,324.5,10.0,321.0,10.0
2023-04-27 21:07:10.5,1682600830500000000,331.0,331.0,323.0,738.0,40.0,130200.0,338.5,20.0,339.0,10.0,340.5,20.0,342.0,7.0,345.0,11.0,328.0,20.0,326.0,20.0,324.5,10.0,321.0,10.0,316.0,10.0
2023-04-27 21:07:10.75,1682600830750000000,331.0,331.0,323.0,738.0,40.0,130200.0,338.5,20.0,339.0,10.0,340.5,20.0,342.0,7.0,345.0,11.0,328.0,20.0,326.0,20.0,324.5,10.0,321.0,10.0,318.5,10.0
2023-04-27 21:07:11.5,1682600831500000000,331.0,331.0,323.0,738.0,40.0,130200.0,338.5,20.0,339.0,10.0,340.5,20.0,342.0,7.0,345.0,11.0,330.5,10.0,328.0,20.0,326.0,20.0,324.5,10.0,321.0,10.0
2023-04-27 21:07:11.75,1682600831750000000,331.0,331.0,323.0,738.0,40.0,130200.0,336.5,10.0,338.5,20.0,339.0,10.0,340.5,20.0,342.0,7.0,330.5,20.0,328.0,10.0,326.0,20.0,324.5,10.0,321.0,10.0
2023-04-27 21:07:12.0,1682600832000000000,331.0,331.0,323.0,738.0,40.0,130200.0,336.5,30.0,338.5,10.0,339.0,10.0,340.5,10.0,342.0,7.0,330.5,30.0,328.5,10.0,326.0,10.0,324.5,10.0,321.0,10.0
2023-04-27 21:07:12.5,1682600832500000000,331.0,331.0,323.0,738.0,40.0,130200.0,336.5,20.0,337.0,10.0,338.5,10.0,339.0,10.0,340.5,10.0,330.5,30.0,328.5,10.0,326.0,10.0,324.5,10.0,321.0,10.0
2023-04-27 21:07:13.25,1682600833250000000,331.0,331.0,323.0,738.0,40.0,130200.0,336.5,10.0,337.0,10.0,337.5,10.0,338.5,10.0,339.0,10.0,330.5,30.0,328.5,10.0,326.0,10.0,324.5,10.0,321.0,10.0
2023-04-27 21:07:13.5,1682600833500000000,331.0,331.0,323.0,738.0,40.0,130200.0,337.0,20.0,337.5,10.0,338.5,10.0,339.0,10.0,340.5,10.0,330.5,30.0,328.5,10.0,326.0,10.0,324.5,10.0,321.0,10.0
2023-04-27 21:07:13.75,1682600833750000000,331.0,331.0,323.0,738.0,40.0,130200.0,337.0,20.0,337.5,10.0,338.5,10.0,340.0,10.0,340.5,10.0,330.5,30.0,328.5,10.0,326.5,10.0,324.5,10.0,321.0,10.0
2023-04-27 21:07:14.0,1682600834000000000,331.0,331.0,323.0,738.0,40.0,130200.0,337.0,20.0,337.5,10.0,339.0,20.0,340.5,10.0,342.0,7.0,330.5,30.0,328.5,10.0,326.0,10.0,324.5,10.0,321.0,10.0
2023-04-27 21:07:14.25,1682600834250000000,331.0,331.0,323.0,738.0,40.0,130200.0,337.0,20.0,337.5,10.0,339.0,30.0,342.0,7.0,345.0,11.0,330.5,30.0,329.0,10.0,328.5,10.0,326.0,10.0,321.0,10.0
2023-04-27 21:07:15.5,1682600835500000000,331.0,331.0,323.0,738.0,40.0,130200.0,337.0,30.0,337.5,10.0,339.0,30.0,342.0,7.0,345.0,11.0,330.5,40.0,329.0,10.0,328.5,10.0,326.0,10.0,321.0,10.0
2023-04-27 21:07:20.5,1682600840500000000,331.0,331.0,323.0,738.0,40.0,130200.0,337.0,20.0,337.5,10.0,339.0,30.0,342.0,7.0,345.0,11.0,330.5,30.0,329.0,10.0,328.5,10.0,326.0,10.0,321.0,10.0
2023-04-27 21:07:21.0,1682600841000000000,331.0,331.0,323.0,738.0,40.0,130200.0,337.0,20.0,337.5,10.0,339.0,20.0,340.0,10.0,342.0,7.0,330.5,30.0,329.0,10.0,328.5,10.0,326.5,10.0,321.0,10.0
2023-04-27 21:07:22.0,1682600842000000000,331.0,331.0,323.0,738.0,40.0,130200.0,337.0,20.0,337.5,10.0,339.0,30.0,342.0,7.0,345.0,11.0,330.5,30.0,329.0,10.0,328.5,10.0,325.5,10.0,321.0,10.0
2023-04-27 21:07:22.75,1682600842750000000,331.0,331.0,323.0,738.0,40.0,130200.0,337.0,20.0,338.0,10.0,339.0,30.0,342.0,7.0,345.0,11.0,330.5,30.0,329.0,10.0,328.5,10.0,325.5,10.0,321.0,10.0
2023-04-27 21:07:23.0,1682600843000000000,331.0,331.0,323.0,738.0,40.0,130200.0,337.0,20.0,338.0,10.0,338.5,10.0,339.0,20.0,342.0,7.0,330.5,30.0,329.0,10.0,328.5,10.0,325.0,10.0,321.0,10.0
2023-04-27 21:07:23.25,1682600843250000000,331.0,331.0,323.0,738.0,40.0,130200.0,337.0,20.0,338.0,10.0,338.5,10.0,339.0,20.0,342.0,7.0,330.5,30.0,329.0,10.0,328.5,10.0,325.0,10.0,321.5,10.0
2023-04-27 21:07:24.0,1682600844000000000,331.0,331.0,323.0,738.0,40.0,130200.0,337.0,20.0,338.0,10.0,339.0,20.0,339.5,10.0,342.0,7.0,330.5,30.0,329.0,10.0,328.5,10.0,326.5,10.0,321.5,10.0
2023-04-27 21:07:24.5,1682600844500000000,331.0,331.0,323.0,738.0,40.0,130200.0,337.0,30.0,339.0,20.0,339.5,10.0,342.0,7.0,345.0,11.0,330.5,30.0,329.0,10.0,328.5,10.0,326.5,10.0,321.5,10.0
2023-04-27 21:07:24.75,1682600844750000000,331.0,331.0,323.0,738.0,40.0,130200.0,337.0,20.0,337.5,10.0,339.0,20.0,339.5,10.0,342.0,7.0,330.5,30.0,329.0,10.0,328.5,10.0,326.5,10.0,321.5,10.0
2023-04-27 21:07:26.0,1682600846000000000,331.0,331.0,323.0,738.0,40.0,130200.0,337.0,20.0,338.0,10.0,339.0,20.0,339.5,10.0,342.0,7.0,330.5,30.0,329.0,10.0,328.5,10.0,326.5,10.0,321.5,10.0
2023-04-27 21:07:26.25,1682600846250000000,331.0,331.0,323.0,738.0,40.0,130200.0,337.0,20.0,338.0,10.0,339.0,30.0,342.0,7.0,345.0,11.0,330.5,30.0,329.0,10.0,328.5,10.0,325.5,10.0,321.5,10.0
2023-04-27 21:07:29.5,1682600849500000000,331.0,331.0,323.0,738.0,40.0,130200.0,337.0,20.0,338.0,10.0,339.0,20.0,339.5,10.0,342.0,7.0,330.5,30.0,329.0,10.0,328.5,10.0,326.5,10.0,321.5,10.0
2023-04-27 21:07:31.25,1682600851250000000,331.0,331.0,323.0,738.0,40.0,130200.0,337.0,20.0,338.0,10.0,339.0,30.0,342.0,7.0,345.0,11.0,330.5,30.0,329.0,10.0,328.5,10.0,325.5,10.0,321.5,10.0
2023-04-27 21:07:32.5,1682600852500000000,331.0,331.0,323.0,738.0,40.0,130200.0,337.0,20.0,338.0,10.0,339.0,20.0,339.5,10.0,342.0,7.0,330.5,30.0,329.0,10.0,328.5,10.0,326.5,10.0,321.5,10.0
2023-04-27 21:07:32.75,1682600852750000000,331.0,331.0,323.0,738.0,40.0,130200.0,337.0,20.0,338.0,10.0,339.0,30.0,342.0,7.0,345.0,11.0,330.5,30.0,329.0,10.0,328.5,10.0,325.5,10.0,321.5,10.0
2023-04-27 21:07:35.5,1682600855500000000,331.0,331.0,323.0,738.0,40.0,130200.0,337.0,20.0,338.0,10.0,339.0,30.0,342.0,7.0,342.5,10.0,330.5,30.0,329.0,10.0,328.5,10.0,325.5,20.0,321.0,10.0
2023-04-27 21:07:36.5,1682600856500000000,331.0,331.0,323.0,738.0,40.0,130200.0,337.0,30.0,339.0,30.0,342.0,7.0,342.5,10.0,345.0,11.0,330.5,30.0,329.0,10.0,328.5,10.0,325.5,20.0,321.0,10.0
2023-04-27 21:07:37.25,1682600857250000000,331.0,331.0,323.0,738.0,40.0,130200.0,337.0,20.0,337.5,10.0,338.5,10.0,339.0,20.0,342.0,7.0,330.5,30.0,329.0,10.0,328.5,10.0,325.5,10.0,325.0,10.0
2023-04-27 21:07:37.75,1682600857750000000,331.0,331.0,323.0,738.0,40.0,130200.0,337.0,20.0,337.5,10.0,338.5,10.0,339.0,20.0,342.0,7.0,330.5,30.0,329.0,10.0,328.5,10.0,325.5,20.0,321.0,10.0
2023-04-27 21:07:38.0,1682600858000000000,331.0,331.0,323.0,738.0,40.0,130200.0,337.0,20.0,337.5,10.0,338.0,10.0,339.0,20.0,342.0,7.0,330.5,30.0,329.0,10.0,328.5,10.0,325.5,10.0,324.5,10.0
2023-04-27 21:07:38.75,1682600858750000000,331.0,331.0,323.0,738.0,40.0,130200.0,336.0,10.0,337.0,10.0,337.5,10.0,338.0,10.0,339.0,20.0,330.5,20.0,329.0,20.0,328.5,10.0,325.5,10.0,324.5,10.0
2023-04-27 21:07:39.0,1682600859000000000,331.0,331.0,323.0,738.0,40.0,130200.0,336.0,30.0,337.0,10.0,337.5,10.0,338.0,10.0,342.0,7.0,330.5,10.0,330.0,10.0,329.0,10.0,328.5,10.0,327.0,10.0
2023-04-27 21:07:39.75,1682600859750000000,331.0,331.0,323.0,738.0,40.0,130200.0,336.0,30.0,337.0,20.0,338.0,10.0,342.0,7.0,342.5,10.0,330.5,10.0,330.0,10.0,329.0,10.0,328.5,10.0,327.0,10.0
2023-04-27 21:07:40.0,1682600860000000000,331.0,330.5,323.0,738.0,50.0,163250.0,336.0,30.0,336.5,10.0,337.0,10.0,338.0,10.0,339.5,10.0,330.5,10.0,330.0,10.0,329.0,10.0,328.5,10.0,327.0,10.0
2023-04-27 21:07:40.5,1682600860500000000,331.0,330.5,323.0,738.0,50.0,163250.0,334.5,10.0,336.0,20.0,337.0,10.0,337.5,10.0,338.0,10.0,330.5,10.0,330.0,10.0,328.5,10.0,327.5,10.0,327.0,10.0
2023-04-27 21:07:40.75,1682600860750000000,331.0,330.5,323.0,738.0,50.0,163250.0,334.5,10.0,336.0,10.0,337.0,10.0,338.0,20.0,339.5,10.0,330.5,10.0,328.5,10.0,327.5,10.0,327.0,10.0,325.0,10.0
2023-04-27 21:07:41.0,1682600861000000000,331.0,330.5,323.0,738.0,50.0,163250.0,334.5,10.0,335.0,10.0,336.5,10.0,337.0,10.0,337.5,10.0,330.5,10.0,328.5,10.0,327.5,10.0,327.0,10.0,324.5,10.0
2023-04-27 21:07:41.25,1682600861250000000,331.0,330.5,323.0,738.0,50.0,163250.0,334.5,20.0,335.5,10.0,336.5,10.0,337.0,10.0,338.5,10.0,330.5,10.0,329.0,10.0,328.5,10.0,327.5,10.0,327.0,10.0
2023-04-27 21:07:41.5,1682600861500000000,331.0,330.5,323.0,738.0,50.0,163250.0,334.5,20.0,335.5,10.0,336.5,10.0,337.0,10.0,337.5,10.0,330.5,10.0,329.0,10.0,328.5,10.0,327.5,10.0,327.0,10.0
2023-04-27 21:07:42.0,1682600862000000000,331.0,330.5,323.0,738.0,50.0,163250.0,334.5,20.0,335.5,10.0,336.5,10.0,337.0,10.0,338.0,10.0,330.5,10.0,329.0,10.0,328.5,10.0,327.5,10.0,327.0,10.0
2023-04-27 21:07:42.25,1682600862250000000,331.0,330.5,323.0,738.0,50.0,163250.0,334.5,20.0,335.5,10.0,336.5,10.0,337.0,20.0,339.5,10.0,330.5,10.0,329.0,10.0,328.5,10.0,327.5,10.0,327.0,10.0
2023-04-27 21:07:42.5,1682600862500000000,331.0,330.5,323.0,738.0,50.0,163250.0,334.5,20.0,335.5,10.0,336.5,10.0,337.0,10.0,337.5,10.0,330.5,10.0,329.0,10.0,328.5,10.0,327.5,10.0,327.0,10.0
2023-04-27 21:07:42.75,1682600862750000000,331.0,330.5,323.0,738.0,50.0,163250.0,334.5,20.0,336.0,10.0,336.5,10.0,337.0,10.0,337.5,10.0,330.5,10.0,329.0,10.0,328.5,10.0,327.5,10.0,327.0,10.0
2023-04-27 21:07:43.0,1682600863000000000,331.0,330.5,323.0,738.0,50.0,163250.0,334.5,20.0,336.0,10.0,336.5,10.0,337.0,10.0,338.5,10.0,330.5,10.0,329.0,10.0,328.5,10.0,327.5,10.0,327.0,10.0
2023-04-27 21:07:43.25,1682600863250000000,331.0,330.5,323.0,738.0,50.0,163250.0,334.5,20.0,336.0,10.0,336.5,10.0,337.0,10.0,337.5,10.0,330.5,10.0,329.0,10.0,328.5,10.0,327.5,10.0,327.0,10.0
2023-04-27 21:07:43.5,1682600863500000000,331.0,330.5,323.0,738.0,50.0,163250.0,334.5,20.0,335.0,10.0,336.5,10.0,337.0,10.0,337.5,10.0,330.5,10.0,329.0,10.0,328.5,10.0,327.5,10.0,327.0,10.0
2023-04-27 21:07:43.75,1682600863750000000,331.0,330.5,323.0,738.0,50.0,163250.0,334.5,20.0,336.0,10.0,336.5,10.0,337.0,10.0,337.5,10.0,330.5,10.0,329.0,10.0,328.5,10.0,327.5,10.0,327.0,10.0
2023-04-27 21:07:44.0,1682600864000000000,331.0,330.5,323.0,738.0,50.0,163250.0,335.5,20.0,336.0,10.0,336.5,10.0,337.0,10.0,337.5,10.0,330.5,10.0,329.5,10.0,329.0,10.0,328.5,10.0,327.0,10.0
2023-04-27 21:07:44.5,1682600864500000000,331.0,330.5,323.0,738.0,50.0,163250.0,335.5,20.0,336.0,10.0,337.0,10.0,337.5,20.0,339.5,10.0,330.5,10.0,329.5,10.0,329.0,10.0,328.5,10.0,327.0,10.0
2023-04-27 21:07:46.75,1682600866750000000,331.0,330.5,323.0,738.0,60.0,196300.0,334.0,10.0,335.5,10.0,336.0,10.0,336.5,10.0,337.0,10.0,329.5,10.0,328.5,10.0,327.0,20.0,323.5,10.0,322.5,10.0
2023-04-27 21:07:47.0,1682600867000000000,331.0,330.5,323.0,738.0,60.0,196300.0,334.0,20.0,335.5,10.0,336.0,10.0,337.0,10.0,337.5,10.0,330.0,10.0,328.5,10.0,327.5,10.0,327.0,20.0,324.0,10.0
2023-04-27 21:07:47.25,1682600867250000000,331.0,330.5,323.0,738.0,60.0,196300.0,334.0,20.0,334.5,10.0,336.0,10.0,337.0,20.0,339.5,10.0,330.0,10.0,328.5,10.0,327.5,10.0,327.0,20.0,324.0,10.0
2023-04-27 21:07:47.5,1682600867500000000,331.0,330.5,323.0,738.0,60.0,196300.0,334.0,20.0,334.5,10.0,336.0,10.0,337.0,20.0,339.5,10.0,330.0,10.0,328.5,10.0,328.0,10.0,327.0,20.0,324.0,10.0
2023-04-27 21:07:49.75,1682600869750000000,331.0,330.5,323.0,738.0,60.0,196300.0,334.0,20.0,335.0,10.0,336.0,10.0,337.0,20.0,339.5,10.0,330.0,10.0,328.5,10.0,328.0,10.0,327.0,20.0,324.0,10.0
2023-04-27 21:07:50.5,1682600870500000000,331.0,330.5,323.0,738.0,60.0,196300.0,334.0,20.0,335.0,10.0,336.0,10.0,337.0,20.0,339.5,10.0,330.0,10.0,328.5,10.0,328.0,10.0,327.0,20.0,323.5,10.0
2023-04-27 21:07:50.75,1682600870750000000,331.0,330.5,323.0,738.0,60.0,196300.0,334.0,10.0,335.0,20.0,336.0,10.0,337.0,20.0,339.5,10.0,330.0,10.0,328.5,20.0,328.0,10.0,327.0,10.0,323.5,10.0
2023-04-27 21:07:51.0,1682600871000000000,331.0,330.5,323.0,738.0,60.0,196300.0,335.0,30.0,336.0,10.0,337.0,20.0,339.5,10.0,342.0,7.0,330.0,10.0,329.0,10.0,328.5,10.0,328.0,10.0,327.0,10.0
2023-04-27 21:07:51.25,1682600871250000000,331.0,330.5,323.0,738.0,60.0,196300.0,335.0,30.0,336.0,10.0,337.0,10.0,337.5,10.0,339.5,10.0,330.0,10.0,329.0,10.0,328.5,10.0,328.0,10.0,327.0,10.0
2023-04-27 21:07:51.5,1682600871500000000,331.0,330.5,323.0,738.0,60.0,196300.0,335.0,30.0,337.0,20.0,337.5,10.0,339.5,10.0,342.0,7.0,330.0,10.0,329.0,10.0,328.5,10.0,328.0,10.0,327.0,10.0
2023-04-27 21:07:52.25,1682600872250000000,331.0,330.5,323.0,738.0,60.0,196300.0,335.0,30.0,337.0,20.0,337.5,10.0,339.5,10.0,342.0,7.0,330.0,20.0,328.5,10.0,328.0,10.0,327.0,10.0,324.5,10.0
2023-04-27 21:07:53.0,1682600873000000000,331.0,330.5,323.0,738.0,60.0,196300.0,335.0,20.0,335.5,10.0,337.0,20.0,337.5,10.0,339.5,10.0,330.0,20.0,328.5,10.0,328.0,10.0,327.0,10.0,324.5,10.0
2023-04-27 21:07:54.5,1682600874500000000,331.0,330.5,323.0,738.0,60.0,196300.0,335.0,20.0,335.5,10.0,337.0,30.0,339.5,10.0,342.0,7.0,330.0,20.0,328.5,10.0,328.0,10.0,327.0,10.0,324.0,10.0
2023-04-27 21:07:54.75,1682600874750000000,331.0,330.5,323.0,738.0,60.0,196300.0,335.0,20.0,335.5,10.0,337.0,20.0,338.0,10.0,339.5,10.0,330.0,20.0,328.5,10.0,328.0,10.0,327.0,10.0,324.5,10.0
2023-04-27 21:07:55.0,1682600875000000000,331.0,330.5,323.0,738.0,60.0,196300.0,335.0,20.0,336.5,10.0,337.0,20.0,337.5,10.0,339.5,10.0,330.0,20.0,328.5,10.0,328.0,10.0,327.0,10.0,324.5,10.0
2023-04-27 21:07:57.0,1682600877000000000,331.0,330.5,323.0,738.0,60.0,196300.0,335.0,20.0,336.5,10.0,337.0,20.0,338.5,10.0,339.5,10.0,330.0,20.0,328.5,10.0,328.0,10.0,327.0,10.0,325.0,10.0
2023-04-27 21:07:57.25,1682600877250000000,331.0,330.5,323.0,738.0,60.0,196300.0,335.0,20.0,337.0,30.0,338.5,10.0,339.5,10.0,342.0,7.0,330.0,20.0,328.5,10.0,328.0,10.0,327.0,10.0,325.0,10.0
2023-04-27 21:07:57.75,1682600877750000000,331.0,330.5,323.0,738.0,60.0,196300.0,335.0,10.0,336.5,10.0,337.0,30.0,338.5,10.0,339.5,10.0,330.0,20.0,329.5,10.0,328.0,10.0,327.0,10.0,325.0,10.0
2023-04-27 21:07:58.0,1682600878000000000,331.0,330.5,323.0,738.0,60.0,196300.0,336.5,20.0,337.0,30.0,338.5,10.0,339.5,10.0,342.0,7.0,330.0,20.0,329.5,10.0,328.0,10.0,327.0,10.0,325.0,10.0
2023-04-27 21:07:58.5,1682600878500000000,331.0,330.5,323.0,738.0,60.0,196300.0,336.5,20.0,337.0,20.0,338.5,20.0,339.5,10.0,342.0,7.0,330.0,20.0,329.5,10.0,328.0,10.0,327.0,10.0,325.0,10.0
2023-04-27 21:07:59.25,1682600879250000000,331.0,330.5,323.0,738.0,60.0,196300.0,336.5,20.0,337.0,10.0,338.5,10.0,339.0,10.0,339.5,20.0,330.0,20.0,329.5,10.0,329.0,10.0,328.0,10.0,326.0,10.0
2023-04-27 21:07:59.5,1682600879500000000,331.0,330.5,323.0,738.0,60.0,196300.0,336.5,20.0,337.0,10.0,338.5,10.0,339.0,20.0,339.5,10.0,330.0,20.0,329.5,10.0,329.0,10.0,328.0,10.0,325.5,10.0
2023-04-27 21:08:01.25,1682600881250000000,331.0,330.5,323.0,738.0,60.0,196300.0,336.5,30.0,337.0,10.0,338.5,10.0,339.0,10.0,339.5,10.0,330.0,20.0,329.5,10.0,329.0,10.0,328.5,10.0,328.0,10.0
2023-04-27 21:08:01.75,1682600881750000000,331.0,330.5,323.0,738.0,60.0,196300.0,336.5,30.0,337.5,10.0,338.5,10.0,339.0,10.0,339.5,10.0,330.0,20.0,329.5,10.0,329.0,10.0,328.5,10.0,328.0,10.0
2023-04-27 21:08:02.0,1682600882000000000,331.0,330.5,323.0,738.0,60.0,196300.0,336.5,40.0,338.5,10.0,339.0,10.0,339.5,10.0,342.0,7.0,330.0,20.0,329.5,10.0,329.0,10.0,328.5,10.0,328.0,10.0
2023-04-27 21:08:02.5,1682600882500000000,331.0,330.5,323.0,738.0,60.0,196300.0,336.5,30.0,337.0,10.0,338.5,10.0,339.0,10.0,339.5,10.0,330.0,20.0,329.5,10.0,329.0,10.0,328.5,10.0,328.0,10.0
2023-04-27 21:08:04.75,1682600884750000000,331.0,330.5,323.0,738.0,60.0,196300.0,336.5,30.0,338.0,10.0,338.5,10.0,339.0,10.0,339.5,10.0,330.0,20.0,329.5,10.0,329.0,10.0,328.5,10.0,328.0,10.0
2023-04-27 21:08:05.0,1682600885000000000,331.0,330.5,323.0,738.0,60.0,196300.0,336.5,30.0,338.0,10.0,338.5,10.0,339.0,10.0,340.0,10.0,330.0,20.0,329.5,10.0,329.0,10.0,328.5,10.0,328.0,10.0
2023-04-27 21:08:05.25,1682600885250000000,331.0,330.5,323.0,738.0,60.0,196300.0,336.5,30.0,337.0,10.0,338.5,10.0,339.0,10.0,340.0,10.0,330.0,20.0,329.5,10.0,329.0,10.0,328.5,10.0,328.0,10.0
2023-04-27 21:08:05.5,1682600885500000000,331.0,330.5,323.0,738.0,60.0,196300.0,336.5,30.0,337.5,10.0,338.5,10.0,339.0,10.0,339.5,10.0,330.0,20.0,329.5,10.0,329.0,10.0,328.5,10.0,328.0,10.0
2023-04-27 21:08:06.5,1682600886500000000,331.0,330.5,323.0,738.0,60.0,196300.0,336.5,10.0,337.5,20.0,338.0,10.0,338.5,10.0,339.0,10.0,331.0,10.0,330.0,30.0,329.0,10.0,328.0,10.0,327.0,10.0
2023-04-27 21:08:06.75,1682600886750000000,331.0,330.5,323.0,738.0,60.0,196300.0,337.0,10.0,337.5,20.0,338.0,10.0,338.5,10.0,339.0,10.0,331.0,30.0,330.0,10.0,329.0,10.0,328.0,10.0,326.0,10.0
2023-04-27 21:08:07.0,1682600887000000000,331.0,330.5,323.0,738.0,60.0,196300.0,337.0,10.0,337.5,20.0,338.0,10.0,339.0,20.0,339.5,10.0,331.0,30.0,330.0,10.0,329.0,20.0,326.0,10.0,321.0,10.0
2023-04-27 21:08:09.25,1682600889250000000,331.0,330.5,323.0,738.0,60.0,196300.0,337.0,10.0,337.5,20.0,338.0,10.0,339.0,30.0,342.0,7.0,331.0,30.0,330.0,10.0,329.0,20.0,326.0,10.0,321.0,10.0
2023-04-27 21:08:10.0,1682600890000000000,331.0,330.5,323.0,738.0,60.0,196300.0,336.5,20.0,337.0,10.0,337.5,10.0,338.5,10.0,339.0,20.0,331.0,20.0,329.5,10.0,329.0,20.0,328.5,10.0,325.5,10.0
2023-04-27 21:08:10.25,1682600890250000000,331.0,330.5,323.0,738.0,60.0,196300.0,336.5,30.0,337.0,10.0,338.5,10.0,339.0,20.0,342.0,7.0,331.0,20.0,329.5,10.0,329.0,20.0,328.5,10.0,325.5,10.0
2023-04-27 21:08:10.5,1682600890500000000,331.0,330.5,323.0,738.0,60.0,196300.0,336.5,30.0,337.0,10.0,338.0,10.0,338.5,10.0,339.0,10.0,331.0,20.0,329.5,10.0,329.0,20.0,328.5,10.0,324.5,10.0
2023-04-27 21:08:13.5,1682600893500000000,331.0,330.5,323.0,738.0,60.0,196300.0,336.5,30.0,337.0,10.0,338.5,20.0,339.0,10.0,342.0,7.0,331.0,20.0,329.5,10.0,329.0,20.0,328.5,10.0,325.5,10.0
2023-04-27 21:08:13.75,1682600893750000000,331.0,330.5,323.0,738.0,60.0,196300.0,336.5,30.0,337.0,10.0,338.5,20.0,339.0,10.0,342.0,7.0,331.0,20.0,329.5,10.0,329.0,20.0,328.5,10.0,325.0,10.0
2023-04-27 21:08:14.75,1682600894750000000,331.0,330.5,323.0,738.0,60.0,196300.0,336.5,30.0,337.0,10.0,338.5,10.0,339.0,20.0,342.0,7.0,331.0,20.0,329.5,10.0,329.0,20.0,328.5,10.0,326.0,10.0
2023-04-27 21:08:16.5,1682600896500000000,331.0,330.5,323.0,738.0,60.0,196300.0,336.5,30.0,337.0,10.0,338.5,20.0,339.0,10.0,342.0,7.0,331.0,20.0,329.5,10.0,329.0,20.0,328.5,10.0,325.0,10.0
2023-04-27 21:08:18.25,1682600898250000000,331.0,330.5,323.0,738.0,60.0,196300.0,335.0,10.0,336.5,20.0,337.0,10.0,338.5,20.0,339.0,10.0,331.5,10.0,331.0,10.0,329.5,10.0,329.0,20.0,328.5,10.0
2023-04-27 21:08:18.5,1682600898500000000,331.0,330.5,323.0,738.0,60.0,196300.0,335.0,10.0,336.5,20.0,337.0,20.0,338.5,10.0,339.0,10.0,331.5,10.0,331.0,10.0,329.5,20.0,329.0,10.0,328.5,10.0
2023-04-27 21:08:19.5,1682600899500000000,331.0,330.5,323.0,738.0,60.0,196300.0,336.0,10.0,336.5,20.0,337.0,20.0,338.5,10.0,339.0,10.0,332.0,10.0,331.0,10.0,329.5,20.0,329.0,10.0,328.5,10.0
2023-04-27 21:08:20.0,1682600900000000000,331.0,330.5,323.0,738.0,60.0,196300.0,336.0,10.0,336.5,30.0,338.0,10.0,338.5,10.0,339.0,10.0,332.0,20.0,330.0,10.0,329.5,10.0,329.0,10.0,328.5,10.0
2023-04-27 21:08:20.25,1682600900250000000,331.0,330.5,323.0,738.0,60.0,196300.0,336.0,10.0,336.5,30.0,338.0,10.0,339.0,20.0,342.0,7.0,332.0,20.0,330.0,10.0,329.5,10.0,329.0,10.0,328.5,10.0
2023-04-27 21:08:20.5,1682600900500000000,331.0,330.5,323.0,738.0,60.0,196300.0,336.0,10.0,336.5,20.0,337.0,10.0,338.0,10.0,339.0,20.0,333.0,10.0,332.0,10.0,330.0,10.0,329.5,10.0,329.0,10.0
2023-04-27 21:08:20.75,1682600900750000000,331.0,330.5,323.0,738.0,60.0,196300.0,336.0,10.0,336.5,20.0,337.0,10.0,338.0,10.0,339.0,10.0,333.0,20.0,330.0,10.0,329.5,10.0,329.0,10.0,328.5,10.0
2023-04-27 21:08:21.0,1682600901000000000,331.0,330.5,323.0,738.0,60.0,196300.0,336.0,10.0,336.5,20.0,337.0,10.0,338.0,10.0,339.0,10.0,333.0,20.0,331.0,10.0,329.5,10.0,329.0,10.0,328.5,10.0
2023-04-27 21:08:21.5,1682600901500000000,331.0,330.5,323.0,738.0,60.0,196300.0,336.0,10.0,336.5,10.0,337.0,10.0,337.5,10.0,338.0,10.0,333.0,20.0,331.0,20.0,329.0,10.0,328.5,10.0,327.0,10.0
2023-04-27 21:08:22.0,1682600902000000000,331.0,330.5,323.0,738.0,60.0,196300.0,336.0,10.0,337.0,10.0,337.5,10.0,338.0,20.0,339.0,10.0,333.0,20.0,331.0,20.0,330.0,10.0,329.0,10.0,327.0,10.0
2023-04-27 21:08:23.5,1682600903500000000,331.0,330.5,323.0,738.0,60.0,196300.0,337.0,10.0,337.5,20.0,338.0,20.0,339.0,10.0,340.5,10.0,333.0,20.0,331.0,20.0,330.0,10.0,329.0,10.0,327.5,10.0
2023-04-27 21:08:24.0,1682600904000000000,331.0,330.5,323.0,738.0,60.0,196300.0,337.0,10.0,337.5,20.0,338.0,10.0,339.0,20.0,340.5,10.0,333.0,20.0,331.0,20.0,330.0,10.0,329.0,10.0,327.5,10.0
2023-04-27 21:08:24.25,1682600904250000000,331.0,330.5,323.0,738.0,60.0,196300.0,337.0,10.0,337.5,20.0,338.0,10.0,339.0,20.0,340.5,10.0,334.0,10.0,333.0,10.0,331.0,20.0,330.0,10.0,329.0,10.0
2023-04-27 21:08:24.5,1682600904500000000,331.0,330.5,323.0,738.0,60.0,196300.0,337.0,10.0,337.5,20.0,338.0,10.0,339.0,20.0,340.5,10.0,334.0,10.0,333.0,10.0,332.0,10.0,331.0,10.0,330.0,10.0
2023-04-27 21:08:24.75,1682600904750000000,331.0,330.5,323.0,738.0,60.0,196300.0,338.0,20.0,338.5,10.0,339.0,20.0,341.0,10.0,341.5,10.0,334.5,10.0,334.0,10.0,332.0,20.0,331.0,10.0,330.0,10.0
2023-04-27 21:08:25.0,1682600905000000000,331.0,330.5,323.0,738.0,60.0,196300.0,338.0,10.0,338.5,20.0,339.0,10.0,340.0,10.0,341.0,20.0,334.5,20.0,332.5,10.0,332.0,10.0,331.0,10.0,330.0,10.0
2023-04-27 21:08:26.0,1682600906000000000,331.0,330.5,323.0,738.0,60.0,196300.0,338.0,10.0,338.5,20.0,339.0,10.0,340.0,10.0,341.0,10.0,334.5,20.0,332.5,10.0,332.0,10.0,331.0,10.0,330.0,10.0
2023-04-27 21:08:26.75,1682600906750000000,331.0,330.5,323.0,738.0,60.0,196300.0,338.0,10.0,338.5,20.0,339.0,10.0,340.0,10.0,341.0,20.0,334.5,20.0,332.5,10.0,332.0,10.0,331.0,10.0,330.0,10.0
2023-04-27 21:08:27.25,1682600907250000000,331.0,330.5,323.0,738.0,60.0,196300.0,338.0,20.0,338.5,10.0,339.0,10.0,340.0,10.0,341.0,20.0,334.5,10.0,334.0,10.0,332.5,10.0,332.0,10.0,331.0,10.0
2023-04-27 21:08:27.5,1682600907500000000,331.0,330.5,323.0,738.0,60.0,196300.0,338.0,10.0,338.5,20.0,339.0,10.0,340.0,10.0,341.0,20.0,334.5,20.0,332.5,10.0,332.0,10.0,331.0,10.0,330.0,10.0
2023-04-27 21:08:27.75,1682600907750000000,331.0,330.5,323.0,738.0,60.0,196300.0,338.0,10.0,338.5,20.0,339.0,10.0,340.0,10.0,341.0,10.0,334.5,20.0,332.5,10.0,332.0,10.0,331.0,10.0,330.0,10.0
2023-04-27 21:08:28.75,1682600908750000000,331.0,330.5,323.0,738.0,60.0,196300.0,338.5,10.0,339.0,20.0,339.5,10.0,340.0,10.0,341.0,10.0,334.5,20.0,332.5,10.0,332.0,10.0,331.5,10.0,331.0,10.0
2023-04-27 21:08:29.0,1682600909000000000,331.0,330.5,323.0,738.0,60.0,196300.0,338.5,10.0,339.0,20.0,339.5,10.0,340.5,10.0,341.0,10.0,334.5,20.0,332.5,10.0,332.0,10.0,331.5,10.0,331.0,10.0
2023-04-27 21:08:29.25,1682600909250000000,331.0,330.5,323.0,738.0,60.0,196300.0,338.5,10.0,339.0,20.0,339.5,10.0,340.5,10.0,341.0,10.0,334.5,20.0,333.5,10.0,332.5,10.0,332.0,10.0,331.5,10.0
2023-04-27 21:08:30.0,1682600910000000000,331.0,330.5,323.0,738.0,60.0,196300.0,338.5,10.0,339.0,10.0,339.5,10.0,340.0,10.0,340.5,10.0,334.5,20.0,333.5,20.0,332.5,10.0,331.5,10.0,331.0,10.0
2023-04-27 21:08:30.25,1682600910250000000,331.0,330.5,323.0,738.0,60.0,196300.0,338.5,10.0,339.5,20.0,340.0,10.0,340.5,10.0,341.0,10.0,334.5,20.0,333.5,20.0,332.5,10.0,331.5,10.0,331.0,10.0
2023-04-27 21:08:30.75,1682600910750000000,331.0,330.5,323.0,738.0,60.0,196300.0,338.5,10.0,339.5,20.0,340.0,10.0,340.5,10.0,341.0,10.0,335.5,10.0,334.5,10.0,333.5,20.0,332.5,10.0,331.5,10.0
2023-04-27 21:08:31.0,1682600911000000000,331.0,330.5,323.0,738.0,60.0,196300.0,338.5,10.0,339.5,20.0,340.0,10.0,340.5,10.0,341.0,10.0,335.5,20.0,333.5,30.0,331.5,10.0,331.0,10.0,329.0,10.0
2023-04-27 21:08:31.25,1682600911250000000,331.0,330.5,323.0,738.0,60.0,196300.0,338.5,10.0,339.5,20.0,340.0,10.0,340.5,10.0,341.0,10.0,335.5,20.0,333.5,30.0,331.5,10.0,331.0,10.0,328.5,10.0
2023-04-27 21:08:31.75,1682600911750000000,331.0,330.5,323.0,738.0,60.0,196300.0,338.5,20.0,339.5,10.0,340.0,10.0,340.5,10.0,341.0,10.0,335.5,10.0,335.0,10.0,333.5,30.0,331.5,10.0,331.0,10.0
2023-04-27 21:08:34.25,1682600914250000000,331.0,330.5,323.0,738.0,60.0,196300.0,337.5,10.0,338.5,10.0,339.5,10.0,340.0,10.0,340.5,10.0,335.0,10.0,334.5,10.0,333.5,30.0,331.5,10.0,331.0,10.0
2023-04-27 21:08:34.5,1682600914500000000,331.0,330.5,323.0,738.0,60.0,196300.0,337.5,10.0,338.5,10.0,339.5,20.0,340.0,10.0,341.0,20.0,335.0,10.0,334.5,10.0,333.5,20.0,333.0,10.0,331.5,10.0
2023-04-27 21:08:34.75,1682600914750000000,331.0,330.5,323.0,738.0,60.0,196300.0,337.5,10.0,338.0,10.0,339.5,20.0,340.0,10.0,341.0,20.0,334.5,20.0,333.5,20.0,333.0,10.0,331.5,10.0,331.0,10.0
2023-04-27 21:08:35.0,1682600915000000000,331.0,330.5,323.0,738.0,60.0,196300.0,336.5,10.0,338.0,10.0,339.0,10.0,339.5,20.0,341.0,20.0,334.5,10.0,333.5,20.0,332.5,10.0,332.0,10.0,331.5,10.0
2023-04-27 21:08:35.5,1682600915500000000,331.0,330.5,323.0,738.0,60.0,196300.0,336.5,10.0,338.0,10.0,338.5,10.0,339.0,10.0,339.5,10.0,334.5,10.0,333.5,20.0,332.5,10.0,332.0,10.0,331.5,10.0
2023-04-27 21:08:36.0,1682600916000000000,331.0,330.5,323.0,738.0,60.0,196300.0,336.5,10.0,338.0,10.0,338.5,10.0,339.0,10.0,339.5,10.0,334.5,10.0,333.5,10.0,332.5,20.0,332.0,10.0,331.5,10.0
2023-04-27 21:08:36.75,1682600916750000000,331.0,330.5,323.0,738.0,60.0,196300.0,337.5,10.0,338.5,20.0,339.0,10.0,339.5,10.0,341.0,30.0,334.5,10.0,333.5,10.0,332.5,20.0,332.0,10.0,331.5,10.0
2023-04-27 21:08:37.0,1682600917000000000,331.0,330.5,323.0,738.0,60.0,196300.0,337.5,10.0,338.5,10.0,339.0,10.0,339.5,20.0,341.0,20.0,334.5,10.0,333.5,10.0,332.5,20.0,332.0,10.0,331.5,10.0
2023-04-27 21:08:37.25,1682600917250000000,331.0,330.5,323.0,738.0,60.0,196300.0,337.5,10.0,338.5,10.0,339.0,10.0,339.5,20.0,341.0,30.0,334.5,10.0,333.5,10.0,332.5,20.0,332.0,10.0,331.5,10.0
2023-04-27 21:08:42.75,1682600922750000000,331.0,330.5,323.0,738.0,60.0,196300.0,338.0,10.0,338.5,10.0,339.0,10.0,339.5,20.0,341.0,20.0,334.5,10.0,334.0,10.0,332.5,20.0,332.0,10.0,331.5,10.0
2023-04-27 21:08:43.0,1682600923000000000,331.0,330.5,323.0,738.0,60.0,196300.0,338.0,10.0,338.5,10.0,339.0,10.0,339.5,10.0,340.0,10.0,334.5,10.0,334.0,10.0,332.5,20.0,332.0,10.0,331.5,10.0
2023-04-27 21:08:50.0,1682600930000000000,331.0,330.5,323.0,738.0,60.0,196300.0,338.0,20.0,339.0,10.0,339.5,10.0,340.0,10.0,341.0,30.0,334.0,20.0,332.5,20.0,332.0,10.0,331.5,10.0,331.0,10.0
2023-04-27 21:08:50.25,1682600930250000000,331.0,330.5,323.0,738.0,60.0,196300.0,338.0,10.0,338.5,10.0,339.0,10.0,339.5,10.0,340.0,10.0,334.0,20.0,332.5,20.0,332.0,10.0,331.5,10.0,331.0,10.0
2023-04-27 21:08:50.5,1682600930500000000,331.0,330.5,323.0,738.0,60.0,196300.0,338.0,10.0,338.5,10.0,339.0,10.0,339.5,10.0,340.0,10.0,334.0,20.0,332.5,10.0,332.0,20.0,331.5,10.0,331.0,10.0
2023-04-27 21:08:51.25,1682600931250000000,331.0,330.5,323.0,738.0,60.0,196300.0,338.5,20.0,339.0,10.0,339.5,10.0,340.0,10.0,341.0,20.0,335.0,10.0,334.0,10.0,332.5,10.0,332.0,20.0,331.5,10.0
2023-04-27 21:08:51.5,1682600931500000000,331.0,330.5,323.0,738.0,60.0,196300.0,338.5,20.0,339.0,10.0,339.5,10.0,340.5,10.0,341.0,20.0,335.0,20.0,333.0,10.0,332.5,10.0,332.0,10.0,331.5,10.0
2023-04-27 21:08:52.5,1682600932500000000,331.0,330.5,323.0,738.0,60.0,196300.0,338.5,10.0,339.0,20.0,339.5,10.0,340.5,10.0,341.0,20.0,335.0,20.0,333.0,10.0,332.5,10.0,332.0,10.0,331.5,10.0
2023-04-27 21:08:52.75,1682600932750000000,331.0,330.5,323.0,738.0,60.0,196300.0,338.5,10.0,339.0,10.0,339.5,10.0,340.0,10.0,340.5,10.0,335.0,20.0,333.5,10.0,333.0,10.0,332.5,10.0,331.5,10.0
2023-04-27 21:08:53.25,1682600933250000000,331.0,330.5,323.0,738.0,60.0,196300.0,339.0,10.0,339.5,20.0,340.0,10.0,340.5,10.0,341.0,20.0,335.0,20.0,333.5,10.0,333.0,10.0,332.5,10.0,331.5,10.0
2023-04-27 21:08:53.5,1682600933500000000,331.0,330.5,323.0,738.0,60.0,196300.0,339.5,30.0,340.0,10.0,341.0,30.0,341.5,10.0,342.0,7.0,335.0,20.0,333.5,10.0,333.0,10.0,332.5,10.0,331.5,10.0
2023-04-27 21:08:53.75,1682600933750000000,331.0,330.5,323.0,738.0,60.0,196300.0,339.5,30.0,340.0,10.0,341.0,20.0,341.5,10.0,342.0,7.0,335.0,20.0,334.0,10.0,333.5,10.0,333.0,10.0,331.5,10.0
2023-04-27 21:08:54.0,1682600934000000000,331.0,330.5,323.0,738.0,60.0,196300.0,339.5,30.0,340.0,10.0,341.0,10.0,341.5,20.0,342.0,7.0,335.0,20.0,334.0,10.0,333.5,10.0,333.0,10.0,331.5,10.0
2023-04-27 21:08:54.5,1682600934500000000,331.0,330.5,323.0,738.0,60.0,196300.0,339.5,30.0,340.0,10.0,341.0,10.0,341.5,10.0,342.0,17.0,335.0,20.0,334.0,10.0,333.5,10.0,333.0,10.0,331.5,10.0
2023-04-27 21:08:55.5,1682600935500000000,331.0,330.5,323.0,738.0,60.0,196300.0,339.5,30.0,340.0,10.0,341.0,10.0,341.5,20.0,342.0,7.0,335.0,20.0,334.0,10.0,333.5,10.0,333.0,10.0,331.5,10.0
2023-04-27 21:08:56.25,1682600936250000000,331.0,330.5,323.0,738.0,60.0,196300.0,338.5,10.0,339.5,20.0,340.0,10.0,341.0,20.0,341.5,20.0,335.0,10.0,334.5,10.0,333.5,10.0,333.0,20.0,331.5,10.0
2023-04-27 21:08:56.5,1682600936500000000,331.0,330.5,323.0,738.0,60.0,196300.0,338.5,20.0,339.5,10.0,340.0,10.0,340.5,10.0,341.0,10.0,335.0,10.0,334.5,10.0,333.5,10.0,333.0,20.0,331.5,10.0
2023-04-27 21:08:56.75,1682600936750000000,331.0,330.5,323.0,738.0,60.0,196300.0,338.5,20.0,339.5,10.0,340.0,10.0,340.5,10.0,341.0,20.0,335.0,10.0,334.5,10.0,333.5,10.0,333.0,20.0,331.5,10.0
2023-04-27 21:08:58.0,1682600938000000000,331.0,330.5,323.0,738.0,60.0,196300.0,338.5,20.0,339.5,10.0,340.0,10.0,340.5,10.0,341.0,10.0,335.0,10.0,334.5,10.0,333.5,10.0,333.0,20.0,331.5,10.0
2023-04-27 21:08:58.5,1682600938500000000,331.0,330.5,323.0,738.0,60.0,196300.0,339.0,20.0,339.5,10.0,340.0,10.0,340.5,10.0,341.0,10.0,335.5,10.0,335.0,10.0,333.5,10.0,333.0,20.0,331.5,10.0
2023-04-27 21:08:58.75,1682600938750000000,331.0,330.5,323.0,738.0,60.0,196300.0,339.0,20.0,339.5,10.0,340.0,10.0,340.5,10.0,341.0,10.0,335.0,10.0,334.5,10.0,333.5,10.0,333.0,20.0,331.5,10.0
2023-04-27 21:08:59.0,1682600939000000000,331.0,330.5,323.0,738.0,60.0,196300.0,338.0,10.0,339.0,10.0,339.5,10.0,340.0,10.0,341.0,30.0,335.0,10.0,334.5,10.0,333.5,10.0,333.0,20.0,331.5,10.0
2023-04-27 21:08:59.25,1682600939250000000,331.0,330.5,323.0,738.0,60.0,196300.0,338.0,20.0,338.5,10.0,339.5,10.0,340.5,20.0,341.0,20.0,334.5,10.0,334.0,10.0,333.0,10.0,332.0,20.0,331.5,10.0
2023-04-27 21:08:59.5,1682600939500000000,331.0,330.5,323.0,738.0,60.0,196300.0,338.0,20.0,338.5,10.0,339.5,10.0,340.0,10.0,340.5,20.0,334.5,10.0,334.0,10.0,332.5,10.0,332.0,20.0,331.5,10.0
2023-04-27 21:08:59.75,1682600939750000000,331.0,330.5,323.0,738.0,60.0,196300.0,337.0,10.0,338.0,10.0,338.5,10.0,339.5,10.0,340.0,10.0,334.0,10.0,333.5,10.0,332.5,10.0,332.0,20.0,331.5,10.0
2023-04-27 21:09:00.0,1682600940000000000,331.0,330.5,323.0,738.0,60.0,196300.0,337.0,10.0,338.0,10.0,338.5,10.0,339.0,10.0,339.5,10.0,334.0,10.0,333.5,10.0,332.0,30.0,331.5,10.0,331.0,10.0
2023-04-27 21:09:00.25,1682600940250000000,331.0,330.5,323.0,738.0,60.0,196300.0,337.0,10.0,338.0,20.0,338.5,10.0,339.0,10.0,340.5,20.0,334.0,10.0,333.5,10.0,332.0,30.0,331.0,10.0,330.5,10.0
2023-04-27 21:09:00.5,1682600940500000000,331.0,330.5,323.0,738.0,60.0,196300.0,335.5,10.0,337.0,10.0,338.0,10.0,338.5,10.0,339.0,10.0,334.0,10.0,332.0,40.0,331.0,10.0,330.5,10.0,326.5,10.0
2023-04-27 21:09:00.75,1682600940750000000,331.0,330.5,323.0,738.0,60.0,196300.0,337.0,10.0,338.0,10.0,338.5,10.0,339.0,10.0,339.5,10.0,334.0,10.0,332.0,20.0,331.0,20.0,330.5,10.0,327.0,10.0
2023-04-27 21:09:01.25,1682600941250000000,331.0,330.5,323.0,738.0,60.0,196300.0,336.5,10.0,338.0,20.0,338.5,10.0,339.0,10.0,339.5,10.0,334.0,10.0,332.5,10.0,332.0,20.0,331.0,20.0,330.5,10.0
2023-04-27 21:09:01.5,1682600941500000000,331.0,330.5,323.0,738.0,60.0,196300.0,336.5,10.0,337.0,10.0,338.0,10.0,338.5,20.0,339.5,20.0,334.0,10.0,332.5,10.0,332.0,20.0,331.0,20.0,330.5,10.0
2023-04-27 21:09:01.75,1682600941750000000,331.0,330.5,323.0,738.0,60.0,196300.0,336.5,10.0,337.0,10.0,338.0,10.0,338.5,20.0,339.5,10.0,333.5,10.0,332.5,10.0,332.0,20.0,331.0,20.0,330.5,10.0
2023-04-27 21:09:02.0,1682600942000000000,331.0,330.5,323.0,738.0,60.0,196300.0,336.5,10.0,337.0,10.0,338.0,10.0,338.5,20.0,339.5,10.0,333.5,10.0,332.5,10.0,332.0,10.0,331.5,10.0,331.0,20.0
2023-04-27 21:09:02.25,1682600942250000000,331.0,330.5,323.0,738.0,60.0,196300.0,336.5,10.0,337.5,10.0,338.0,10.0,338.5,20.0,339.5,10.0,333.5,10.0,332.5,10.0,332.0,10.0,331.5,10.0,331.0,20.0
2023-04-27 21:09:05.0,1682600945000000000,331.0,330.5,323.0,738.0,60.0,196300.0,336.5,10.0,337.5,10.0,338.0,10.0,338.5,20.0,339.5,20.0,333.5,10.0,332.5,10.0,332.0,10.0,331.5,10.0,331.0,20.0
2023-04-27 21:09:05.25,1682600945250000000,331.0,330.5,323.0,738.0,60.0,196300.0,336.5,10.0,337.5,10.0,338.0,10.0,338.5,20.0,339.0,10.0,333.5,10.0,332.5,10.0,332.0,10.0,331.5,10.0,331.0,10.0
2023-04-27 21:09:06.0,1682600946000000000,331.0,330.5,323.0,738.0,60.0,196300.0,337.5,10.0,338.0,20.0,338.5,20.0,339.0,10.0,339.5,10.0,334.5,10.0,333.5,10.0,332.0,10.0,331.5,10.0,331.0,10.0
2023-04-27 21:09:06.25,1682600946250000000,331.0,330.5,323.0,738.0,60.0,196300.0,338.0,30.0,338.5,20.0,339.0,10.0,339.5,10.0,340.5,10.0,334.5,10.0,333.5,10.0,332.0,10.0,331.5,10.0,331.0,10.0
2023-04-27 21:09:06.5,1682600946500000000,331.0,330.5,323.0,738.0,60.0,196300.0,338.0,30.0,338.5,10.0,339.0,10.0,339.5,10.0,340.0,10.0,334.5,20.0,332.5,10.0,332.0,10.0,331.0,10.0,330.5,10.0
2023-04-27 21:09:06.75,1682600946750000000,331.0,330.5,323.0,738.0,60.0,196300.0,338.0,20.0,338.5,10.0,339.0,10.0,339.5,10.0,340.0,10.0,334.5,10.0,332.5,10.0,332.0,10.0,331.0,10.0,330.5,10.0
2023-04-27 21:09:07.0,1682600947000000000,331.0,330.5,323.0,738.0,60.0,196300.0,336.0,10.0,338.0,20.0,338.5,10.0,339.0,10.0,339.5,20.0,333.0,10.0,332.5,20.0,332.0,10.0,331.0,10.0,330.5,10.0
2023-04-27 21:09:07.5,1682600947500000000,331.0,330.5,323.0,738.0,60.0,196300.0,336.0,10.0,336.5,10.0,338.0,20.0,338.5,10.0,339.0,10.0,333.0,10.0,332.5,10.0,332.0,10.0,331.0,20.0,330.5,10.0
2023-04-27 21:09:08.25,1682600948250000000,331.0,330.5,323.0,738.0,60.0,196300.0,336.5,10.0,337.0,10.0,338.0,20.0,338.5,10.0,339.0,10.0,333.0,10.0,332.5,10.0,332.0,10.0,331.0,20.0,330.5,10.0
2023-04-27 21:09:08.5,1682600948500000000,331.0,330.5,323.0,738.0,60.0,196300.0,337.5,20.0,338.0,10.0,338.5,20.0,339.0,10.0,339.5,10.0,334.0,10.0,333.0,10.0,332.0,10.0,331.0,20.0,330.5,10.0
2023-04-27 21:09:09.0,1682600949000000000,331.0,330.5,323.0,738.0,60.0,196300.0,337.5,20.0,338.0,10.0,338.5,10.0,339.0,10.0,339.5,20.0,334.0,20.0,332.0,20.0,331.0,10.0,330.5,10.0,329.5,10.0
2023-04-27 21:09:09.25,1682600949250000000,331.0,330.5,323.0,738.0,60.0,196300.0,337.5,10.0,338.0,20.0,338.5,10.0,339.0,10.0,339.5,20.0,334.0,20.0,332.0,20.0,331.0,10.0,330.5,10.0,329.5,10.0
2023-04-27 21:09:09.5,1682600949500000000,331.0,330.5,323.0,738.0,60.0,196300.0,337.5,10.0,338.0,20.0,338.5,10.0,339.0,10.0,339.5,10.0,334.0,20.0,332.5,10.0,332.0,20.0,330.5,10.0,329.5,10.0
2023-04-27 21:09:10.5,1682600950500000000,331.0,330.5,323.0,738.0,60.0,196300.0,337.5,10.0,338.0,20.0,338.5,10.0,339.0,10.0,339.5,10.0,334.0,20.0,332.0,20.0,331.5,10.0,330.5,10.0,329.5,10.0
2023-04-27 21:09:11.25,1682600951250000000,331.0,330.5,323.0,738.0,60.0,196300.0,337.5,10.0,338.0,10.0,338.5,20.0,339.0,10.0,339.5,10.0,334.0,20.0,332.0,20.0,331.5,10.0,330.5,10.0,329.5,10.0
2023-04-27 21:09:12.0,1682600952000000000,331.0,330.5,323.0,738.0,60.0,196300.0,337.5,20.0,338.0,10.0,338.5,10.0,339.0,10.0,339.5,10.0,334.0,10.0,333.5,10.0,332.0,20.0,331.5,10.0,330.5,10.0
2023-04-27 21:09:12.25,1682600952250000000,331.0,330.5,323.0,738.0,60.0,196300.0,336.0,10.0,337.5,10.0,338.0,10.0,338.5,20.0,339.0,10.0,333.5,10.0,332.5,10.0,332.0,20.0,330.5,10.0,330.0,10.0
2023-04-27 21:09:12.5,1682600952500000000,331.0,330.5,323.0,738.0,60.0,196300.0,336.0,10.0,338.0,20.0,338.5,20.0,339.0,10.0,339.5,10.0,333.0,10.0,332.0,10.0,331.5,10.0,330.5,10.0,330.0,10.0
2023-04-27 21:09:12.75,1682600952750000000,331.0,330.5,323.0,738.0,60.0,196300.0,336.5,10.0,338.0,20.0,338.5,20.0,339.0,10.0,340.0,10.0,333.0,10.0,332.0,10.0,331.5,10.0,330.5,10.0,330.0,10.0
2023-04-27 21:09:13.0,1682600953000000000,331.0,330.5,323.0,738.0,60.0,196300.0,336.5,10.0,338.0,10.0,338.5,30.0,339.0,10.0,340.0,10.0,333.0,10.0,332.0,10.0,331.0,10.0,330.5,10.0,330.0,10.0
2023-04-27 21:09:13.25,1682600953250000000,331.0,330.5,323.0,738.0,60.0,196300.0,336.5,20.0,338.0,10.0,338.5,30.0,339.0,10.0,340.0,10.0,333.0,20.0,332.0,10.0,331.0,10.0,330.5,10.0,330.0,10.0
2023-04-27 21:09:14.5,1682600954500000000,331.0,330.5,323.0,738.0,60.0,196300.0,336.5,10.0,337.0,10.0,338.0,10.0,338.5,30.0,339.0,10.0,333.0,20.0,332.0,10.0,331.0,10.0,330.5,10.0,330.0,10.0
2023-04-27 21:09:22.0,1682600962000000000,331.0,330.5,323.0,738.0,60.0,196300.0,333.5,20.0,337.0,10.0,338.0,10.0,338.5,30.0,339.0,10.0,333.0,10.0,332.0,10.0,331.0,10.0,330.5,10.0,330.0,10.0
2023-04-27 21:09:22.25,1682600962250000000,331.0,330.5,323.0,738.0,60.0,196300.0,333.5,20.0,335.0,10.0,337.0,10.0,338.0,10.0,338.5,30.0,333.0,10.0,332.0,10.0,331.0,20.0,330.5,10.0,330.0,10.0
2023-04-27 21:09:22.5,1682600962500000000,331.0,330.5,323.0,738.0,60.0,196300.0,333.5,20.0,335.0,20.0,335.5,10.0,338.0,10.0,338.5,20.0,332.0,20.0,331.0,20.0,330.5,10.0,330.0,10.0,329.5,10.0
2023-04-27 21:09:23.0,1682600963000000000,331.0,330.5,323.0,738.0,60.0,196300.0,333.5,20.0,335.0,20.0,335.5,10.0,338.0,10.0,338.5,20.0,332.0,20.0,331.0,10.0,330.5,10.0,330.0,20.0,329.5,10.0
2023-04-27 21:09:23.5,1682600963500000000,331.0,330.5,323.0,738.0,60.0,196300.0,335.0,20.0,335.5,10.0,338.0,10.0,338.5,20.0,339.0,10.0,332.0,20.0,331.0,10.0,330.5,10.0,330.0,20.0,329.5,10.0
2023-04-27 21:09:23.75,1682600963750000000,331.0,330.5,323.0,738.0,60.0,196300.0,335.0,10.0,335.5,10.0,336.0,10.0,338.0,10.0,338.5,20.0,332.0,20.0,331.0,10.0,330.5,10.0,330.0,20.0,329.5,10.0
2023-04-27 21:09:24.0,1682600964000000000,331.0,330.5,323.0,738.0,60.0,196300.0,335.0,10.0,336.5,10.0,337.0,10.0,338.0,10.0,338.5,20.0,332.0,20.0,331.0,10.0,330.5,10.0,330.0,20.0,329.5,10.0
2023-04-27 21:09:24.25,1682600964250000000,331.0,330.5,323.0,738.0,60.0,196300.0,336.5,10.0,337.0,10.0,338.0,10.0,338.5,20.0,339.0,10.0,332.0,20.0,330.5,10.0,330.0,20.0,329.5,10.0,327.5,10.0
2023-04-27 21:09:24.5,1682600964500000000,331.0,330.5,323.0,738.0,60.0,196300.0,336.5,10.0,338.0,10.0,338.5,30.0,339.0,10.0,340.0,10.0,332.0,20.0,330.5,10.0,330.0,20.0,329.5,10.0,326.5,10.0
2023-04-27 21:09:25.0,1682600965000000000,331.0,330.5,323.0,738.0,60.0,196300.0,336.0,10.0,336.5,10.0,338.0,10.0,338.5,30.0,339.0,10.0,332.0,20.0,331.5,10.0,330.5,10.0,330.0,20.0,329.5,10.0
2023-04-27 21:09:25.5,1682600965500000000,331.0,330.5,323.0,738.0,60.0,196300.0,336.0,10.0,336.5,10.0,338.0,20.0,338.5,20.0,339.0,10.0,332.0,20.0,331.5,10.0,330.5,10.0,330.0,20.0,329.5,10.0
2023-04-27 21:09:25.75,1682600965750000000,331.0,330.5,323.0,738.0,60.0,196300.0,335.0,10.0,336.5,10.0,338.0,20.0,338.5,20.0,339.0,10.0,332.0,20.0,331.5,10.0,330.5,10.0,330.0,20.0,329.5,10.0
2023-04-27 21:09:26.0,1682600966000000000,331.0,330.5,323.0,738.0,60.0,196300.0,335.0,10.0,336.5,10.0,337.0,10.0,338.0,10.0,338.5,20.0,332.0,20.0,331.5,10.0,330.5,10.0,330.0,20.0,329.5,10.0
2023-04-27 21:09:26.25,1682600966250000000,331.0,330.5,323.0,738.0,60.0,196300.0,336.0,10.0,336.5,10.0,337.0,10.0,338.0,10.0,338.5,20.0,332.0,20.0,331.5,10.0,330.5,10.0,330.0,20.0,329.5,10.0
2023-04-27 21:09:26.5,1682600966500000000,331.0,330.5,323.0,738.0,60.0,196300.0,336.0,10.0,336.5,10.0,338.0,20.0,338.5,20.0,339.0,10.0,332.0,20.0,331.5,10.0,330.5,10.0,330.0,20.0,329.5,10.0
2023-04-27 21:09:27.0,1682600967000000000,331.0,330.5,323.0,738.0,60.0,196300.0,335.0,10.0,336.5,10.0,338.0,20.0,338.5,20.0,339.0,10.0,332.0,20.0,331.5,10.0,330.5,10.0,330.0,20.0,329.5,10.0
