datetime,datetime_nano,highest,last_price,lowest,open_interest,volume,amount,ask_price1,ask_volume1,ask_price2,ask_volume2,ask_price3,ask_volume3,ask_price4,ask_volume4,ask_price5,ask_volume5,bid_price1,bid_volume1,bid_price2,bid_volume2,bid_price3,bid_volume3,bid_price4,bid_volume4,bid_price5,bid_volume5
2023-04-27 20:55:00.0,1682600100000000000,,,,226.0,0.0,0.0,,0.0,,0.0,,0.0,,0.0,,0.0,,0.0,,0.0,,0.0,,0.0,,0.0
2023-04-27 21:00:15.5,1682600415500000000,,,,226.0,0.0,0.0,2154.5,1.0,,0.0,,0.0,,0.0,,0.0,1051.5,1.0,,0.0,,0.0,,0.0,,0.0
2023-04-27 21:00:15.75,1682600415750000000,,,,226.0,0.0,0.0,2154.0,10.0,2154.5,1.0,,0.0,,0.0,,0.0,1051.5,1.0,,0.0,,0.0,,0.0,,0.0
2023-04-27 21:00:16.25,1682600416250000000,,,,226.0,0.0,0.0,2154.0,10.0,,0.0,,0.0,,0.0,,0.0,1051.5,1.0,,0.0,,0.0,,0.0,,0.0
2023-04-27 21:14:48.25,1682601288250000000,,,,226.0,0.0,0.0,2154.0,10.0,,0.0,,0.0,,0.0,,0.0,1052.0,1.0,1051.5,1.0,,0.0,,0.0,,0.0
2023-04-27 21:14:48.75,1682601288750000000,,,,226.0,0.0,0.0,2154.0,10.0,,0.0,,0.0,,0.0,,0.0,1053.5,1.0,1052.0,1.0,,0.0,,0.0,,0.0
2023-04-27 21:32:12.25,1682602332250000000,,,,226.0,0.0,0.0,,0.0,,0.0,,0.0,,0.0,,0.0,1053.5,1.0,1052.0,1.0,,0.0,,0.0,,0.0
2023-04-27 21:39:31.25,1682602771250000000,,,,226.0,0.0,0.0,,0.0,,0.0,,0.0,,0.0,,0.0,1054.0,1.0,1053.5,1.0,1052.0,1.0,,0.0,,0.0
2023-04-27 21:39:31.75,1682602771750000000,,,,226.0,0.0,0.0,,0.0,,0.0,,0.0,,0.0,,0.0,1055.5,1.0,1054.0,1.0,1052.0,1.0,,0.0,,0.0
2023-04-27 21:39:35.25,1682602775250000000,,,,226.0,0.0,0.0,,0.0,,0.0,,0.0,,0.0,,0.0,1056.0,1.0,1055.5,1.0,1054.0,1.0,,0.0,,0.0
2023-04-27 21:39:35.75,1682602775750000000,,,,226.0,0.0,0.0,,0.0,,0.0,,0.0,,0.0,,0.0,1057.5,1.0,1056.0,1.0,1054.0,1.0,,0.0,,0.0
2023-04-27 21:39:57.25,1682602797250000000,,,,226.0,0.0,0.0,,0.0,,0.0,,0.0,,0.0,,0.0,1058.0,1.0,1057.5,1.0,1056.0,1.0,,0.0,,0.0
2023-04-27 21:39:57.75,1682602797750000000,,,,226.0,0.0,0.0,,0.0,,0.0,,0.0,,0.0,,0.0,1059.5,1.0,1058.0,1.0,1056.0,1.0,,0.0,,0.0
2023-04-27 22:02:11.25,1682604131250000000,,,,226.0,0.0,0.0,,0.0,,0.0,,0.0,,0.0,,0.0,1060.0,1.0,1059.5,1.0,1058.0,1.0,,0.0,,0.0
2023-04-27 22:02:11.75,1682604131750000000,,,,226.0,0.0,0.0,,0.0,,0.0,,0.0,,0.0,,0.0,1061.5,1.0,1060.0,1.0,1058.0,1.0,,0.0,,0.0
2023-04-27 22:02:26.25,1682604146250000000,,,,226.0,0.0,0.0,,0.0,,0.0,,0.0,,0.0,,0.0,1062.0,1.0,1061.5,1.0,1060.0,1.0,,0.0,,0.0
2023-04-27 22:02:26.75,1682604146750000000,,,,226.0,0.0,0.0,,0.0,,0.0,,0.0,,0.0,,0.0,1063.5,1.0,1062.0,1.0,1060.0,1.0,,0.0,,0.0
2023-04-27 22:02:39.25,1682604159250000000,,,,226.0,0.0,0.0,,0.0,,0.0,,0.0,,0.0,,0.0,1064.0,1.0,1063.5,1.0,1062.0,1.0,,0.0,,0.0
2023-04-27 22:02:39.75,1682604159750000000,,,,226.0,0.0,0.0,,0.0,,0.0,,0.0,,0.0,,0.0,1065.5,1.0,1064.0,1.0,1062.0,1.0,,0.0,,0.0
2023-04-27 22:02:51.25,1682604171250000000,,,,226.0,0.0,0.0,,0.0,,0.0,,0.0,,0.0,,0.0,1066.0,1.0,1065.5,1.0,1064.0,1.0,,0.0,,0.0
2023-04-27 22:02:51.75,1682604171750000000,,,,226.0,0.0,0.0,,0.0,,0.0,,0.0,,0.0,,0.0,1067.5,1.0,1066.0,1.0,1064.0,1.0,,0.0,,0.0
2023-04-27 22:03:02.25,1682604182250000000,,,,226.0,0.0,0.0,,0.0,,0.0,,0.0,,0.0,,0.0,1068.0,1.0,1067.5,1.0,1066.0,1.0,,0.0,,0.0
2023-04-27 22:03:02.75,1682604182750000000,,,,226.0,0.0,0.0,,0.0,,0.0,,0.0,,0.0,,0.0,1069.5,1.0,1068.0,1.0,1066.0,1.0,,0.0,,0.0
2023-04-27 22:26:08.25,1682605568250000000,,,,226.0,0.0,0.0,,0.0,,0.0,,0.0,,0.0,,0.0,1070.0,1.0,1069.5,1.0,1068.0,1.0,,0.0,,0.0
2023-04-27 22:26:08.75,1682605568750000000,,,,226.0,0.0,0.0,,0.0,,0.0,,0.0,,0.0,,0.0,1071.5,1.0,1070.0,1.0,1068.0,1.0,,0.0,,0.0
2023-04-27 22:47:45.25,1682606865250000000,,,,226.0,0.0,0.0,,0.0,,0.0,,0.0,,0.0,,0.0,1072.0,1.0,1071.5,1.0,1070.0,1.0,,0.0,,0.0
2023-04-27 22:47:45.75,1682606865750000000,,,,226.0,0.0,0.0,,0.0,,0.0,,0.0,,0.0,,0.0,1073.5,1.0,1072.0,1.0,1070.0,1.0,,0.0,,0.0
2023-04-27 22:57:39.75,1682607459750000000,,,,226.0,0.0,0.0,,0.0,,0.0,,0.0,,0.0,,0.0,1072.0,1.0,1070.0,1.0,,0.0,,0.0,,0.0
2023-04-28 08:55:00.0,1682643300000000000,,,,226.0,0.0,0.0,,0.0,,0.0,,0.0,,0.0,,0.0,1072.0,1.0,1070.0,1.0,,0.0,,0.0,,0.0
2023-04-28 09:00:10.5,1682643610500000000,,,,226.0,0.0,0.0,2154.5,1.0,,0.0,,0.0,,0.0,,0.0,1073.5,1.0,1072.0,1.0,1070.0,1.0,,0.0,,0.0
2023-04-28 09:01:10.75,1682643670750000000,,,,226.0,0.0,0.0,2154.0,10.0,2154.5,1.0,,0.0,,0.0,,0.0,1073.5,1.0,1072.0,1.0,1070.0,1.0,,0.0,,0.0
2023-04-28 09:01:11.0,1682643671000000000,,,,226.0,0.0,0.0,2152.5,1.0,2154.0,10.0,,0.0,,0.0,,0.0,1073.5,1.0,1072.0,1.0,1070.0,1.0,,0.0,,0.0
2023-04-28 09:01:11.25,1682643671250000000,,,,226.0,0.0,0.0,2152.0,10.0,2152.5,1.0,,0.0,,0.0,,0.0,1073.5,1.0,1072.0,1.0,1070.0,1.0,,0.0,,0.0
2023-04-28 09:01:11.5,1682643671500000000,,,,226.0,0.0,0.0,2152.0,10.0,,0.0,,0.0,,0.0,,0.0,1073.5,1.0,1072.0,1.0,1070.0,1.0,,0.0,,0.0
2023-04-28 09:01:13.5,1682643673500000000,,,,226.0,0.0,0.0,2150.5,1.0,2152.0,10.0,,0.0,,0.0,,0.0,1073.5,1.0,1072.0,1.0,1070.0,1.0,,0.0,,0.0
2023-04-28 09:01:13.75,1682643673750000000,,,,226.0,0.0,0.0,2150.5,1.0,,0.0,,0.0,,0.0,,0.0,1073.5,1.0,1072.0,1.0,1070.0,1.0,,0.0,,0.0
2023-04-28 09:01:14.0,1682643674000000000,,,,226.0,0.0,0.0,2150.0,10.0,2150.5,1.0,,0.0,,0.0,,0.0,1073.5,1.0,1072.0,1.0,1070.0,1.0,,0.0,,0.0
2023-04-28 09:01:14.5,1682643674500000000,,,,226.0,0.0,0.0,2150.0,10.0,,0.0,,0.0,,0.0,,0.0,1073.5,1.0,1072.0,1.0,1070.0,1.0,,0.0,,0.0
2023-04-28 09:01:15.5,1682643675500000000,,,,226.0,0.0,0.0,2148.5,1.0,2150.0,10.0,,0.0,,0.0,,0.0,1073.5,1.0,1072.0,1.0,1070.0,1.0,,0.0,,0.0
2023-04-28 09:01:15.75,1682643675750000000,,,,226.0,0.0,0.0,2148.5,1.0,,0.0,,0.0,,0.0,,0.0,1073.5,1.0,1072.0,1.0,1070.0,1.0,,0.0,,0.0
2023-04-28 09:01:16.0,1682643676000000000,,,,226.0,0.0,0.0,2148.0,10.0,2148.5,1.0,,0.0,,0.0,,0.0,1073.5,1.0,1072.0,1.0,1070.0,1.0,,0.0,,0.0
2023-04-28 09:01:16.5,1682643676500000000,,,,226.0,0.0,0.0,2146.5,1.0,2148.0,10.0,,0.0,,0.0,,0.0,1073.5,1.0,1072.0,1.0,1070.0,1.0,,0.0,,0.0
2023-04-28 09:01:16.75,1682643676750000000,,,,226.0,0.0,0.0,2146.5,1.0,,0.0,,0.0,,0.0,,0.0,1073.5,1.0,1072.0,1.0,1070.0,1.0,,0.0,,0.0
2023-04-28 09:01:17.0,1682643677000000000,,,,226.0,0.0,0.0,2146.0,10.0,2146.5,1.0,,0.0,,0.0,,0.0,1073.5,1.0,1072.0,1.0,1070.0,1.0,,0.0,,0.0
2023-04-28 09:01:17.5,1682643677500000000,,,,226.0,0.0,0.0,2144.5,1.0,2146.0,10.0,,0.0,,0.0,,0.0,1073.5,1.0,1072.0,1.0,1070.0,1.0,,0.0,,0.0
2023-04-28 09:01:17.75,1682643677750000000,,,,226.0,0.0,0.0,2144.5,1.0,,0.0,,0.0,,0.0,,0.0,1073.5,1.0,1072.0,1.0,1070.0,1.0,,0.0,,0.0
2023-04-28 09:01:18.0,1682643678000000000,,,,226.0,0.0,0.0,2144.0,10.0,2144.5,1.0,,0.0,,0.0,,0.0,1073.5,1.0,1072.0,1.0,1070.0,1.0,,0.0,,0.0
2023-04-28 09:01:18.5,1682643678500000000,,,,226.0,0.0,0.0,2142.5,1.0,2144.0,10.0,,0.0,,0.0,,0.0,1073.5,1.0,1072.0,1.0,1070.0,1.0,,0.0,,0.0
2023-04-28 09:01:18.75,1682643678750000000,,,,226.0,0.0,0.0,2142.5,1.0,,0.0,,0.0,,0.0,,0.0,1073.5,1.0,1072.0,1.0,1070.0,1.0,,0.0,,0.0
2023-04-28 09:01:19.0,1682643679000000000,,,,226.0,0.0,0.0,2142.0,10.0,2142.5,1.0,,0.0,,0.0,,0.0,1073.5,1.0,1072.0,1.0,1070.0,1.0,,0.0,,0.0
2023-04-28 09:01:19.5,1682643679500000000,,,,226.0,0.0,0.0,2140.5,1.0,2142.0,10.0,,0.0,,0.0,,0.0,1073.5,1.0,1072.0,1.0,1070.0,1.0,,0.0,,0.0
2023-04-28 09:01:19.75,1682643679750000000,,,,226.0,0.0,0.0,2140.5,1.0,,0.0,,0.0,,0.0,,0.0,1073.5,1.0,1072.0,1.0,1070.0,1.0,,0.0,,0.0
2023-04-28 09:01:20.0,1682643680000000000,,,,226.0,0.0,0.0,2140.0,10.0,2140.5,1.0,,0.0,,0.0,,0.0,1073.5,1.0,1072.0,1.0,1070.0,1.0,,0.0,,0.0
2023-04-28 09:01:20.5,1682643680500000000,,,,226.0,0.0,0.0,2138.5,1.0,2140.0,10.0,,0.0,,0.0,,0.0,1073.5,1.0,1072.0,1.0,1070.0,1.0,,0.0,,0.0
2023-04-28 09:01:20.75,1682643680750000000,,,,226.0,0.0,0.0,2138.5,1.0,,0.0,,0.0,,0.0,,0.0,1073.5,1.0,1072.0,1.0,1070.0,1.0,,0.0,,0.0
2023-04-28 09:01:21.0,1682643681000000000,,,,226.0,0.0,0.0,2138.0,10.0,2138.5,1.0,,0.0,,0.0,,0.0,1073.5,1.0,1072.0,1.0,1070.0,1.0,,0.0,,0.0
2023-04-28 09:01:21.5,1682643681500000000,,,,226.0,0.0,0.0,2138.0,10.0,,0.0,,0.0,,0.0,,0.0,1073.5,1.0,1072.0,1.0,1070.0,1.0,,0.0,,0.0
2023-04-28 09:01:22.5,1682643682500000000,,,,226.0,0.0,0.0,2136.5,1.0,2138.0,10.0,,0.0,,0.0,,0.0,1073.5,1.0,1072.0,1.0,1070.0,1.0,,0.0,,0.0
2023-04-28 09:01:22.75,1682643682750000000,,,,226.0,0.0,0.0,2136.5,1.0,,0.0,,0.0,,0.0,,0.0,1073.5,1.0,1072.0,1.0,1070.0,1.0,,0.0,,0.0
2023-04-28 09:01:23.0,1682643683000000000,,,,226.0,0.0,0.0,2136.0,10.0,2136.5,1.0,,0.0,,0.0,,0.0,1073.5,1.0,1072.0,1.0,1070.0,1.0,,0.0,,0.0
2023-04-28 09:01:23.5,1682643683500000000,,,,226.0,0.0,0.0,2134.5,1.0,2136.0,10.0,,0.0,,0.0,,0.0,1073.5,1.0,1072.0,1.0,1070.0,1.0,,0.0,,0.0
2023-04-28 09:01:23.75,1682643683750000000,,,,226.0,0.0,0.0,2134.5,1.0,,0.0,,0.0,,0.0,,0.0,1073.5,1.0,1072.0,1.0,1070.0,1.0,,0.0,,0.0
2023-04-28 09:01:24.0,1682643684000000000,,,,226.0,0.0,0.0,2134.0,10.0,2134.5,1.0,,0.0,,0.0,,0.0,1073.5,1.0,1072.0,1.0,1070.0,1.0,,0.0,,0.0
2023-04-28 09:01:24.5,1682643684500000000,,,,226.0,0.0,0.0,2132.5,1.0,2134.0,10.0,,0.0,,0.0,,0.0,1073.5,1.0,1072.0,1.0,1070.0,1.0,,0.0,,0.0
2023-04-28 09:01:24.75,1682643684750000000,,,,226.0,0.0,0.0,2132.5,1.0,,0.0,,0.0,,0.0,,0.0,1073.5,1.0,1072.0,1.0,1070.0,1.0,,0.0,,0.0
2023-04-28 09:01:25.0,1682643685000000000,,,,226.0,0.0,0.0,2132.0,10.0,2132.5,1.0,,0.0,,0.0,,0.0,1073.5,1.0,1072.0,1.0,1070.0,1.0,,0.0,,0.0
2023-04-28 09:01:25.5,1682643685500000000,,,,226.0,0.0,0.0,2132.0,10.0,,0.0,,0.0,,0.0,,0.0,1073.5,1.0,1072.0,1.0,1070.0,1.0,,0.0,,0.0
2023-04-28 09:01:29.5,1682643689500000000,,,,226.0,0.0,0.0,2130.5,1.0,2132.0,10.0,,0.0,,0.0,,0.0,1073.5,1.0,1072.0,1.0,1070.0,1.0,,0.0,,0.0
2023-04-28 09:01:29.75,1682643689750000000,,,,226.0,0.0,0.0,2130.5,1.0,,0.0,,0.0,,0.0,,0.0,1073.5,1.0,1072.0,1.0,1070.0,1.0,,0.0,,0.0
2023-04-28 09:01:30.0,1682643690000000000,,,,226.0,0.0,0.0,2130.0,10.0,2130.5,1.0,,0.0,,0.0,,0.0,1073.5,1.0,1072.0,1.0,1070.0,1.0,,0.0,,0.0
2023-04-28 09:01:30.5,1682643690500000000,,,,226.0,0.0,0.0,2128.5,1.0,2130.0,10.0,,0.0,,0.0,,0.0,1073.5,1.0,1072.0,1.0,1070.0,1.0,,0.0,,0.0
2023-04-28 09:01:30.75,1682643690750000000,,,,226.0,0.0,0.0,2128.5,1.0,,0.0,,0.0,,0.0,,0.0,1073.5,1.0,1072.0,1.0,1070.0,1.0,,0.0,,0.0
2023-04-28 09:01:31.0,1682643691000000000,,,,226.0,0.0,0.0,2128.0,10.0,2128.5,1.0,,0.0,,0.0,,0.0,1073.5,1.0,1072.0,1.0,1070.0,1.0,,0.0,,0.0
2023-04-28 09:01:31.5,1682643691500000000,,,,226.0,0.0,0.0,2128.0,10.0,,0.0,,0.0,,0.0,,0.0,1073.5,1.0,1072.0,1.0,1070.0,1.0,,0.0,,0.0
2023-04-28 09:01:33.5,1682643693500000000,,,,226.0,0.0,0.0,2126.5,1.0,2128.0,10.0,,0.0,,0.0,,0.0,1073.5,1.0,1072.0,1.0,1070.0,1.0,,0.0,,0.0
2023-04-28 09:01:33.75,1682643693750000000,,,,226.0,0.0,0.0,2126.5,1.0,,0.0,,0.0,,0.0,,0.0,1073.5,1.0,1072.0,1.0,1070.0,1.0,,0.0,,0.0
2023-04-28 09:01:34.0,1682643694000000000,,,,226.0,0.0,0.0,2126.0,10.0,2126.5,1.0,,0.0,,0.0,,0.0,1073.5,1.0,1072.0,1.0,1070.0,1.0,,0.0,,0.0
2023-04-28 09:01:34.5,1682643694500000000,,,,226.0,0.0,0.0,2126.0,10.0,,0.0,,0.0,,0.0,,0.0,1073.5,1.0,1072.0,1.0,1070.0,1.0,,0.0,,0.0
2023-04-28 09:01:36.75,1682643696750000000,,,,226.0,0.0,0.0,2124.5,1.0,2126.0,10.0,,0.0,,0.0,,0.0,1073.5,1.0,1072.0,1.0,1070.0,1.0,,0.0,,0.0
2023-04-28 09:01:37.0,1682643697000000000,,,,226.0,0.0,0.0,2124.5,1.0,,0.0,,0.0,,0.0,,0.0,1073.5,1.0,1072.0,1.0,1070.0,1.0,,0.0,,0.0
2023-04-28 09:01:37.25,1682643697250000000,,,,226.0,0.0,0.0,2124.0,10.0,2124.5,1.0,,0.0,,0.0,,0.0,1073.5,1.0,1072.0,1.0,1070.0,1.0,,0.0,,0.0
2023-04-28 09:01:37.5,1682643697500000000,,,,226.0,0.0,0.0,2124.0,10.0,,0.0,,0.0,,0.0,,0.0,1073.5,1.0,1072.0,1.0,1070.0,1.0,,0.0,,0.0
2023-04-28 09:01:38.5,1682643698500000000,,,,226.0,0.0,0.0,2122.5,1.0,2124.0,10.0,,0.0,,0.0,,0.0,1073.5,1.0,1072.0,1.0,1070.0,1.0,,0.0,,0.0
2023-04-28 09:01:38.75,1682643698750000000,,,,226.0,0.0,0.0,2122.5,1.0,,0.0,,0.0,,0.0,,0.0,1073.5,1.0,1072.0,1.0,1070.0,1.0,,0.0,,0.0
2023-04-28 09:01:39.0,1682643699000000000,,,,226.0,0.0,0.0,2122.0,10.0,2122.5,1.0,,0.0,,0.0,,0.0,1073.5,1.0,1072.0,1.0,1070.0,1.0,,0.0,,0.0
2023-04-28 09:01:39.5,1682643699500000000,,,,226.0,0.0,0.0,2122.0,10.0,,0.0,,0.0,,0.0,,0.0,1073.5,1.0,1072.0,1.0,1070.0,1.0,,0.0,,0.0
2023-04-28 09:01:40.5,1682643700500000000,,,,226.0,0.0,0.0,2120.5,1.0,2122.0,10.0,,0.0,,0.0,,0.0,1073.5,1.0,1072.0,1.0,1070.0,1.0,,0.0,,0.0
2023-04-28 09:01:40.75,1682643700750000000,,,,226.0,0.0,0.0,2120.5,1.0,,0.0,,0.0,,0.0,,0.0,1073.5,1.0,1072.0,1.0,1070.0,1.0,,0.0,,0.0
2023-04-28 09:01:41.0,1682643701000000000,,,,226.0,0.0,0.0,2120.0,10.0,2120.5,1.0,,0.0,,0.0,,0.0,1073.5,1.0,1072.0,1.0,1070.0,1.0,,0.0,,0.0
2023-04-28 09:01:41.5,1682643701500000000,,,,226.0,0.0,0.0,2118.5,1.0,2120.0,10.0,,0.0,,0.0,,0.0,1073.5,1.0,1072.0,1.0,1070.0,1.0,,0.0,,0.0
2023-04-28 09:01:41.75,1682643701750000000,,,,226.0,0.0,0.0,2118.5,1.0,,0.0,,0.0,,0.0,,0.0,1073.5,1.0,1072.0,1.0,1070.0,1.0,,0.0,,0.0
2023-04-28 09:01:42.0,1682643702000000000,,,,226.0,0.0,0.0,2118.0,10.0,2118.5,1.0,,0.0,,0.0,,0.0,1073.5,1.0,1072.0,1.0,1070.0,1.0,,0.0,,0.0
2023-04-28 09:01:42.5,1682643702500000000,,,,226.0,0.0,0.0,2118.0,10.0,,0.0,,0.0,,0.0,,0.0,1073.5,1.0,1072.0,1.0,1070.0,1.0,,0.0,,0.0
2023-04-28 09:01:45.5,1682643705500000000,,,,226.0,0.0,0.0,2116.5,1.0,2118.0,10.0,,0.0,,0.0,,0.0,1073.5,1.0,1072.0,1.0,1070.0,1.0,,0.0,,0.0
2023-04-28 09:01:45.75,1682643705750000000,,,,226.0,0.0,0.0,2116.5,1.0,,0.0,,0.0,,0.0,,0.0,1073.5,1.0,1072.0,1.0,1070.0,1.0,,0.0,,0.0
2023-04-28 09:01:46.0,1682643706000000000,,,,226.0,0.0,0.0,2116.0,10.0,2116.5,1.0,,0.0,,0.0,,0.0,1073.5,1.0,1072.0,1.0,1070.0,1.0,,0.0,,0.0
2023-04-28 09:01:46.5,1682643706500000000,,,,226.0,0.0,0.0,2114.5,1.0,2116.0,10.0,,0.0,,0.0,,0.0,1073.5,1.0,1072.0,1.0,1070.0,1.0,,0.0,,0.0
2023-04-28 09:01:46.75,1682643706750000000,,,,226.0,0.0,0.0,2114.5,1.0,,0.0,,0.0,,0.0,,0.0,1073.5,1.0,1072.0,1.0,1070.0,1.0,,0.0,,0.0
2023-04-28 09:01:47.0,1682643707000000000,,,,226.0,0.0,0.0,2114.0,10.0,2114.5,1.0,,0.0,,0.0,,0.0,1073.5,1.0,1072.0,1.0,1070.0,1.0,,0.0,,0.0
2023-04-28 09:01:47.5,1682643707500000000,,,,226.0,0.0,0.0,2114.0,10.0,,0.0,,0.0,,0.0,,0.0,1073.5,1.0,1072.0,1.0,1070.0,1.0,,0.0,,0.0
2023-04-28 09:01:49.75,1682643709750000000,,,,226.0,0.0,0.0,2112.5,1.0,2114.0,10.0,,0.0,,0.0,,0.0,1073.5,1.0,1072.0,1.0,1070.0,1.0,,0.0,,0.0
2023-04-28 09:01:50.0,1682643710000000000,,,,226.0,0.0,0.0,2112.5,1.0,,0.0,,0.0,,0.0,,0.0,1073.5,1.0,1072.0,1.0,1070.0,1.0,,0.0,,0.0
2023-04-28 09:01:50.25,1682643710250000000,,,,226.0,0.0,0.0,2112.0,10.0,2112.5,1.0,,0.0,,0.0,,0.0,1073.5,1.0,1072.0,1.0,1070.0,1.0,,0.0,,0.0
2023-04-28 09:01:50.5,1682643710500000000,,,,226.0,0.0,0.0,2110.5,1.0,2112.0,10.0,,0.0,,0.0,,0.0,1073.5,1.0,1072.0,1.0,1070.0,1.0,,0.0,,0.0
2023-04-28 09:01:50.75,1682643710750000000,,,,226.0,0.0,0.0,2110.5,1.0,,0.0,,0.0,,0.0,,0.0,1073.5,1.0,1072.0,1.0,1070.0,1.0,,0.0,,0.0
2023-04-28 09:01:51.0,1682643711000000000,,,,226.0,0.0,0.0,2110.0,10.0,2110.5,1.0,,0.0,,0.0,,0.0,1073.5,1.0,1072.0,1.0,1070.0,1.0,,0.0,,0.0
2023-04-28 09:01:51.5,1682643711500000000,,,,226.0,0.0,0.0,2108.5,1.0,2110.0,10.0,,0.0,,0.0,,0.0,1073.5,1.0,1072.0,1.0,1070.0,1.0,,0.0,,0.0
2023-04-28 09:01:51.75,1682643711750000000,,,,226.0,0.0,0.0,2108.5,1.0,,0.0,,0.0,,0.0,,0.0,1073.5,1.0,1072.0,1.0,1070.0,1.0,,0.0,,0.0
2023-04-28 09:01:52.0,1682643712000000000,,,,226.0,0.0,0.0,2108.0,10.0,2108.5,1.0,,0.0,,0.0,,0.0,1073.5,1.0,1072.0,1.0,1070.0,1.0,,0.0,,0.0
2023-04-28 09:01:52.5,1682643712500000000,,,,226.0,0.0,0.0,2106.5,1.0,2108.0,10.0,,0.0,,0.0,,0.0,1073.5,1.0,1072.0,1.0,1070.0,1.0,,0.0,,0.0
2023-04-28 09:01:52.75,1682643712750000000,,,,226.0,0.0,0.0,2106.5,1.0,,0.0,,0.0,,0.0,,0.0,1073.5,1.0,1072.0,1.0,1070.0,1.0,,0.0,,0.0
2023-04-28 09:01:53.0,1682643713000000000,,,,226.0,0.0,0.0,2106.0,10.0,2106.5,1.0,,0.0,,0.0,,0.0,1073.5,1.0,1072.0,1.0,1070.0,1.0,,0.0,,0.0
2023-04-28 09:01:53.5,1682643713500000000,,,,226.0,0.0,0.0,2106.0,10.0,,0.0,,0.0,,0.0,,0.0,1073.5,1.0,1072.0,1.0,1070.0,1.0,,0.0,,0.0
2023-04-28 09:01:56.75,1682643716750000000,,,,226.0,0.0,0.0,2104.5,1.0,2106.0,10.0,,0.0,,0.0,,0.0,1073.5,1.0,1072.0,1.0,1070.0,1.0,,0.0,,0.0
2023-04-28 09:01:57.0,1682643717000000000,,,,226.0,0.0,0.0,2104.5,1.0,,0.0,,0.0,,0.0,,0.0,1073.5,1.0,1072.0,1.0,1070.0,1.0,,0.0,,0.0
2023-04-28 09:01:57.25,1682643717250000000,,,,226.0,0.0,0.0,2104.0,10.0,2104.5,1.0,,0.0,,0.0,,0.0,1073.5,1.0,1072.0,1.0,1070.0,1.0,,0.0,,0.0
2023-04-28 09:01:57.75,1682643717750000000,,,,226.0,0.0,0.0,2102.5,1.0,2104.0,10.0,,0.0,,0.0,,0.0,1073.5,1.0,1072.0,1.0,1070.0,1.0,,0.0,,0.0
2023-04-28 09:01:58.0,1682643718000000000,,,,226.0,0.0,0.0,2102.5,1.0,,0.0,,0.0,,0.0,,0.0,1073.5,1.0,1072.0,1.0,1070.0,1.0,,0.0,,0.0
2023-04-28 09:01:58.25,1682643718250000000,,,,226.0,0.0,0.0,2102.0,10.0,2102.5,1.0,,0.0,,0.0,,0.0,1073.5,1.0,1072.0,1.0,1070.0,1.0,,0.0,,0.0
2023-04-28 09:01:58.75,1682643718750000000,,,,226.0,0.0,0.0,2100.5,1.0,2102.0,10.0,,0.0,,0.0,,0.0,1073.5,1.0,1072.0,1.0,1070.0,1.0,,0.0,,0.0
2023-04-28 09:01:59.0,1682643719000000000,,,,226.0,0.0,0.0,2100.5,1.0,,0.0,,0.0,,0.0,,0.0,1073.5,1.0,1072.0,1.0,1070.0,1.0,,0.0,,0.0
2023-04-28 09:01:59.25,1682643719250000000,,,,226.0,0.0,0.0,2100.0,10.0,2100.5,1.0,,0.0,,0.0,,0.0,1073.5,1.0,1072.0,1.0,1070.0,1.0,,0.0,,0.0
2023-04-28 09:01:59.75,1682643719750000000,,,,226.0,0.0,0.0,2100.0,10.0,,0.0,,0.0,,0.0,,0.0,1073.5,1.0,1072.0,1.0,1070.0,1.0,,0.0,,0.0
2023-04-28 09:02:03.75,1682643723750000000,,,,226.0,0.0,0.0,2098.5,1.0,2100.0,10.0,,0.0,,0.0,,0.0,1073.5,1.0,1072.0,1.0,1070.0,1.0,,0.0,,0.0
2023-04-28 09:02:04.0,1682643724000000000,,,,226.0,0.0,0.0,2098.5,1.0,,0.0,,0.0,,0.0,,0.0,1073.5,1.0,1072.0,1.0,1070.0,1.0,,0.0,,0.0
2023-04-28 09:02:04.25,1682643724250000000,,,,226.0,0.0,0.0,2098.0,10.0,2098.5,1.0,,0.0,,0.0,,0.0,1073.5,1.0,1072.0,1.0,1070.0,1.0,,0.0,,0.0
2023-04-28 09:02:04.75,1682643724750000000,,,,226.0,0.0,0.0,2096.5,1.0,2098.0,10.0,,0.0,,0.0,,0.0,1073.5,1.0,1072.0,1.0,1070.0,1.0,,0.0,,0.0
2023-04-28 09:02:05.0,1682643725000000000,,,,226.0,0.0,0.0,2096.5,1.0,,0.0,,0.0,,0.0,,0.0,1073.5,1.0,1072.0,1.0,1070.0,1.0,,0.0,,0.0
2023-04-28 09:02:05.25,1682643725250000000,,,,226.0,0.0,0.0,2096.0,10.0,2096.5,1.0,,0.0,,0.0,,0.0,1073.5,1.0,1072.0,1.0,1070.0,1.0,,0.0,,0.0
2023-04-28 09:02:06.0,1682643726000000000,,,,226.0,0.0,0.0,2094.5,1.0,2096.0,10.0,,0.0,,0.0,,0.0,1073.5,1.0,1072.0,1.0,1070.0,1.0,,0.0,,0.0
2023-04-28 09:02:06.25,1682643726250000000,,,,226.0,0.0,0.0,2094.5,1.0,,0.0,,0.0,,0.0,,0.0,1073.5,1.0,1072.0,1.0,1070.0,1.0,,0.0,,0.0
2023-04-28 09:02:06.5,1682643726500000000,,,,226.0,0.0,0.0,2094.0,10.0,2094.5,1.0,,0.0,,0.0,,0.0,1073.5,1.0,1072.0,1.0,1070.0,1.0,,0.0,,0.0
2023-04-28 09:02:06.75,1682643726750000000,,,,226.0,0.0,0.0,2094.0,10.0,,0.0,,0.0,,0.0,,0.0,1073.5,1.0,1072.0,1.0,1070.0,1.0,,0.0,,0.0
2023-04-28 09:02:15.0,1682643735000000000,,,,226.0,0.0,0.0,2092.5,1.0,2094.0,10.0,,0.0,,0.0,,0.0,1073.5,1.0,1072.0,1.0,1070.0,1.0,,0.0,,0.0
2023-04-28 09:02:15.25,1682643735250000000,,,,226.0,0.0,0.0,2092.5,1.0,,0.0,,0.0,,0.0,,0.0,1073.5,1.0,1072.0,1.0,1070.0,1.0,,0.0,,0.0
2023-04-28 09:02:15.5,1682643735500000000,,,,226.0,0.0,0.0,2092.0,10.0,2092.5,1.0,,0.0,,0.0,,0.0,1073.5,1.0,1072.0,1.0,1070.0,1.0,,0.0,,0.0
2023-04-28 09:02:15.75,1682643735750000000,,,,226.0,0.0,0.0,2090.5,1.0,2092.0,10.0,,0.0,,0.0,,0.0,1073.5,1.0,1072.0,1.0,1070.0,1.0,,0.0,,0.0
2023-04-28 09:02:16.0,1682643736000000000,,,,226.0,0.0,0.0,2090.5,1.0,,0.0,,0.0,,0.0,,0.0,1073.5,1.0,1072.0,1.0,1070.0,1.0,,0.0,,0.0
2023-04-28 09:02:16.25,1682643736250000000,,,,226.0,0.0,0.0,2090.0,10.0,2090.5,1.0,,0.0,,0.0,,0.0,1073.5,1.0,1072.0,1.0,1070.0,1.0,,0.0,,0.0
2023-04-28 09:02:16.75,1682643736750000000,,,,226.0,0.0,0.0,2090.0,10.0,,0.0,,0.0,,0.0,,0.0,1073.5,1.0,1072.0,1.0,1070.0,1.0,,0.0,,0.0
2023-04-28 09:02:20.75,1682643740750000000,,,,226.0,0.0,0.0,2088.5,1.0,2090.0,10.0,,0.0,,0.0,,0.0,1073.5,1.0,1072.0,1.0,1070.0,1.0,,0.0,,0.0
2023-04-28 09:02:21.0,1682643741000000000,,,,226.0,0.0,0.0,2088.5,1.0,,0.0,,0.0,,0.0,,0.0,1073.5,1.0,1072.0,1.0,1070.0,1.0,,0.0,,0.0
2023-04-28 09:02:21.25,1682643741250000000,,,,226.0,0.0,0.0,2088.0,10.0,2088.5,1.0,,0.0,,0.0,,0.0,1073.5,1.0,1072.0,1.0,1070.0,1.0,,0.0,,0.0
2023-04-28 09:02:21.75,1682643741750000000,,,,226.0,0.0,0.0,2088.0,10.0,,0.0,,0.0,,0.0,,0.0,1073.5,1.0,1072.0,1.0,1070.0,1.0,,0.0,,0.0
2023-04-28 09:02:23.75,1682643743750000000,,,,226.0,0.0,0.0,2086.5,1.0,2088.0,10.0,,0.0,,0.0,,0.0,1073.5,1.0,1072.0,1.0,1070.0,1.0,,0.0,,0.0
2023-04-28 09:02:24.0,1682643744000000000,,,,226.0,0.0,0.0,2086.5,1.0,,0.0,,0.0,,0.0,,0.0,1073.5,1.0,1072.0,1.0,1070.0,1.0,,0.0,,0.0
2023-04-28 09:02:24.25,1682643744250000000,,,,226.0,0.0,0.0,2086.0,10.0,2086.5,1.0,,0.0,,0.0,,0.0,1073.5,1.0,1072.0,1.0,1070.0,1.0,,0.0,,0.0
2023-04-28 09:02:24.75,1682643744750000000,,,,226.0,0.0,0.0,2086.0,10.0,,0.0,,0.0,,0.0,,0.0,1073.5,1.0,1072.0,1.0,1070.0,1.0,,0.0,,0.0
2023-04-28 09:02:25.0,1682643745000000000,,,,226.0,0.0,0.0,2084.5,1.0,2086.0,10.0,,0.0,,0.0,,0.0,1073.5,1.0,1072.0,1.0,1070.0,1.0,,0.0,,0.0
2023-04-28 09:02:25.25,1682643745250000000,,,,226.0,0.0,0.0,2084.5,1.0,,0.0,,0.0,,0.0,,0.0,1073.5,1.0,1072.0,1.0,1070.0,1.0,,0.0,,0.0
2023-04-28 09:02:25.5,1682643745500000000,,,,226.0,0.0,0.0,2084.0,10.0,2084.5,1.0,,0.0,,0.0,,0.0,1073.5,1.0,1072.0,1.0,1070.0,1.0,,0.0,,0.0
2023-04-28 09:02:25.75,1682643745750000000,,,,226.0,0.0,0.0,2084.0,10.0,,0.0,,0.0,,0.0,,0.0,1073.5,1.0,1072.0,1.0,1070.0,1.0,,0.0,,0.0
2023-04-28 09:02:26.75,1682643746750000000,,,,226.0,0.0,0.0,2082.5,1.0,2084.0,10.0,,0.0,,0.0,,0.0,1073.5,1.0,1072.0,1.0,1070.0,1.0,,0.0,,0.0
2023-04-28 09:02:27.0,1682643747000000000,,,,226.0,0.0,0.0,2082.5,1.0,,0.0,,0.0,,0.0,,0.0,1073.5,1.0,1072.0,1.0,1070.0,1.0,,0.0,,0.0
2023-04-28 09:02:27.25,1682643747250000000,,,,226.0,0.0,0.0,2082.0,10.0,2082.5,1.0,,0.0,,0.0,,0.0,1073.5,1.0,1072.0,1.0,1070.0,1.0,,0.0,,0.0
2023-04-28 09:02:27.75,1682643747750000000,,,,226.0,0.0,0.0,2080.5,1.0,2082.0,10.0,,0.0,,0.0,,0.0,1073.5,1.0,1072.0,1.0,1070.0,1.0,,0.0,,0.0
2023-04-28 09:02:28.0,1682643748000000000,,,,226.0,0.0,0.0,2080.5,1.0,,0.0,,0.0,,0.0,,0.0,1073.5,1.0,1072.0,1.0,1070.0,1.0,,0.0,,0.0
2023-04-28 09:02:28.25,1682643748250000000,,,,226.0,0.0,0.0,2080.0,10.0,2080.5,1.0,,0.0,,0.0,,0.0,1073.5,1.0,1072.0,1.0,1070.0,1.0,,0.0,,0.0
2023-04-28 09:02:28.75,1682643748750000000,,,,226.0,0.0,0.0,2078.5,1.0,2080.0,10.0,,0.0,,0.0,,0.0,1073.5,1.0,1072.0,1.0,1070.0,1.0,,0.0,,0.0
2023-04-28 09:02:29.0,1682643749000000000,,,,226.0,0.0,0.0,2078.5,1.0,,0.0,,0.0,,0.0,,0.0,1073.5,1.0,1072.0,1.0,1070.0,1.0,,0.0,,0.0
2023-04-28 09:02:29.25,1682643749250000000,,,,226.0,0.0,0.0,2078.0,10.0,2078.5,1.0,,0.0,,0.0,,0.0,1073.5,1.0,1072.0,1.0,1070.0,1.0,,0.0,,0.0
2023-04-28 09:02:29.75,1682643749750000000,,,,226.0,0.0,0.0,2078.0,10.0,,0.0,,0.0,,0.0,,0.0,1073.5,1.0,1072.0,1.0,1070.0,1.0,,0.0,,0.0
2023-04-28 09:02:32.75,1682643752750000000,,,,226.0,0.0,0.0,2076.5,1.0,2078.0,10.0,,0.0,,0.0,,0.0,1073.5,1.0,1072.0,1.0,1070.0,1.0,,0.0,,0.0
2023-04-28 09:02:33.0,1682643753000000000,,,,226.0,0.0,0.0,2076.5,1.0,,0.0,,0.0,,0.0,,0.0,1073.5,1.0,1072.0,1.0,1070.0,1.0,,0.0,,0.0
2023-04-28 09:02:33.25,1682643753250000000,,,,226.0,0.0,0.0,2076.0,10.0,2076.5,1.0,,0.0,,0.0,,0.0,1073.5,1.0,1072.0,1.0,1070.0,1.0,,0.0,,0.0
2023-04-28 09:02:33.75,1682643753750000000,,,,226.0,0.0,0.0,2076.0,10.0,,0.0,,0.0,,0.0,,0.0,1073.5,1.0,1072.0,1.0,1070.0,1.0,,0.0,,0.0
2023-04-28 09:02:38.75,1682643758750000000,,,,226.0,0.0,0.0,2074.5,1.0,2076.0,10.0,,0.0,,0.0,,0.0,1073.5,1.0,1072.0,1.0,1070.0,1.0,,0.0,,0.0
2023-04-28 09:02:39.0,1682643759000000000,,,,226.0,0.0,0.0,2074.5,1.0,,0.0,,0.0,,0.0,,0.0,1073.5,1.0,1072.0,1.0,1070.0,1.0,,0.0,,0.0
2023-04-28 09:02:39.25,1682643759250000000,,,,226.0,0.0,0.0,2074.0,10.0,2074.5,1.0,,0.0,,0.0,,0.0,1073.5,1.0,1072.0,1.0,1070.0,1.0,,0.0,,0.0
2023-04-28 09:02:39.75,1682643759750000000,,,,226.0,0.0,0.0,2074.0,10.0,,0.0,,0.0,,0.0,,0.0,1073.5,1.0,1072.0,1.0,1070.0,1.0,,0.0,,0.0
2023-04-28 09:02:46.0,1682643766000000000,,,,226.0,0.0,0.0,2072.5,1.0,2074.0,10.0,,0.0,,0.0,,0.0,1073.5,1.0,1072.0,1.0,1070.0,1.0,,0.0,,0.0
2023-04-28 09:02:46.25,1682643766250000000,,,,226.0,0.0,0.0,2072.5,1.0,,0.0,,0.0,,0.0,,0.0,1073.5,1.0,1072.0,1.0,1070.0,1.0,,0.0,,0.0
2023-04-28 09:02:46.5,1682643766500000000,,,,226.0,0.0,0.0,2072.0,10.0,2072.5,1.0,,0.0,,0.0,,0.0,1073.5,1.0,1072.0,1.0,1070.0,1.0,,0.0,,0.0
2023-04-28 09:02:46.75,1682643766750000000,,,,226.0,0.0,0.0,2072.0,10.0,,0.0,,0.0,,0.0,,0.0,1073.5,1.0,1072.0,1.0,1070.0,1.0,,0.0,,0.0
2023-04-28 09:08:09.5,1682644089500000000,,,,226.0,0.0,0.0,2070.5,1.0,2072.0,10.0,,0.0,,0.0,,0.0,1073.5,1.0,1072.0,1.0,1070.0,1.0,,0.0,,0.0
2023-04-28 09:08:09.75,1682644089750000000,,,,226.0,0.0,0.0,2070.5,1.0,,0.0,,0.0,,0.0,,0.0,1073.5,1.0,1072.0,1.0,1070.0,1.0,,0.0,,0.0
2023-04-28 09:08:10.0,1682644090000000000,,,,226.0,0.0,0.0,2070.0,10.0,2070.5,1.0,,0.0,,0.0,,0.0,1073.5,1.0,1072.0,1.0,1070.0,1.0,,0.0,,0.0
2023-04-28 09:08:10.25,1682644090250000000,,,,226.0,0.0,0.0,2068.5,1.0,2070.0,10.0,,0.0,,0.0,,0.0,1073.5,1.0,1072.0,1.0,1070.0,1.0,,0.0,,0.0
2023-04-28 09:08:10.5,1682644090500000000,,,,226.0,0.0,0.0,2068.5,1.0,,0.0,,0.0,,0.0,,0.0,1073.5,1.0,1072.0,1.0,1070.0,1.0,,0.0,,0.0
2023-04-28 09:08:10.75,1682644090750000000,,,,226.0,0.0,0.0,2068.0,10.0,2068.5,1.0,,0.0,,0.0,,0.0,1073.5,1.0,1072.0,1.0,1070.0,1.0,,0.0,,0.0
2023-04-28 09:08:11.25,1682644091250000000,,,,226.0,0.0,0.0,2066.5,1.0,2068.0,10.0,,0.0,,0.0,,0.0,1073.5,1.0,1072.0,1.0,1070.0,1.0,,0.0,,0.0
2023-04-28 09:08:11.5,1682644091500000000,,,,226.0,0.0,0.0,2066.5,1.0,,0.0,,0.0,,0.0,,0.0,1073.5,1.0,1072.0,1.0,1070.0,1.0,,0.0,,0.0
2023-04-28 09:08:11.75,1682644091750000000,,,,226.0,0.0,0.0,2066.0,10.0,2066.5,1.0,,0.0,,0.0,,0.0,1073.5,1.0,1072.0,1.0,1070.0,1.0,,0.0,,0.0
2023-04-28 09:08:12.25,1682644092250000000,,,,226.0,0.0,0.0,2064.5,1.0,2066.0,10.0,,0.0,,0.0,,0.0,1073.5,1.0,1072.0,1.0,1070.0,1.0,,0.0,,0.0
2023-04-28 09:08:12.5,1682644092500000000,,,,226.0,0.0,0.0,2064.5,1.0,,0.0,,0.0,,0.0,,0.0,1073.5,1.0,1072.0,1.0,1070.0,1.0,,0.0,,0.0
2023-04-28 09:08:12.75,1682644092750000000,,,,226.0,0.0,0.0,2064.0,10.0,2064.5,1.0,,0.0,,0.0,,0.0,1073.5,1.0,1072.0,1.0,1070.0,1.0,,0.0,,0.0
2023-04-28 09:08:13.25,1682644093250000000,,,,226.0,0.0,0.0,2062.5,1.0,2064.0,10.0,,0.0,,0.0,,0.0,1073.5,1.0,1072.0,1.0,1070.0,1.0,,0.0,,0.0
2023-04-28 09:08:13.5,1682644093500000000,,,,226.0,0.0,0.0,2062.5,1.0,,0.0,,0.0,,0.0,,0.0,1073.5,1.0,1072.0,1.0,1070.0,1.0,,0.0,,0.0
2023-04-28 09:08:13.75,1682644093750000000,,,,226.0,0.0,0.0,2062.0,10.0,2062.5,1.0,,0.0,,0.0,,0.0,1073.5,1.0,1072.0,1.0,1070.0,1.0,,0.0,,0.0
2023-04-28 09:08:14.25,1682644094250000000,,,,226.0,0.0,0.0,2060.5,1.0,2062.0,10.0,,0.0,,0.0,,0.0,1073.5,1.0,1072.0,1.0,1070.0,1.0,,0.0,,0.0
2023-04-28 09:08:14.5,1682644094500000000,,,,226.0,0.0,0.0,2060.5,1.0,,0.0,,0.0,,0.0,,0.0,1073.5,1.0,1072.0,1.0,1070.0,1.0,,0.0,,0.0
2023-04-28 09:08:14.75,1682644094750000000,,,,226.0,0.0,0.0,2060.0,10.0,2060.5,1.0,,0.0,,0.0,,0.0,1073.5,1.0,1072.0,1.0,1070.0,1.0,,0.0,,0.0
2023-04-28 09:08:15.25,1682644095250000000,,,,226.0,0.0,0.0,2058.5,1.0,2060.0,10.0,,0.0,,0.0,,0.0,1073.5,1.0,1072.0,1.0,1070.0,1.0,,0.0,,0.0
2023-04-28 09:08:15.5,1682644095500000000,,,,226.0,0.0,0.0,2058.5,1.0,,0.0,,0.0,,0.0,,0.0,1073.5,1.0,1072.0,1.0,1070.0,1.0,,0.0,,0.0
2023-04-28 09:08:15.75,1682644095750000000,,,,226.0,0.0,0.0,2058.0,10.0,2058.5,1.0,,0.0,,0.0,,0.0,1073.5,1.0,1072.0,1.0,1070.0,1.0,,0.0,,0.0
2023-04-28 09:08:16.25,1682644096250000000,,,,226.0,0.0,0.0,2056.5,1.0,2058.0,10.0,,0.0,,0.0,,0.0,1073.5,1.0,1072.0,1.0,1070.0,1.0,,0.0,,0.0
2023-04-28 09:08:16.5,1682644096500000000,,,,226.0,0.0,0.0,2056.5,1.0,,0.0,,0.0,,0.0,,0.0,1073.5,1.0,1072.0,1.0,1070.0,1.0,,0.0,,0.0
2023-04-28 09:08:16.75,1682644096750000000,,,,226.0,0.0,0.0,2056.0,10.0,2056.5,1.0,,0.0,,0.0,,0.0,1073.5,1.0,1072.0,1.0,1070.0,1.0,,0.0,,0.0
2023-04-28 09:08:17.25,1682644097250000000,,,,226.0,0.0,0.0,2054.5,1.0,2056.0,10.0,,0.0,,0.0,,0.0,1073.5,1.0,1072.0,1.0,1070.0,1.0,,0.0,,0.0
2023-04-28 09:08:17.5,1682644097500000000,,,,226.0,0.0,0.0,2054.5,1.0,,0.0,,0.0,,0.0,,0.0,1073.5,1.0,1072.0,1.0,1070.0,1.0,,0.0,,0.0
2023-04-28 09:08:17.75,1682644097750000000,,,,226.0,0.0,0.0,2054.0,10.0,2054.5,1.0,,0.0,,0.0,,0.0,1073.5,1.0,1072.0,1.0,1070.0,1.0,,0.0,,0.0
2023-04-28 09:08:18.25,1682644098250000000,,,,226.0,0.0,0.0,2052.5,1.0,2054.0,10.0,,0.0,,0.0,,0.0,1073.5,1.0,1072.0,1.0,1070.0,1.0,,0.0,,0.0
2023-04-28 09:08:18.5,1682644098500000000,,,,226.0,0.0,0.0,2052.5,1.0,,0.0,,0.0,,0.0,,0.0,1073.5,1.0,1072.0,1.0,1070.0,1.0,,0.0,,0.0
2023-04-28 09:08:18.75,1682644098750000000,,,,226.0,0.0,0.0,2052.0,10.0,2052.5,1.0,,0.0,,0.0,,0.0,1073.5,1.0,1072.0,1.0,1070.0,1.0,,0.0,,0.0
2023-04-28 09:08:19.25,1682644099250000000,,,,226.0,0.0,0.0,2050.5,1.0,2052.0,10.0,,0.0,,0.0,,0.0,1073.5,1.0,1072.0,1.0,1070.0,1.0,,0.0,,0.0
2023-04-28 09:08:19.5,1682644099500000000,,,,226.0,0.0,0.0,2050.5,1.0,,0.0,,0.0,,0.0,,0.0,1073.5,1.0,1072.0,1.0,1070.0,1.0,,0.0,,0.0
2023-04-28 09:08:19.75,1682644099750000000,,,,226.0,0.0,0.0,2050.0,10.0,2050.5,1.0,,0.0,,0.0,,0.0,1073.5,1.0,1072.0,1.0,1070.0,1.0,,0.0,,0.0
2023-04-28 09:08:20.25,1682644100250000000,,,,226.0,0.0,0.0,2048.5,1.0,2050.0,10.0,,0.0,,0.0,,0.0,1073.5,1.0,1072.0,1.0,1070.0,1.0,,0.0,,0.0
2023-04-28 09:08:20.5,1682644100500000000,,,,226.0,0.0,0.0,2048.5,1.0,,0.0,,0.0,,0.0,,0.0,1073.5,1.0,1072.0,1.0,1070.0,1.0,,0.0,,0.0
2023-04-28 09:08:20.75,1682644100750000000,,,,226.0,0.0,0.0,2048.0,10.0,2048.5,1.0,,0.0,,0.0,,0.0,1073.5,1.0,1072.0,1.0,1070.0,1.0,,0.0,,0.0
2023-04-28 09:08:21.25,1682644101250000000,,,,226.0,0.0,0.0,2046.5,1.0,2048.0,10.0,,0.0,,0.0,,0.0,1073.5,1.0,1072.0,1.0,1070.0,1.0,,0.0,,0.0
2023-04-28 09:08:21.5,1682644101500000000,,,,226.0,0.0,0.0,2046.5,1.0,,0.0,,0.0,,0.0,,0.0,1073.5,1.0,1072.0,1.0,1070.0,1.0,,0.0,,0.0
2023-04-28 09:08:21.75,1682644101750000000,,,,226.0,0.0,0.0,2046.0,10.0,2046.5,1.0,,0.0,,0.0,,0.0,1073.5,1.0,1072.0,1.0,1070.0,1.0,,0.0,,0.0
2023-04-28 09:08:22.25,1682644102250000000,,,,226.0,0.0,0.0,2044.5,1.0,2046.0,10.0,,0.0,,0.0,,0.0,1073.5,1.0,1072.0,1.0,1070.0,1.0,,0.0,,0.0
2023-04-28 09:08:22.5,1682644102500000000,,,,226.0,0.0,0.0,2044.5,1.0,,0.0,,0.0,,0.0,,0.0,1073.5,1.0,1072.0,1.0,1070.0,1.0,,0.0,,0.0
2023-04-28 09:08:22.75,1682644102750000000,,,,226.0,0.0,0.0,2044.0,10.0,2044.5,1.0,,0.0,,0.0,,0.0,1073.5,1.0,1072.0,1.0,1070.0,1.0,,0.0,,0.0
2023-04-28 09:08:23.25,1682644103250000000,,,,226.0,0.0,0.0,2042.5,1.0,2044.0,10.0,,0.0,,0.0,,0.0,1073.5,1.0,1072.0,1.0,1070.0,1.0,,0.0,,0.0
2023-04-28 09:08:23.5,1682644103500000000,,,,226.0,0.0,0.0,2042.5,1.0,,0.0,,0.0,,0.0,,0.0,1073.5,1.0,1072.0,1.0,1070.0,1.0,,0.0,,0.0
2023-04-28 09:08:23.75,1682644103750000000,,,,226.0,0.0,0.0,2042.0,10.0,2042.5,1.0,,0.0,,0.0,,0.0,1073.5,1.0,1072.0,1.0,1070.0,1.0,,0.0,,0.0
2023-04-28 09:08:24.25,1682644104250000000,,,,226.0,0.0,0.0,2040.5,1.0,2042.0,10.0,,0.0,,0.0,,0.0,1073.5,1.0,1072.0,1.0,1070.0,1.0,,0.0,,0.0
2023-04-28 09:08:24.5,1682644104500000000,,,,226.0,0.0,0.0,2040.5,1.0,,0.0,,0.0,,0.0,,0.0,1073.5,1.0,1072.0,1.0,1070.0,1.0,,0.0,,0.0
2023-04-28 09:08:24.75,1682644104750000000,,,,226.0,0.0,0.0,2040.0,10.0,2040.5,1.0,,0.0,,0.0,,0.0,1073.5,1.0,1072.0,1.0,1070.0,1.0,,0.0,,0.0
2023-04-28 09:08:25.25,1682644105250000000,,,,226.0,0.0,0.0,2038.5,1.0,2040.0,10.0,,0.0,,0.0,,0.0,1073.5,1.0,1072.0,1.0,1070.0,1.0,,0.0,,0.0
2023-04-28 09:08:25.5,1682644105500000000,,,,226.0,0.0,0.0,2038.5,1.0,,0.0,,0.0,,0.0,,0.0,1073.5,1.0,1072.0,1.0,1070.0,1.0,,0.0,,0.0
2023-04-28 09:08:25.75,1682644105750000000,,,,226.0,0.0,0.0,2038.0,10.0,2038.5,1.0,,0.0,,0.0,,0.0,1073.5,1.0,1072.0,1.0,1070.0,1.0,,0.0,,0.0
2023-04-28 09:08:26.25,1682644106250000000,,,,226.0,0.0,0.0,2036.5,1.0,2038.0,10.0,,0.0,,0.0,,0.0,1073.5,1.0,1072.0,1.0,1070.0,1.0,,0.0,,0.0
2023-04-28 09:08:26.5,1682644106500000000,,,,226.0,0.0,0.0,2036.5,1.0,,0.0,,0.0,,0.0,,0.0,1073.5,1.0,1072.0,1.0,1070.0,1.0,,0.0,,0.0
2023-04-28 09:08:26.75,1682644106750000000,,,,226.0,0.0,0.0,2036.0,10.0,2036.5,1.0,,0.0,,0.0,,0.0,1073.5,1.0,1072.0,1.0,1070.0,1.0,,0.0,,0.0
2023-04-28 09:08:27.25,1682644107250000000,,,,226.0,0.0,0.0,2034.5,1.0,2036.0,10.0,,0.0,,0.0,,0.0,1073.5,1.0,1072.0,1.0,1070.0,1.0,,0.0,,0.0
2023-04-28 09:08:27.5,1682644107500000000,,,,226.0,0.0,0.0,2034.5,1.0,,0.0,,0.0,,0.0,,0.0,1073.5,1.0,1072.0,1.0,1070.0,1.0,,0.0,,0.0
2023-04-28 09:08:27.75,1682644107750000000,,,,226.0,0.0,0.0,2034.0,10.0,2034.5,1.0,,0.0,,0.0,,0.0,1073.5,1.0,1072.0,1.0,1070.0,1.0,,0.0,,0.0
2023-04-28 09:08:28.25,1682644108250000000,,,,226.0,0.0,0.0,2032.5,1.0,2034.0,10.0,,0.0,,0.0,,0.0,1073.5,1.0,1072.0,1.0,1070.0,1.0,,0.0,,0.0
2023-04-28 09:08:28.5,1682644108500000000,,,,226.0,0.0,0.0,2032.5,1.0,,0.0,,0.0,,0.0,,0.0,1073.5,1.0,1072.0,1.0,1070.0,1.0,,0.0,,0.0
2023-04-28 09:08:28.75,1682644108750000000,,,,226.0,0.0,0.0,2032.0,10.0,2032.5,1.0,,0.0,,0.0,,0.0,1073.5,1.0,1072.0,1.0,1070.0,1.0,,0.0,,0.0
2023-04-28 09:08:29.25,1682644109250000000,,,,226.0,0.0,0.0,2030.5,1.0,2032.0,10.0,,0.0,,0.0,,0.0,1073.5,1.0,1072.0,1.0,1070.0,1.0,,0.0,,0.0
2023-04-28 09:08:29.5,1682644109500000000,,,,226.0,0.0,0.0,2030.5,1.0,,0.0,,0.0,,0.0,,0.0,1073.5,1.0,1072.0,1.0,1070.0,1.0,,0.0,,0.0
2023-04-28 09:08:29.75,1682644109750000000,,,,226.0,0.0,0.0,2030.0,10.0,2030.5,1.0,,0.0,,0.0,,0.0,1073.5,1.0,1072.0,1.0,1070.0,1.0,,0.0,,0.0
2023-04-28 09:08:30.25,1682644110250000000,,,,226.0,0.0,0.0,2028.5,1.0,2030.0,10.0,,0.0,,0.0,,0.0,1073.5,1.0,1072.0,1.0,1070.0,1.0,,0.0,,0.0
2023-04-28 09:08:30.5,1682644110500000000,,,,226.0,0.0,0.0,2028.5,1.0,,0.0,,0.0,,0.0,,0.0,1073.5,1.0,1072.0,1.0,1070.0,1.0,,0.0,,0.0
2023-04-28 09:08:30.75,1682644110750000000,,,,226.0,0.0,0.0,2028.0,10.0,2028.5,1.0,,0.0,,0.0,,0.0,1073.5,1.0,1072.0,1.0,1070.0,1.0,,0.0,,0.0
2023-04-28 09:08:31.25,1682644111250000000,,,,226.0,0.0,0.0,2026.5,1.0,2028.0,10.0,,0.0,,0.0,,0.0,1073.5,1.0,1072.0,1.0,1070.0,1.0,,0.0,,0.0
2023-04-28 09:08:31.5,1682644111500000000,,,,226.0,0.0,0.0,2026.5,1.0,,0.0,,0.0,,0.0,,0.0,1073.5,1.0,1072.0,1.0,1070.0,1.0,,0.0,,0.0
2023-04-28 09:08:31.75,1682644111750000000,,,,226.0,0.0,0.0,2026.0,10.0,2026.5,1.0,,0.0,,0.0,,0.0,1073.5,1.0,1072.0,1.0,1070.0,1.0,,0.0,,0.0
2023-04-28 09:08:32.25,1682644112250000000,,,,226.0,0.0,0.0,2024.5,1.0,2026.0,10.0,,0.0,,0.0,,0.0,1073.5,1.0,1072.0,1.0,1070.0,1.0,,0.0,,0.0
2023-04-28 09:08:32.5,1682644112500000000,,,,226.0,0.0,0.0,2024.5,1.0,,0.0,,0.0,,0.0,,0.0,1073.5,1.0,1072.0,1.0,1070.0,1.0,,0.0,,0.0
2023-04-28 09:08:32.75,1682644112750000000,,,,226.0,0.0,0.0,2024.0,10.0,2024.5,1.0,,0.0,,0.0,,0.0,1073.5,1.0,1072.0,1.0,1070.0,1.0,,0.0,,0.0
2023-04-28 09:08:33.25,1682644113250000000,,,,226.0,0.0,0.0,2022.5,1.0,2024.0,10.0,,0.0,,0.0,,0.0,1073.5,1.0,1072.0,1.0,1070.0,1.0,,0.0,,0.0
2023-04-28 09:08:33.5,1682644113500000000,,,,226.0,0.0,0.0,2022.5,1.0,,0.0,,0.0,,0.0,,0.0,1073.5,1.0,1072.0,1.0,1070.0,1.0,,0.0,,0.0
2023-04-28 09:08:33.75,1682644113750000000,,,,226.0,0.0,0.0,2022.0,10.0,2022.5,1.0,,0.0,,0.0,,0.0,1073.5,1.0,1072.0,1.0,1070.0,1.0,,0.0,,0.0
2023-04-28 09:08:34.25,1682644114250000000,,,,226.0,0.0,0.0,2020.5,1.0,2022.0,10.0,,0.0,,0.0,,0.0,1073.5,1.0,1072.0,1.0,1070.0,1.0,,0.0,,0.0
2023-04-28 09:08:34.5,1682644114500000000,,,,226.0,0.0,0.0,2020.5,1.0,,0.0,,0.0,,0.0,,0.0,1073.5,1.0,1072.0,1.0,1070.0,1.0,,0.0,,0.0
2023-04-28 09:08:34.75,1682644114750000000,,,,226.0,0.0,0.0,2020.0,10.0,2020.5,1.0,,0.0,,0.0,,0.0,1073.5,1.0,1072.0,1.0,1070.0,1.0,,0.0,,0.0
2023-04-28 09:08:35.25,1682644115250000000,,,,226.0,0.0,0.0,2018.5,1.0,2020.0,10.0,,0.0,,0.0,,0.0,1073.5,1.0,1072.0,1.0,1070.0,1.0,,0.0,,0.0
2023-04-28 09:08:35.5,1682644115500000000,,,,226.0,0.0,0.0,2018.5,1.0,,0.0,,0.0,,0.0,,0.0,1073.5,1.0,1072.0,1.0,1070.0,1.0,,0.0,,0.0
2023-04-28 09:08:35.75,1682644115750000000,,,,226.0,0.0,0.0,2018.0,10.0,2018.5,1.0,,0.0,,0.0,,0.0,1073.5,1.0,1072.0,1.0,1070.0,1.0,,0.0,,0.0
2023-04-28 09:08:36.25,1682644116250000000,,,,226.0,0.0,0.0,2016.5,1.0,2018.0,10.0,,0.0,,0.0,,0.0,1073.5,1.0,1072.0,1.0,1070.0,1.0,,0.0,,0.0
2023-04-28 09:08:36.5,1682644116500000000,,,,226.0,0.0,0.0,2016.5,1.0,,0.0,,0.0,,0.0,,0.0,1073.5,1.0,1072.0,1.0,1070.0,1.0,,0.0,,0.0
2023-04-28 09:08:36.75,1682644116750000000,,,,226.0,0.0,0.0,2016.0,10.0,2016.5,1.0,,0.0,,0.0,,0.0,1073.5,1.0,1072.0,1.0,1070.0,1.0,,0.0,,0.0
2023-04-28 09:08:37.25,1682644117250000000,,,,226.0,0.0,0.0,2014.5,1.0,2016.0,10.0,,0.0,,0.0,,0.0,1073.5,1.0,1072.0,1.0,1070.0,1.0,,0.0,,0.0
2023-04-28 09:08:37.5,1682644117500000000,,,,226.0,0.0,0.0,2014.5,1.0,,0.0,,0.0,,0.0,,0.0,1073.5,1.0,1072.0,1.0,1070.0,1.0,,0.0,,0.0
2023-04-28 09:08:37.75,1682644117750000000,,,,226.0,0.0,0.0,2014.0,10.0,2014.5,1.0,,0.0,,0.0,,0.0,1073.5,1.0,1072.0,1.0,1070.0,1.0,,0.0,,0.0
2023-04-28 09:08:38.25,1682644118250000000,,,,226.0,0.0,0.0,2012.5,1.0,2014.0,10.0,,0.0,,0.0,,0.0,1073.5,1.0,1072.0,1.0,1070.0,1.0,,0.0,,0.0
2023-04-28 09:08:38.5,1682644118500000000,,,,226.0,0.0,0.0,2012.5,1.0,,0.0,,0.0,,0.0,,0.0,1073.5,1.0,1072.0,1.0,1070.0,1.0,,0.0,,0.0
2023-04-28 09:08:38.75,1682644118750000000,,,,226.0,0.0,0.0,2012.0,10.0,2012.5,1.0,,0.0,,0.0,,0.0,1073.5,1.0,1072.0,1.0,1070.0,1.0,,0.0,,0.0
2023-04-28 09:08:39.25,1682644119250000000,,,,226.0,0.0,0.0,2010.5,1.0,2012.0,10.0,,0.0,,0.0,,0.0,1073.5,1.0,1072.0,1.0,1070.0,1.0,,0.0,,0.0
2023-04-28 09:08:39.5,1682644119500000000,,,,226.0,0.0,0.0,2010.5,1.0,,0.0,,0.0,,0.0,,0.0,1073.5,1.0,1072.0,1.0,1070.0,1.0,,0.0,,0.0
2023-04-28 09:08:39.75,1682644119750000000,,,,226.0,0.0,0.0,2010.0,10.0,2010.5,1.0,,0.0,,0.0,,0.0,1073.5,1.0,1072.0,1.0,1070.0,1.0,,0.0,,0.0
2023-04-28 09:08:40.25,1682644120250000000,,,,226.0,0.0,0.0,2008.5,1.0,2010.0,10.0,,0.0,,0.0,,0.0,1073.5,1.0,1072.0,1.0,1070.0,1.0,,0.0,,0.0
2023-04-28 09:08:40.5,1682644120500000000,,,,226.0,0.0,0.0,2008.5,1.0,,0.0,,0.0,,0.0,,0.0,1073.5,1.0,1072.0,1.0,1070.0,1.0,,0.0,,0.0
2023-04-28 09:08:40.75,1682644120750000000,,,,226.0,0.0,0.0,2008.0,10.0,2008.5,1.0,,0.0,,0.0,,0.0,1073.5,1.0,1072.0,1.0,1070.0,1.0,,0.0,,0.0
2023-04-28 09:08:41.25,1682644121250000000,,,,226.0,0.0,0.0,2006.5,1.0,2008.0,10.0,,0.0,,0.0,,0.0,1073.5,1.0,1072.0,1.0,1070.0,1.0,,0.0,,0.0
2023-04-28 09:08:41.5,1682644121500000000,,,,226.0,0.0,0.0,2006.5,1.0,,0.0,,0.0,,0.0,,0.0,1073.5,1.0,1072.0,1.0,1070.0,1.0,,0.0,,0.0
2023-04-28 09:08:41.75,1682644121750000000,,,,226.0,0.0,0.0,2006.0,10.0,2006.5,1.0,,0.0,,0.0,,0.0,1073.5,1.0,1072.0,1.0,1070.0,1.0,,0.0,,0.0
2023-04-28 09:08:42.25,1682644122250000000,,,,226.0,0.0,0.0,2004.5,1.0,2006.0,10.0,,0.0,,0.0,,0.0,1073.5,1.0,1072.0,1.0,1070.0,1.0,,0.0,,0.0
2023-04-28 09:08:42.5,1682644122500000000,,,,226.0,0.0,0.0,2004.5,1.0,,0.0,,0.0,,0.0,,0.0,1073.5,1.0,1072.0,1.0,1070.0,1.0,,0.0,,0.0
2023-04-28 09:08:42.75,1682644122750000000,,,,226.0,0.0,0.0,2004.0,10.0,2004.5,1.0,,0.0,,0.0,,0.0,1073.5,1.0,1072.0,1.0,1070.0,1.0,,0.0,,0.0
2023-04-28 09:08:43.25,1682644123250000000,,,,226.0,0.0,0.0,2002.5,1.0,2004.0,10.0,,0.0,,0.0,,0.0,1073.5,1.0,1072.0,1.0,1070.0,1.0,,0.0,,0.0
2023-04-28 09:08:43.5,1682644123500000000,,,,226.0,0.0,0.0,2002.5,1.0,,0.0,,0.0,,0.0,,0.0,1073.5,1.0,1072.0,1.0,1070.0,1.0,,0.0,,0.0
2023-04-28 09:08:43.75,1682644123750000000,,,,226.0,0.0,0.0,2002.0,10.0,2002.5,1.0,,0.0,,0.0,,0.0,1073.5,1.0,1072.0,1.0,1070.0,1.0,,0.0,,0.0
2023-04-28 09:08:44.25,1682644124250000000,,,,226.0,0.0,0.0,2000.5,1.0,2002.0,10.0,,0.0,,0.0,,0.0,1073.5,1.0,1072.0,1.0,1070.0,1.0,,0.0,,0.0
2023-04-28 09:08:44.5,1682644124500000000,,,,226.0,0.0,0.0,2000.5,1.0,,0.0,,0.0,,0.0,,0.0,1073.5,1.0,1072.0,1.0,1070.0,1.0,,0.0,,0.0
2023-04-28 09:08:44.75,1682644124750000000,,,,226.0,0.0,0.0,2000.0,10.0,2000.5,1.0,,0.0,,0.0,,0.0,1073.5,1.0,1072.0,1.0,1070.0,1.0,,0.0,,0.0
2023-04-28 09:08:45.25,1682644125250000000,,,,226.0,0.0,0.0,1998.5,1.0,2000.0,10.0,,0.0,,0.0,,0.0,1073.5,1.0,1072.0,1.0,1070.0,1.0,,0.0,,0.0
2023-04-28 09:08:45.5,1682644125500000000,,,,226.0,0.0,0.0,1998.5,1.0,,0.0,,0.0,,0.0,,0.0,1073.5,1.0,1072.0,1.0,1070.0,1.0,,0.0,,0.0
2023-04-28 09:08:45.75,1682644125750000000,,,,226.0,0.0,0.0,1998.0,10.0,1998.5,1.0,,0.0,,0.0,,0.0,1073.5,1.0,1072.0,1.0,1070.0,1.0,,0.0,,0.0
2023-04-28 09:08:46.25,1682644126250000000,,,,226.0,0.0,0.0,1996.5,1.0,1998.0,10.0,,0.0,,0.0,,0.0,1073.5,1.0,1072.0,1.0,1070.0,1.0,,0.0,,0.0
2023-04-28 09:08:46.5,1682644126500000000,,,,226.0,0.0,0.0,1996.5,1.0,,0.0,,0.0,,0.0,,0.0,1073.5,1.0,1072.0,1.0,1070.0,1.0,,0.0,,0.0
2023-04-28 09:08:46.75,1682644126750000000,,,,226.0,0.0,0.0,1996.0,10.0,1996.5,1.0,,0.0,,0.0,,0.0,1073.5,1.0,1072.0,1.0,1070.0,1.0,,0.0,,0.0
2023-04-28 09:08:47.25,1682644127250000000,,,,226.0,0.0,0.0,1994.5,1.0,1996.0,10.0,,0.0,,0.0,,0.0,1073.5,1.0,1072.0,1.0,1070.0,1.0,,0.0,,0.0
2023-04-28 09:08:47.5,1682644127500000000,,,,226.0,0.0,0.0,1994.5,1.0,,0.0,,0.0,,0.0,,0.0,1073.5,1.0,1072.0,1.0,1070.0,1.0,,0.0,,0.0
2023-04-28 09:08:47.75,1682644127750000000,,,,226.0,0.0,0.0,1994.0,10.0,1994.5,1.0,,0.0,,0.0,,0.0,1073.5,1.0,1072.0,1.0,1070.0,1.0,,0.0,,0.0
2023-04-28 09:08:48.25,1682644128250000000,,,,226.0,0.0,0.0,1992.5,1.0,1994.0,10.0,,0.0,,0.0,,0.0,1073.5,1.0,1072.0,1.0,1070.0,1.0,,0.0,,0.0
2023-04-28 09:08:48.5,1682644128500000000,,,,226.0,0.0,0.0,1992.5,1.0,,0.0,,0.0,,0.0,,0.0,1073.5,1.0,1072.0,1.0,1070.0,1.0,,0.0,,0.0
2023-04-28 09:08:48.75,1682644128750000000,,,,226.0,0.0,0.0,1992.0,10.0,1992.5,1.0,,0.0,,0.0,,0.0,1073.5,1.0,1072.0,1.0,1070.0,1.0,,0.0,,0.0
2023-04-28 09:08:49.25,1682644129250000000,,,,226.0,0.0,0.0,1990.5,1.0,1992.0,10.0,,0.0,,0.0,,0.0,1073.5,1.0,1072.0,1.0,1070.0,1.0,,0.0,,0.0
2023-04-28 09:08:49.5,1682644129500000000,,,,226.0,0.0,0.0,1990.5,1.0,,0.0,,0.0,,0.0,,0.0,1073.5,1.0,1072.0,1.0,1070.0,1.0,,0.0,,0.0
2023-04-28 09:08:49.75,1682644129750000000,,,,226.0,0.0,0.0,1990.0,10.0,1990.5,1.0,,0.0,,0.0,,0.0,1073.5,1.0,1072.0,1.0,1070.0,1.0,,0.0,,0.0
2023-04-28 09:08:50.25,1682644130250000000,,,,226.0,0.0,0.0,1988.5,1.0,1990.0,10.0,,0.0,,0.0,,0.0,1073.5,1.0,1072.0,1.0,1070.0,1.0,,0.0,,0.0
2023-04-28 09:08:50.5,1682644130500000000,,,,226.0,0.0,0.0,1988.5,1.0,,0.0,,0.0,,0.0,,0.0,1073.5,1.0,1072.0,1.0,1070.0,1.0,,0.0,,0.0
2023-04-28 09:08:50.75,1682644130750000000,,,,226.0,0.0,0.0,1988.0,10.0,1988.5,1.0,,0.0,,0.0,,0.0,1073.5,1.0,1072.0,1.0,1070.0,1.0,,0.0,,0.0
2023-04-28 09:08:51.25,1682644131250000000,,,,226.0,0.0,0.0,1986.5,1.0,1988.0,10.0,,0.0,,0.0,,0.0,1073.5,1.0,1072.0,1.0,1070.0,1.0,,0.0,,0.0
2023-04-28 09:08:51.5,1682644131500000000,,,,226.0,0.0,0.0,1986.5,1.0,,0.0,,0.0,,0.0,,0.0,1073.5,1.0,1072.0,1.0,1070.0,1.0,,0.0,,0.0
2023-04-28 09:08:51.75,1682644131750000000,,,,226.0,0.0,0.0,1986.0,10.0,1986.5,1.0,,0.0,,0.0,,0.0,1073.5,1.0,1072.0,1.0,1070.0,1.0,,0.0,,0.0
2023-04-28 09:08:52.25,1682644132250000000,,,,226.0,0.0,0.0,1984.5,1.0,1986.0,10.0,,0.0,,0.0,,0.0,1073.5,1.0,1072.0,1.0,1070.0,1.0,,0.0,,0.0
2023-04-28 09:08:52.5,1682644132500000000,,,,226.0,0.0,0.0,1984.5,1.0,,0.0,,0.0,,0.0,,0.0,1073.5,1.0,1072.0,1.0,1070.0,1.0,,0.0,,0.0
2023-04-28 09:08:52.75,1682644132750000000,,,,226.0,0.0,0.0,1984.0,10.0,1984.5,1.0,,0.0,,0.0,,0.0,1073.5,1.0,1072.0,1.0,1070.0,1.0,,0.0,,0.0
2023-04-28 09:08:53.25,1682644133250000000,,,,226.0,0.0,0.0,1982.5,1.0,1984.0,10.0,,0.0,,0.0,,0.0,1073.5,1.0,1072.0,1.0,1070.0,1.0,,0.0,,0.0
2023-04-28 09:08:53.5,1682644133500000000,,,,226.0,0.0,0.0,1982.5,1.0,,0.0,,0.0,,0.0,,0.0,1073.5,1.0,1072.0,1.0,1070.0,1.0,,0.0,,0.0
2023-04-28 09:08:53.75,1682644133750000000,,,,226.0,0.0,0.0,1982.0,10.0,1982.5,1.0,,0.0,,0.0,,0.0,1073.5,1.0,1072.0,1.0,1070.0,1.0,,0.0,,0.0
2023-04-28 09:08:54.25,1682644134250000000,,,,226.0,0.0,0.0,1980.5,1.0,1982.0,10.0,,0.0,,0.0,,0.0,1073.5,1.0,1072.0,1.0,1070.0,1.0,,0.0,,0.0
2023-04-28 09:08:54.5,1682644134500000000,,,,226.0,0.0,0.0,1980.5,1.0,,0.0,,0.0,,0.0,,0.0,1073.5,1.0,1072.0,1.0,1070.0,1.0,,0.0,,0.0
2023-04-28 09:08:54.75,1682644134750000000,,,,226.0,0.0,0.0,1980.0,10.0,1980.5,1.0,,0.0,,0.0,,0.0,1073.5,1.0,1072.0,1.0,1070.0,1.0,,0.0,,0.0
2023-04-28 09:08:55.25,1682644135250000000,,,,226.0,0.0,0.0,1978.5,1.0,1980.0,10.0,,0.0,,0.0,,0.0,1073.5,1.0,1072.0,1.0,1070.0,1.0,,0.0,,0.0
2023-04-28 09:08:55.5,1682644135500000000,,,,226.0,0.0,0.0,1978.5,1.0,,0.0,,0.0,,0.0,,0.0,1073.5,1.0,1072.0,1.0,1070.0,1.0,,0.0,,0.0
2023-04-28 09:08:55.75,1682644135750000000,,,,226.0,0.0,0.0,1978.0,10.0,1978.5,1.0,,0.0,,0.0,,0.0,1073.5,1.0,1072.0,1.0,1070.0,1.0,,0.0,,0.0
2023-04-28 09:08:56.25,1682644136250000000,,,,226.0,0.0,0.0,1976.5,1.0,1978.0,10.0,,0.0,,0.0,,0.0,1073.5,1.0,1072.0,1.0,1070.0,1.0,,0.0,,0.0
2023-04-28 09:08:56.5,1682644136500000000,,,,226.0,0.0,0.0,1976.5,1.0,,0.0,,0.0,,0.0,,0.0,1073.5,1.0,1072.0,1.0,1070.0,1.0,,0.0,,0.0
2023-04-28 09:08:56.75,1682644136750000000,,,,226.0,0.0,0.0,1976.0,10.0,1976.5,1.0,,0.0,,0.0,,0.0,1073.5,1.0,1072.0,1.0,1070.0,1.0,,0.0,,0.0
2023-04-28 09:08:57.25,1682644137250000000,,,,226.0,0.0,0.0,1974.5,1.0,1976.0,10.0,,0.0,,0.0,,0.0,1073.5,1.0,1072.0,1.0,1070.0,1.0,,0.0,,0.0
2023-04-28 09:08:57.5,1682644137500000000,,,,226.0,0.0,0.0,1974.5,1.0,,0.0,,0.0,,0.0,,0.0,1073.5,1.0,1072.0,1.0,1070.0,1.0,,0.0,,0.0
2023-04-28 09:08:57.75,1682644137750000000,,,,226.0,0.0,0.0,1974.0,10.0,1974.5,1.0,,0.0,,0.0,,0.0,1073.5,1.0,1072.0,1.0,1070.0,1.0,,0.0,,0.0
2023-04-28 09:08:58.25,1682644138250000000,,,,226.0,0.0,0.0,1972.5,1.0,1974.0,10.0,,0.0,,0.0,,0.0,1073.5,1.0,1072.0,1.0,1070.0,1.0,,0.0,,0.0
2023-04-28 09:08:58.5,1682644138500000000,,,,226.0,0.0,0.0,1972.5,1.0,,0.0,,0.0,,0.0,,0.0,1073.5,1.0,1072.0,1.0,1070.0,1.0,,0.0,,0.0
2023-04-28 09:08:58.75,1682644138750000000,,,,226.0,0.0,0.0,1972.0,10.0,1972.5,1.0,,0.0,,0.0,,0.0,1073.5,1.0,1072.0,1.0,1070.0,1.0,,0.0,,0.0
2023-04-28 09:08:59.25,1682644139250000000,,,,226.0,0.0,0.0,1970.5,1.0,1972.0,10.0,,0.0,,0.0,,0.0,1073.5,1.0,1072.0,1.0,1070.0,1.0,,0.0,,0.0
2023-04-28 09:08:59.5,1682644139500000000,,,,226.0,0.0,0.0,1970.5,1.0,,0.0,,0.0,,0.0,,0.0,1073.5,1.0,1072.0,1.0,1070.0,1.0,,0.0,,0.0
2023-04-28 09:08:59.75,1682644139750000000,,,,226.0,0.0,0.0,1970.0,10.0,1970.5,1.0,,0.0,,0.0,,0.0,1073.5,1.0,1072.0,1.0,1070.0,1.0,,0.0,,0.0
2023-04-28 09:09:00.25,1682644140250000000,,,,226.0,0.0,0.0,1968.5,1.0,1970.0,10.0,,0.0,,0.0,,0.0,1073.5,1.0,1072.0,1.0,1070.0,1.0,,0.0,,0.0
2023-04-28 09:09:00.5,1682644140500000000,,,,226.0,0.0,0.0,1968.5,1.0,,0.0,,0.0,,0.0,,0.0,1073.5,1.0,1072.0,1.0,1070.0,1.0,,0.0,,0.0
2023-04-28 09:09:00.75,1682644140750000000,,,,226.0,0.0,0.0,1968.0,10.0,1968.5,1.0,,0.0,,0.0,,0.0,1073.5,1.0,1072.0,1.0,1070.0,1.0,,0.0,,0.0
2023-04-28 09:09:01.25,1682644141250000000,,,,226.0,0.0,0.0,1966.5,1.0,1968.0,10.0,,0.0,,0.0,,0.0,1073.5,1.0,1072.0,1.0,1070.0,1.0,,0.0,,0.0
2023-04-28 09:09:01.5,1682644141500000000,,,,226.0,0.0,0.0,1966.5,1.0,,0.0,,0.0,,0.0,,0.0,1073.5,1.0,1072.0,1.0,1070.0,1.0,,0.0,,0.0
2023-04-28 09:09:01.75,1682644141750000000,,,,226.0,0.0,0.0,1966.0,10.0,1966.5,1.0,,0.0,,0.0,,0.0,1073.5,1.0,1072.0,1.0,1070.0,1.0,,0.0,,0.0
2023-04-28 09:09:02.25,1682644142250000000,,,,226.0,0.0,0.0,1964.5,1.0,1966.0,10.0,,0.0,,0.0,,0.0,1073.5,1.0,1072.0,1.0,1070.0,1.0,,0.0,,0.0
2023-04-28 09:09:02.5,1682644142500000000,,,,226.0,0.0,0.0,1964.5,1.0,,0.0,,0.0,,0.0,,0.0,1073.5,1.0,1072.0,1.0,1070.0,1.0,,0.0,,0.0
2023-04-28 09:09:02.75,1682644142750000000,,,,226.0,0.0,0.0,1964.0,10.0,1964.5,1.0,,0.0,,0.0,,0.0,1073.5,1.0,1072.0,1.0,1070.0,1.0,,0.0,,0.0
2023-04-28 09:09:03.25,1682644143250000000,,,,226.0,0.0,0.0,1962.5,1.0,1964.0,10.0,,0.0,,0.0,,0.0,1073.5,1.0,1072.0,1.0,1070.0,1.0,,0.0,,0.0
2023-04-28 09:09:03.5,1682644143500000000,,,,226.0,0.0,0.0,1962.5,1.0,,0.0,,0.0,,0.0,,0.0,1073.5,1.0,1072.0,1.0,1070.0,1.0,,0.0,,0.0
2023-04-28 09:09:03.75,1682644143750000000,,,,226.0,0.0,0.0,1962.0,10.0,1962.5,1.0,,0.0,,0.0,,0.0,1073.5,1.0,1072.0,1.0,1070.0,1.0,,0.0,,0.0
2023-04-28 09:09:04.25,1682644144250000000,,,,226.0,0.0,0.0,1960.5,1.0,1962.0,10.0,,0.0,,0.0,,0.0,1073.5,1.0,1072.0,1.0,1070.0,1.0,,0.0,,0.0
2023-04-28 09:09:04.5,1682644144500000000,,,,226.0,0.0,0.0,1960.5,1.0,,0.0,,0.0,,0.0,,0.0,1073.5,1.0,1072.0,1.0,1070.0,1.0,,0.0,,0.0
2023-04-28 09:09:04.75,1682644144750000000,,,,226.0,0.0,0.0,1960.0,10.0,1960.5,1.0,,0.0,,0.0,,0.0,1073.5,1.0,1072.0,1.0,1070.0,1.0,,0.0,,0.0
2023-04-28 09:09:05.25,1682644145250000000,,,,226.0,0.0,0.0,1958.5,1.0,1960.0,10.0,,0.0,,0.0,,0.0,1073.5,1.0,1072.0,1.0,1070.0,1.0,,0.0,,0.0
2023-04-28 09:09:05.5,1682644145500000000,,,,226.0,0.0,0.0,1958.5,1.0,,0.0,,0.0,,0.0,,0.0,1073.5,1.0,1072.0,1.0,1070.0,1.0,,0.0,,0.0
2023-04-28 09:09:05.75,1682644145750000000,,,,226.0,0.0,0.0,1958.0,10.0,1958.5,1.0,,0.0,,0.0,,0.0,1073.5,1.0,1072.0,1.0,1070.0,1.0,,0.0,,0.0
2023-04-28 09:09:06.25,1682644146250000000,,,,226.0,0.0,0.0,1956.5,1.0,1958.0,10.0,,0.0,,0.0,,0.0,1073.5,1.0,1072.0,1.0,1070.0,1.0,,0.0,,0.0
2023-04-28 09:09:06.5,1682644146500000000,,,,226.0,0.0,0.0,1956.5,1.0,,0.0,,0.0,,0.0,,0.0,1073.5,1.0,1072.0,1.0,1070.0,1.0,,0.0,,0.0
2023-04-28 09:09:06.75,1682644146750000000,,,,226.0,0.0,0.0,1956.0,10.0,1956.5,1.0,,0.0,,0.0,,0.0,1073.5,1.0,1072.0,1.0,1070.0,1.0,,0.0,,0.0
2023-04-28 09:09:07.25,1682644147250000000,,,,226.0,0.0,0.0,1954.5,1.0,1956.0,10.0,,0.0,,0.0,,0.0,1073.5,1.0,1072.0,1.0,1070.0,1.0,,0.0,,0.0
2023-04-28 09:09:07.5,1682644147500000000,,,,226.0,0.0,0.0,1954.5,1.0,,0.0,,0.0,,0.0,,0.0,1073.5,1.0,1072.0,1.0,1070.0,1.0,,0.0,,0.0
2023-04-28 09:09:07.75,1682644147750000000,,,,226.0,0.0,0.0,1954.0,10.0,1954.5,1.0,,0.0,,0.0,,0.0,1073.5,1.0,1072.0,1.0,1070.0,1.0,,0.0,,0.0
2023-04-28 09:09:08.25,1682644148250000000,,,,226.0,0.0,0.0,1952.5,1.0,1954.0,10.0,,0.0,,0.0,,0.0,1073.5,1.0,1072.0,1.0,1070.0,1.0,,0.0,,0.0
2023-04-28 09:09:08.5,1682644148500000000,,,,226.0,0.0,0.0,1952.5,1.0,,0.0,,0.0,,0.0,,0.0,1073.5,1.0,1072.0,1.0,1070.0,1.0,,0.0,,0.0
2023-04-28 09:09:08.75,1682644148750000000,,,,226.0,0.0,0.0,1952.0,10.0,1952.5,1.0,,0.0,,0.0,,0.0,1073.5,1.0,1072.0,1.0,1070.0,1.0,,0.0,,0.0
2023-04-28 09:09:09.25,1682644149250000000,,,,226.0,0.0,0.0,1950.5,1.0,1952.0,10.0,,0.0,,0.0,,0.0,1073.5,1.0,1072.0,1.0,1070.0,1.0,,0.0,,0.0
2023-04-28 09:09:09.5,1682644149500000000,,,,226.0,0.0,0.0,1950.5,1.0,,0.0,,0.0,,0.0,,0.0,1073.5,1.0,1072.0,1.0,1070.0,1.0,,0.0,,0.0
2023-04-28 09:09:09.75,1682644149750000000,,,,226.0,0.0,0.0,1950.0,10.0,1950.5,1.0,,0.0,,0.0,,0.0,1073.5,1.0,1072.0,1.0,1070.0,1.0,,0.0,,0.0
2023-04-28 09:09:10.25,1682644150250000000,,,,226.0,0.0,0.0,1948.5,1.0,1950.0,10.0,,0.0,,0.0,,0.0,1073.5,1.0,1072.0,1.0,1070.0,1.0,,0.0,,0.0
2023-04-28 09:09:10.5,1682644150500000000,,,,226.0,0.0,0.0,1948.5,1.0,,0.0,,0.0,,0.0,,0.0,1073.5,1.0,1072.0,1.0,1070.0,1.0,,0.0,,0.0
2023-04-28 09:09:10.75,1682644150750000000,,,,226.0,0.0,0.0,1948.0,10.0,1948.5,1.0,,0.0,,0.0,,0.0,1073.5,1.0,1072.0,1.0,1070.0,1.0,,0.0,,0.0
2023-04-28 09:09:11.25,1682644151250000000,,,,226.0,0.0,0.0,1946.5,1.0,1948.0,10.0,,0.0,,0.0,,0.0,1073.5,1.0,1072.0,1.0,1070.0,1.0,,0.0,,0.0
2023-04-28 09:09:11.5,1682644151500000000,,,,226.0,0.0,0.0,1946.5,1.0,,0.0,,0.0,,0.0,,0.0,1073.5,1.0,1072.0,1.0,1070.0,1.0,,0.0,,0.0
2023-04-28 09:09:11.75,1682644151750000000,,,,226.0,0.0,0.0,1946.0,10.0,1946.5,1.0,,0.0,,0.0,,0.0,1073.5,1.0,1072.0,1.0,1070.0,1.0,,0.0,,0.0
2023-04-28 09:09:12.25,1682644152250000000,,,,226.0,0.0,0.0,1946.0,10.0,,0.0,,0.0,,0.0,,0.0,1073.5,1.0,1072.0,1.0,1070.0,1.0,,0.0,,0.0
2023-04-28 09:09:13.25,1682644153250000000,,,,226.0,0.0,0.0,1944.5,1.0,1946.0,10.0,,0.0,,0.0,,0.0,1073.5,1.0,1072.0,1.0,1070.0,1.0,,0.0,,0.0
2023-04-28 09:09:13.5,1682644153500000000,,,,226.0,0.0,0.0,1944.5,1.0,,0.0,,0.0,,0.0,,0.0,1073.5,1.0,1072.0,1.0,1070.0,1.0,,0.0,,0.0
2023-04-28 09:09:13.75,1682644153750000000,,,,226.0,0.0,0.0,1944.0,10.0,1944.5,1.0,,0.0,,0.0,,0.0,1073.5,1.0,1072.0,1.0,1070.0,1.0,,0.0,,0.0
2023-04-28 09:09:14.25,1682644154250000000,,,,226.0,0.0,0.0,1942.5,1.0,1944.0,10.0,,0.0,,0.0,,0.0,1073.5,1.0,1072.0,1.0,1070.0,1.0,,0.0,,0.0
2023-04-28 09:09:14.5,1682644154500000000,,,,226.0,0.0,0.0,1942.5,1.0,,0.0,,0.0,,0.0,,0.0,1073.5,1.0,1072.0,1.0,1070.0,1.0,,0.0,,0.0
2023-04-28 09:09:14.75,1682644154750000000,,,,226.0,0.0,0.0,1942.0,10.0,1942.5,1.0,,0.0,,0.0,,0.0,1073.5,1.0,1072.0,1.0,1070.0,1.0,,0.0,,0.0
2023-04-28 09:09:15.25,1682644155250000000,,,,226.0,0.0,0.0,1942.0,10.0,,0.0,,0.0,,0.0,,0.0,1073.5,1.0,1072.0,1.0,1070.0,1.0,,0.0,,0.0
2023-04-28 09:09:16.25,1682644156250000000,,,,226.0,0.0,0.0,1940.5,1.0,1942.0,10.0,,0.0,,0.0,,0.0,1073.5,1.0,1072.0,1.0,1070.0,1.0,,0.0,,0.0
2023-04-28 09:09:16.5,1682644156500000000,,,,226.0,0.0,0.0,1940.5,1.0,,0.0,,0.0,,0.0,,0.0,1073.5,1.0,1072.0,1.0,1070.0,1.0,,0.0,,0.0
2023-04-28 09:09:16.75,1682644156750000000,,,,226.0,0.0,0.0,1940.0,10.0,1940.5,1.0,,0.0,,0.0,,0.0,1073.5,1.0,1072.0,1.0,1070.0,1.0,,0.0,,0.0
2023-04-28 09:09:17.25,1682644157250000000,,,,226.0,0.0,0.0,1938.5,1.0,1940.0,10.0,,0.0,,0.0,,0.0,1073.5,1.0,1072.0,1.0,1070.0,1.0,,0.0,,0.0
2023-04-28 09:09:17.5,1682644157500000000,,,,226.0,0.0,0.0,1938.5,1.0,,0.0,,0.0,,0.0,,0.0,1073.5,1.0,1072.0,1.0,1070.0,1.0,,0.0,,0.0
2023-04-28 09:09:17.75,1682644157750000000,,,,226.0,0.0,0.0,1938.0,10.0,1938.5,1.0,,0.0,,0.0,,0.0,1073.5,1.0,1072.0,1.0,1070.0,1.0,,0.0,,0.0
2023-04-28 09:09:18.25,1682644158250000000,,,,226.0,0.0,0.0,1938.0,10.0,,0.0,,0.0,,0.0,,0.0,1073.5,1.0,1072.0,1.0,1070.0,1.0,,0.0,,0.0
2023-04-28 09:09:19.25,1682644159250000000,,,,226.0,0.0,0.0,1936.5,1.0,1938.0,10.0,,0.0,,0.0,,0.0,1073.5,1.0,1072.0,1.0,1070.0,1.0,,0.0,,0.0
2023-04-28 09:09:19.5,1682644159500000000,,,,226.0,0.0,0.0,1936.5,1.0,,0.0,,0.0,,0.0,,0.0,1073.5,1.0,1072.0,1.0,1070.0,1.0,,0.0,,0.0
2023-04-28 09:09:19.75,1682644159750000000,,,,226.0,0.0,0.0,1936.0,10.0,1936.5,1.0,,0.0,,0.0,,0.0,1073.5,1.0,1072.0,1.0,1070.0,1.0,,0.0,,0.0
2023-04-28 09:09:20.25,1682644160250000000,,,,226.0,0.0,0.0,1934.5,1.0,1936.0,10.0,,0.0,,0.0,,0.0,1073.5,1.0,1072.0,1.0,1070.0,1.0,,0.0,,0.0
2023-04-28 09:09:20.5,1682644160500000000,,,,226.0,0.0,0.0,1934.5,1.0,,0.0,,0.0,,0.0,,0.0,1073.5,1.0,1072.0,1.0,1070.0,1.0,,0.0,,0.0
2023-04-28 09:09:20.75,1682644160750000000,,,,226.0,0.0,0.0,1934.0,10.0,1934.5,1.0,,0.0,,0.0,,0.0,1073.5,1.0,1072.0,1.0,1070.0,1.0,,0.0,,0.0
2023-04-28 09:09:21.25,1682644161250000000,,,,226.0,0.0,0.0,1932.5,1.0,1934.0,10.0,,0.0,,0.0,,0.0,1073.5,1.0,1072.0,1.0,1070.0,1.0,,0.0,,0.0
2023-04-28 09:09:21.75,1682644161750000000,,,,226.0,0.0,0.0,1932.5,1.0,,0.0,,0.0,,0.0,,0.0,1073.5,1.0,1072.0,1.0,1070.0,1.0,,0.0,,0.0
2023-04-28 09:09:22.0,1682644162000000000,,,,226.0,0.0,0.0,1932.0,10.0,1932.5,1.0,,0.0,,0.0,,0.0,1073.5,1.0,1072.0,1.0,1070.0,1.0,,0.0,,0.0
2023-04-28 09:09:22.25,1682644162250000000,,,,226.0,0.0,0.0,1930.5,1.0,1932.0,10.0,,0.0,,0.0,,0.0,1073.5,1.0,1072.0,1.0,1070.0,1.0,,0.0,,0.0
2023-04-28 09:09:22.5,1682644162500000000,,,,226.0,0.0,0.0,1930.5,1.0,,0.0,,0.0,,0.0,,0.0,1073.5,1.0,1072.0,1.0,1070.0,1.0,,0.0,,0.0
2023-04-28 09:09:22.75,1682644162750000000,,,,226.0,0.0,0.0,1930.0,10.0,1930.5,1.0,,0.0,,0.0,,0.0,1073.5,1.0,1072.0,1.0,1070.0,1.0,,0.0,,0.0
2023-04-28 09:09:23.25,1682644163250000000,,,,226.0,0.0,0.0,1930.0,10.0,,0.0,,0.0,,0.0,,0.0,1073.5,1.0,1072.0,1.0,1070.0,1.0,,0.0,,0.0
2023-04-28 09:09:24.25,1682644164250000000,,,,226.0,0.0,0.0,1928.5,1.0,1930.0,10.0,,0.0,,0.0,,0.0,1073.5,1.0,1072.0,1.0,1070.0,1.0,,0.0,,0.0
2023-04-28 09:09:24.5,1682644164500000000,,,,226.0,0.0,0.0,1928.5,1.0,,0.0,,0.0,,0.0,,0.0,1073.5,1.0,1072.0,1.0,1070.0,1.0,,0.0,,0.0
2023-04-28 09:09:24.75,1682644164750000000,,,,226.0,0.0,0.0,1928.0,10.0,1928.5,1.0,,0.0,,0.0,,0.0,1073.5,1.0,1072.0,1.0,1070.0,1.0,,0.0,,0.0
2023-04-28 09:09:25.25,1682644165250000000,,,,226.0,0.0,0.0,1926.5,1.0,1928.0,10.0,,0.0,,0.0,,0.0,1073.5,1.0,1072.0,1.0,1070.0,1.0,,0.0,,0.0
2023-04-28 09:09:25.5,1682644165500000000,,,,226.0,0.0,0.0,1926.5,1.0,,0.0,,0.0,,0.0,,0.0,1073.5,1.0,1072.0,1.0,1070.0,1.0,,0.0,,0.0
2023-04-28 09:09:25.75,1682644165750000000,,,,226.0,0.0,0.0,1926.0,10.0,1926.5,1.0,,0.0,,0.0,,0.0,1073.5,1.0,1072.0,1.0,1070.0,1.0,,0.0,,0.0
2023-04-28 09:09:26.25,1682644166250000000,,,,226.0,0.0,0.0,1926.0,10.0,,0.0,,0.0,,0.0,,0.0,1073.5,1.0,1072.0,1.0,1070.0,1.0,,0.0,,0.0
2023-04-28 09:09:27.25,1682644167250000000,,,,226.0,0.0,0.0,1924.5,1.0,1926.0,10.0,,0.0,,0.0,,0.0,1073.5,1.0,1072.0,1.0,1070.0,1.0,,0.0,,0.0
2023-04-28 09:09:27.5,1682644167500000000,,,,226.0,0.0,0.0,1924.5,1.0,,0.0,,0.0,,0.0,,0.0,1073.5,1.0,1072.0,1.0,1070.0,1.0,,0.0,,0.0
2023-04-28 09:09:27.75,1682644167750000000,,,,226.0,0.0,0.0,1924.0,10.0,1924.5,1.0,,0.0,,0.0,,0.0,1073.5,1.0,1072.0,1.0,1070.0,1.0,,0.0,,0.0
2023-04-28 09:09:28.25,1682644168250000000,,,,226.0,0.0,0.0,1922.5,1.0,1924.0,10.0,,0.0,,0.0,,0.0,1073.5,1.0,1072.0,1.0,1070.0,1.0,,0.0,,0.0
2023-04-28 09:09:28.5,1682644168500000000,,,,226.0,0.0,0.0,1922.5,1.0,,0.0,,0.0,,0.0,,0.0,1073.5,1.0,1072.0,1.0,1070.0,1.0,,0.0,,0.0
2023-04-28 09:09:28.75,1682644168750000000,,,,226.0,0.0,0.0,1922.0,10.0,1922.5,1.0,,0.0,,0.0,,0.0,1073.5,1.0,1072.0,1.0,1070.0,1.0,,0.0,,0.0
2023-04-28 09:09:29.25,1682644169250000000,,,,226.0,0.0,0.0,1920.5,1.0,1922.0,10.0,,0.0,,0.0,,0.0,1073.5,1.0,1072.0,1.0,1070.0,1.0,,0.0,,0.0
2023-04-28 09:09:29.5,1682644169500000000,,,,226.0,0.0,0.0,1920.5,1.0,,0.0,,0.0,,0.0,,0.0,1073.5,1.0,1072.0,1.0,1070.0,1.0,,0.0,,0.0
2023-04-28 09:09:29.75,1682644169750000000,,,,226.0,0.0,0.0,1920.0,10.0,1920.5,1.0,,0.0,,0.0,,0.0,1073.5,1.0,1072.0,1.0,1070.0,1.0,,0.0,,0.0
2023-04-28 09:09:30.25,1682644170250000000,,,,226.0,0.0,0.0,1920.0,10.0,,0.0,,0.0,,0.0,,0.0,1073.5,1.0,1072.0,1.0,1070.0,1.0,,0.0,,0.0
2023-04-28 09:09:31.25,1682644171250000000,,,,226.0,0.0,0.0,1918.5,1.0,1920.0,10.0,,0.0,,0.0,,0.0,1073.5,1.0,1072.0,1.0,1070.0,1.0,,0.0,,0.0
2023-04-28 09:09:31.5,1682644171500000000,,,,226.0,0.0,0.0,1918.5,1.0,,0.0,,0.0,,0.0,,0.0,1073.5,1.0,1072.0,1.0,1070.0,1.0,,0.0,,0.0
2023-04-28 09:09:31.75,1682644171750000000,,,,226.0,0.0,0.0,1918.0,10.0,1918.5,1.0,,0.0,,0.0,,0.0,1073.5,1.0,1072.0,1.0,1070.0,1.0,,0.0,,0.0
2023-04-28 09:09:32.25,1682644172250000000,,,,226.0,0.0,0.0,1918.0,10.0,,0.0,,0.0,,0.0,,0.0,1073.5,1.0,1072.0,1.0,1070.0,1.0,,0.0,,0.0
2023-04-28 09:09:33.25,1682644173250000000,,,,226.0,0.0,0.0,1916.5,1.0,1918.0,10.0,,0.0,,0.0,,0.0,1073.5,1.0,1072.0,1.0,1070.0,1.0,,0.0,,0.0
2023-04-28 09:09:33.5,1682644173500000000,,,,226.0,0.0,0.0,1916.5,1.0,,0.0,,0.0,,0.0,,0.0,1073.5,1.0,1072.0,1.0,1070.0,1.0,,0.0,,0.0
2023-04-28 09:09:33.75,1682644173750000000,,,,226.0,0.0,0.0,1916.0,10.0,1916.5,1.0,,0.0,,0.0,,0.0,1073.5,1.0,1072.0,1.0,1070.0,1.0,,0.0,,0.0
2023-04-28 09:09:34.25,1682644174250000000,,,,226.0,0.0,0.0,1914.5,1.0,1916.0,10.0,,0.0,,0.0,,0.0,1073.5,1.0,1072.0,1.0,1070.0,1.0,,0.0,,0.0
2023-04-28 09:09:34.5,1682644174500000000,,,,226.0,0.0,0.0,1914.5,1.0,,0.0,,0.0,,0.0,,0.0,1073.5,1.0,1072.0,1.0,1070.0,1.0,,0.0,,0.0
2023-04-28 09:09:34.75,1682644174750000000,,,,226.0,0.0,0.0,1914.0,10.0,1914.5,1.0,,0.0,,0.0,,0.0,1073.5,1.0,1072.0,1.0,1070.0,1.0,,0.0,,0.0
2023-04-28 09:09:35.25,1682644175250000000,,,,226.0,0.0,0.0,1912.5,1.0,1914.0,10.0,,0.0,,0.0,,0.0,1073.5,1.0,1072.0,1.0,1070.0,1.0,,0.0,,0.0
2023-04-28 09:09:35.5,1682644175500000000,,,,226.0,0.0,0.0,1912.5,1.0,,0.0,,0.0,,0.0,,0.0,1073.5,1.0,1072.0,1.0,1070.0,1.0,,0.0,,0.0
2023-04-28 09:09:35.75,1682644175750000000,,,,226.0,0.0,0.0,1912.0,10.0,1912.5,1.0,,0.0,,0.0,,0.0,1073.5,1.0,1072.0,1.0,1070.0,1.0,,0.0,,0.0
2023-04-28 09:09:36.25,1682644176250000000,,,,226.0,0.0,0.0,1910.5,1.0,1912.0,10.0,,0.0,,0.0,,0.0,1073.5,1.0,1072.0,1.0,1070.0,1.0,,0.0,,0.0
2023-04-28 09:09:36.75,1682644176750000000,,,,226.0,0.0,0.0,1910.5,1.0,,0.0,,0.0,,0.0,,0.0,1073.5,1.0,1072.0,1.0,1070.0,1.0,,0.0,,0.0
2023-04-28 09:09:37.0,1682644177000000000,,,,226.0,0.0,0.0,1910.0,10.0,1910.5,1.0,,0.0,,0.0,,0.0,1073.5,1.0,1072.0,1.0,1070.0,1.0,,0.0,,0.0
2023-04-28 09:09:37.25,1682644177250000000,,,,226.0,0.0,0.0,1908.5,1.0,1910.0,10.0,,0.0,,0.0,,0.0,1073.5,1.0,1072.0,1.0,1070.0,1.0,,0.0,,0.0
2023-04-28 09:09:37.5,1682644177500000000,,,,226.0,0.0,0.0,1908.5,1.0,,0.0,,0.0,,0.0,,0.0,1073.5,1.0,1072.0,1.0,1070.0,1.0,,0.0,,0.0
2023-04-28 09:09:37.75,1682644177750000000,,,,226.0,0.0,0.0,1908.0,10.0,1908.5,1.0,,0.0,,0.0,,0.0,1073.5,1.0,1072.0,1.0,1070.0,1.0,,0.0,,0.0
2023-04-28 09:09:38.25,1682644178250000000,,,,226.0,0.0,0.0,1906.5,1.0,1908.0,10.0,,0.0,,0.0,,0.0,1073.5,1.0,1072.0,1.0,1070.0,1.0,,0.0,,0.0
2023-04-28 09:09:38.5,1682644178500000000,,,,226.0,0.0,0.0,1906.5,1.0,,0.0,,0.0,,0.0,,0.0,1073.5,1.0,1072.0,1.0,1070.0,1.0,,0.0,,0.0
2023-04-28 09:09:38.75,1682644178750000000,,,,226.0,0.0,0.0,1906.0,10.0,1906.5,1.0,,0.0,,0.0,,0.0,1073.5,1.0,1072.0,1.0,1070.0,1.0,,0.0,,0.0
2023-04-28 09:09:39.25,1682644179250000000,,,,226.0,0.0,0.0,1904.5,1.0,1906.0,10.0,,0.0,,0.0,,0.0,1073.5,1.0,1072.0,1.0,1070.0,1.0,,0.0,,0.0
2023-04-28 09:09:39.5,1682644179500000000,,,,226.0,0.0,0.0,1904.5,1.0,,0.0,,0.0,,0.0,,0.0,1073.5,1.0,1072.0,1.0,1070.0,1.0,,0.0,,0.0
2023-04-28 09:09:39.75,1682644179750000000,,,,226.0,0.0,0.0,1904.0,10.0,1904.5,1.0,,0.0,,0.0,,0.0,1073.5,1.0,1072.0,1.0,1070.0,1.0,,0.0,,0.0
2023-04-28 09:09:40.25,1682644180250000000,,,,226.0,0.0,0.0,1902.5,1.0,1904.0,10.0,,0.0,,0.0,,0.0,1073.5,1.0,1072.0,1.0,1070.0,1.0,,0.0,,0.0
2023-04-28 09:09:40.5,1682644180500000000,,,,226.0,0.0,0.0,1902.5,1.0,,0.0,,0.0,,0.0,,0.0,1073.5,1.0,1072.0,1.0,1070.0,1.0,,0.0,,0.0
2023-04-28 09:09:40.75,1682644180750000000,,,,226.0,0.0,0.0,1902.0,10.0,1902.5,1.0,,0.0,,0.0,,0.0,1073.5,1.0,1072.0,1.0,1070.0,1.0,,0.0,,0.0
2023-04-28 09:09:41.25,1682644181250000000,,,,226.0,0.0,0.0,1902.0,10.0,,0.0,,0.0,,0.0,,0.0,1073.5,1.0,1072.0,1.0,1070.0,1.0,,0.0,,0.0
2023-04-28 09:09:42.25,1682644182250000000,,,,226.0,0.0,0.0,1900.5,1.0,1902.0,10.0,,0.0,,0.0,,0.0,1073.5,1.0,1072.0,1.0,1070.0,1.0,,0.0,,0.0
2023-04-28 09:09:42.5,1682644182500000000,,,,226.0,0.0,0.0,1900.5,1.0,,0.0,,0.0,,0.0,,0.0,1073.5,1.0,1072.0,1.0,1070.0,1.0,,0.0,,0.0
2023-04-28 09:09:42.75,1682644182750000000,,,,226.0,0.0,0.0,1900.0,10.0,1900.5,1.0,,0.0,,0.0,,0.0,1073.5,1.0,1072.0,1.0,1070.0,1.0,,0.0,,0.0
2023-04-28 09:09:43.25,1682644183250000000,,,,226.0,0.0,0.0,1900.0,10.0,,0.0,,0.0,,0.0,,0.0,1073.5,1.0,1072.0,1.0,1070.0,1.0,,0.0,,0.0
2023-04-28 09:09:44.25,1682644184250000000,,,,226.0,0.0,0.0,1898.5,1.0,1900.0,10.0,,0.0,,0.0,,0.0,1073.5,1.0,1072.0,1.0,1070.0,1.0,,0.0,,0.0
2023-04-28 09:09:44.5,1682644184500000000,,,,226.0,0.0,0.0,1898.5,1.0,,0.0,,0.0,,0.0,,0.0,1073.5,1.0,1072.0,1.0,1070.0,1.0,,0.0,,0.0
2023-04-28 09:09:44.75,1682644184750000000,,,,226.0,0.0,0.0,1898.0,10.0,1898.5,1.0,,0.0,,0.0,,0.0,1073.5,1.0,1072.0,1.0,1070.0,1.0,,0.0,,0.0
2023-04-28 09:09:45.25,1682644185250000000,,,,226.0,0.0,0.0,1896.5,1.0,1898.0,10.0,,0.0,,0.0,,0.0,1073.5,1.0,1072.0,1.0,1070.0,1.0,,0.0,,0.0
2023-04-28 09:09:45.5,1682644185500000000,,,,226.0,0.0,0.0,1896.5,1.0,,0.0,,0.0,,0.0,,0.0,1073.5,1.0,1072.0,1.0,1070.0,1.0,,0.0,,0.0
2023-04-28 09:09:45.75,1682644185750000000,,,,226.0,0.0,0.0,1896.0,10.0,1896.5,1.0,,0.0,,0.0,,0.0,1073.5,1.0,1072.0,1.0,1070.0,1.0,,0.0,,0.0
2023-04-28 09:09:46.25,1682644186250000000,,,,226.0,0.0,0.0,1896.0,10.0,,0.0,,0.0,,0.0,,0.0,1073.5,1.0,1072.0,1.0,1070.0,1.0,,0.0,,0.0
2023-04-28 09:09:47.25,1682644187250000000,,,,226.0,0.0,0.0,1894.5,1.0,1896.0,10.0,,0.0,,0.0,,0.0,1073.5,1.0,1072.0,1.0,1070.0,1.0,,0.0,,0.0
2023-04-28 09:09:47.5,1682644187500000000,,,,226.0,0.0,0.0,1894.5,1.0,,0.0,,0.0,,0.0,,0.0,1073.5,1.0,1072.0,1.0,1070.0,1.0,,0.0,,0.0
2023-04-28 09:09:47.75,1682644187750000000,,,,226.0,0.0,0.0,1894.0,10.0,1894.5,1.0,,0.0,,0.0,,0.0,1073.5,1.0,1072.0,1.0,1070.0,1.0,,0.0,,0.0
2023-04-28 09:09:48.25,1682644188250000000,,,,226.0,0.0,0.0,1892.5,1.0,1894.0,10.0,,0.0,,0.0,,0.0,1073.5,1.0,1072.0,1.0,1070.0,1.0,,0.0,,0.0
2023-04-28 09:09:48.5,1682644188500000000,,,,226.0,0.0,0.0,1892.5,1.0,,0.0,,0.0,,0.0,,0.0,1073.5,1.0,1072.0,1.0,1070.0,1.0,,0.0,,0.0
2023-04-28 09:09:48.75,1682644188750000000,,,,226.0,0.0,0.0,1892.0,10.0,1892.5,1.0,,0.0,,0.0,,0.0,1073.5,1.0,1072.0,1.0,1070.0,1.0,,0.0,,0.0
2023-04-28 09:09:49.25,1682644189250000000,,,,226.0,0.0,0.0,1890.5,1.0,1892.0,10.0,,0.0,,0.0,,0.0,1073.5,1.0,1072.0,1.0,1070.0,1.0,,0.0,,0.0
2023-04-28 09:09:49.5,1682644189500000000,,,,226.0,0.0,0.0,1890.5,1.0,,0.0,,0.0,,0.0,,0.0,1073.5,1.0,1072.0,1.0,1070.0,1.0,,0.0,,0.0
2023-04-28 09:09:49.75,1682644189750000000,,,,226.0,0.0,0.0,1890.0,10.0,1890.5,1.0,,0.0,,0.0,,0.0,1073.5,1.0,1072.0,1.0,1070.0,1.0,,0.0,,0.0
2023-04-28 09:09:50.25,1682644190250000000,,,,226.0,0.0,0.0,1888.5,1.0,1890.0,10.0,,0.0,,0.0,,0.0,1073.5,1.0,1072.0,1.0,1070.0,1.0,,0.0,,0.0
2023-04-28 09:09:50.5,1682644190500000000,,,,226.0,0.0,0.0,1888.5,1.0,,0.0,,0.0,,0.0,,0.0,1073.5,1.0,1072.0,1.0,1070.0,1.0,,0.0,,0.0
2023-04-28 09:09:50.75,1682644190750000000,,,,226.0,0.0,0.0,1888.0,10.0,1888.5,1.0,,0.0,,0.0,,0.0,1073.5,1.0,1072.0,1.0,1070.0,1.0,,0.0,,0.0
2023-04-28 09:09:51.25,1682644191250000000,,,,226.0,0.0,0.0,1886.5,1.0,1888.0,10.0,,0.0,,0.0,,0.0,1073.5,1.0,1072.0,1.0,1070.0,1.0,,0.0,,0.0
2023-04-28 09:09:51.5,1682644191500000000,,,,226.0,0.0,0.0,1886.5,1.0,,0.0,,0.0,,0.0,,0.0,1073.5,1.0,1072.0,1.0,1070.0,1.0,,0.0,,0.0
2023-04-28 09:09:51.75,1682644191750000000,,,,226.0,0.0,0.0,1886.0,10.0,1886.5,1.0,,0.0,,0.0,,0.0,1073.5,1.0,1072.0,1.0,1070.0,1.0,,0.0,,0.0
2023-04-28 09:09:52.25,1682644192250000000,,,,226.0,0.0,0.0,1884.5,1.0,1886.0,10.0,,0.0,,0.0,,0.0,1073.5,1.0,1072.0,1.0,1070.0,1.0,,0.0,,0.0
2023-04-28 09:09:52.5,1682644192500000000,,,,226.0,0.0,0.0,1884.5,1.0,,0.0,,0.0,,0.0,,0.0,1073.5,1.0,1072.0,1.0,1070.0,1.0,,0.0,,0.0
2023-04-28 09:09:52.75,1682644192750000000,,,,226.0,0.0,0.0,1884.0,10.0,1884.5,1.0,,0.0,,0.0,,0.0,1073.5,1.0,1072.0,1.0,1070.0,1.0,,0.0,,0.0
2023-04-28 09:09:53.25,1682644193250000000,,,,226.0,0.0,0.0,1882.5,1.0,1884.0,10.0,,0.0,,0.0,,0.0,1073.5,1.0,1072.0,1.0,1070.0,1.0,,0.0,,0.0
2023-04-28 09:09:53.5,1682644193500000000,,,,226.0,0.0,0.0,1882.5,1.0,,0.0,,0.0,,0.0,,0.0,1073.5,1.0,1072.0,1.0,1070.0,1.0,,0.0,,0.0
2023-04-28 09:09:53.75,1682644193750000000,,,,226.0,0.0,0.0,1882.0,10.0,1882.5,1.0,,0.0,,0.0,,0.0,1073.5,1.0,1072.0,1.0,1070.0,1.0,,0.0,,0.0
2023-04-28 09:09:54.25,1682644194250000000,,,,226.0,0.0,0.0,1880.5,1.0,1882.0,10.0,,0.0,,0.0,,0.0,1073.5,1.0,1072.0,1.0,1070.0,1.0,,0.0,,0.0
2023-04-28 09:09:54.5,1682644194500000000,,,,226.0,0.0,0.0,1880.5,1.0,,0.0,,0.0,,0.0,,0.0,1073.5,1.0,1072.0,1.0,1070.0,1.0,,0.0,,0.0
2023-04-28 09:09:54.75,1682644194750000000,,,,226.0,0.0,0.0,1880.0,10.0,1880.5,1.0,,0.0,,0.0,,0.0,1073.5,1.0,1072.0,1.0,1070.0,1.0,,0.0,,0.0
2023-04-28 09:09:55.25,1682644195250000000,,,,226.0,0.0,0.0,1878.5,1.0,1880.0,10.0,,0.0,,0.0,,0.0,1073.5,1.0,1072.0,1.0,1070.0,1.0,,0.0,,0.0
2023-04-28 09:09:55.5,1682644195500000000,,,,226.0,0.0,0.0,1878.5,1.0,,0.0,,0.0,,0.0,,0.0,1073.5,1.0,1072.0,1.0,1070.0,1.0,,0.0,,0.0
2023-04-28 09:09:55.75,1682644195750000000,,,,226.0,0.0,0.0,1878.0,10.0,1878.5,1.0,,0.0,,0.0,,0.0,1073.5,1.0,1072.0,1.0,1070.0,1.0,,0.0,,0.0
2023-04-28 09:09:56.25,1682644196250000000,,,,226.0,0.0,0.0,1876.5,1.0,1878.0,10.0,,0.0,,0.0,,0.0,1073.5,1.0,1072.0,1.0,1070.0,1.0,,0.0,,0.0
2023-04-28 09:09:56.5,1682644196500000000,,,,226.0,0.0,0.0,1876.5,1.0,,0.0,,0.0,,0.0,,0.0,1073.5,1.0,1072.0,1.0,1070.0,1.0,,0.0,,0.0
2023-04-28 09:09:56.75,1682644196750000000,,,,226.0,0.0,0.0,1876.0,10.0,1876.5,1.0,,0.0,,0.0,,0.0,1073.5,1.0,1072.0,1.0,1070.0,1.0,,0.0,,0.0
2023-04-28 09:09:57.25,1682644197250000000,,,,226.0,0.0,0.0,1874.5,1.0,1876.0,10.0,,0.0,,0.0,,0.0,1073.5,1.0,1072.0,1.0,1070.0,1.0,,0.0,,0.0
2023-04-28 09:09:57.5,1682644197500000000,,,,226.0,0.0,0.0,1874.5,1.0,,0.0,,0.0,,0.0,,0.0,1073.5,1.0,1072.0,1.0,1070.0,1.0,,0.0,,0.0
2023-04-28 09:09:57.75,1682644197750000000,,,,226.0,0.0,0.0,1874.0,10.0,1874.5,1.0,,0.0,,0.0,,0.0,1073.5,1.0,1072.0,1.0,1070.0,1.0,,0.0,,0.0
2023-04-28 09:09:58.25,1682644198250000000,,,,226.0,0.0,0.0,1872.5,1.0,1874.0,10.0,,0.0,,0.0,,0.0,1073.5,1.0,1072.0,1.0,1070.0,1.0,,0.0,,0.0
2023-04-28 09:09:58.5,1682644198500000000,,,,226.0,0.0,0.0,1872.5,1.0,,0.0,,0.0,,0.0,,0.0,1073.5,1.0,1072.0,1.0,1070.0,1.0,,0.0,,0.0
2023-04-28 09:09:58.75,1682644198750000000,,,,226.0,0.0,0.0,1872.0,10.0,1872.5,1.0,,0.0,,0.0,,0.0,1073.5,1.0,1072.0,1.0,1070.0,1.0,,0.0,,0.0
2023-04-28 09:09:59.25,1682644199250000000,,,,226.0,0.0,0.0,1870.5,1.0,1872.0,10.0,,0.0,,0.0,,0.0,1073.5,1.0,1072.0,1.0,1070.0,1.0,,0.0,,0.0
2023-04-28 09:09:59.5,1682644199500000000,,,,226.0,0.0,0.0,1870.5,1.0,,0.0,,0.0,,0.0,,0.0,1073.5,1.0,1072.0,1.0,1070.0,1.0,,0.0,,0.0
2023-04-28 09:09:59.75,1682644199750000000,,,,226.0,0.0,0.0,1870.0,10.0,1870.5,1.0,,0.0,,0.0,,0.0,1073.5,1.0,1072.0,1.0,1070.0,1.0,,0.0,,0.0
2023-04-28 09:10:00.25,1682644200250000000,,,,226.0,0.0,0.0,1868.5,1.0,1870.0,10.0,,0.0,,0.0,,0.0,1073.5,1.0,1072.0,1.0,1070.0,1.0,,0.0,,0.0
2023-04-28 09:10:00.5,1682644200500000000,,,,226.0,0.0,0.0,1868.5,1.0,,0.0,,0.0,,0.0,,0.0,1073.5,1.0,1072.0,1.0,1070.0,1.0,,0.0,,0.0
2023-04-28 09:10:00.75,1682644200750000000,,,,226.0,0.0,0.0,1868.0,10.0,1868.5,1.0,,0.0,,0.0,,0.0,1073.5,1.0,1072.0,1.0,1070.0,1.0,,0.0,,0.0
2023-04-28 09:10:01.25,1682644201250000000,,,,226.0,0.0,0.0,1866.5,1.0,1868.0,10.0,,0.0,,0.0,,0.0,1073.5,1.0,1072.0,1.0,1070.0,1.0,,0.0,,0.0
2023-04-28 09:10:01.5,1682644201500000000,,,,226.0,0.0,0.0,1866.5,1.0,,0.0,,0.0,,0.0,,0.0,1073.5,1.0,1072.0,1.0,1070.0,1.0,,0.0,,0.0
2023-04-28 09:10:01.75,1682644201750000000,,,,226.0,0.0,0.0,1866.0,10.0,1866.5,1.0,,0.0,,0.0,,0.0,1073.5,1.0,1072.0,1.0,1070.0,1.0,,0.0,,0.0
2023-04-28 09:10:02.25,1682644202250000000,,,,226.0,0.0,0.0,1864.5,1.0,1866.0,10.0,,0.0,,0.0,,0.0,1073.5,1.0,1072.0,1.0,1070.0,1.0,,0.0,,0.0
2023-04-28 09:10:02.5,1682644202500000000,,,,226.0,0.0,0.0,1864.5,1.0,,0.0,,0.0,,0.0,,0.0,1073.5,1.0,1072.0,1.0,1070.0,1.0,,0.0,,0.0
2023-04-28 09:10:02.75,1682644202750000000,,,,226.0,0.0,0.0,1864.0,10.0,1864.5,1.0,,0.0,,0.0,,0.0,1073.5,1.0,1072.0,1.0,1070.0,1.0,,0.0,,0.0
2023-04-28 09:10:03.25,1682644203250000000,,,,226.0,0.0,0.0,1862.5,1.0,1864.0,10.0,,0.0,,0.0,,0.0,1073.5,1.0,1072.0,1.0,1070.0,1.0,,0.0,,0.0
2023-04-28 09:10:03.5,1682644203500000000,,,,226.0,0.0,0.0,1862.5,1.0,,0.0,,0.0,,0.0,,0.0,1073.5,1.0,1072.0,1.0,1070.0,1.0,,0.0,,0.0
2023-04-28 09:10:03.75,1682644203750000000,,,,226.0,0.0,0.0,1862.0,10.0,1862.5,1.0,,0.0,,0.0,,0.0,1073.5,1.0,1072.0,1.0,1070.0,1.0,,0.0,,0.0
2023-04-28 09:10:04.25,1682644204250000000,,,,226.0,0.0,0.0,1860.5,1.0,1862.0,10.0,,0.0,,0.0,,0.0,1073.5,1.0,1072.0,1.0,1070.0,1.0,,0.0,,0.0
2023-04-28 09:10:04.5,1682644204500000000,,,,226.0,0.0,0.0,1860.5,1.0,,0.0,,0.0,,0.0,,0.0,1073.5,1.0,1072.0,1.0,1070.0,1.0,,0.0,,0.0
2023-04-28 09:10:04.75,1682644204750000000,,,,226.0,0.0,0.0,1860.0,10.0,1860.5,1.0,,0.0,,0.0,,0.0,1073.5,1.0,1072.0,1.0,1070.0,1.0,,0.0,,0.0
2023-04-28 09:10:05.25,1682644205250000000,,,,226.0,0.0,0.0,1860.0,10.0,,0.0,,0.0,,0.0,,0.0,1073.5,1.0,1072.0,1.0,1070.0,1.0,,0.0,,0.0
2023-04-28 09:10:05.5,1682644205500000000,,,,226.0,0.0,0.0,1858.5,1.0,1860.0,10.0,,0.0,,0.0,,0.0,1073.5,1.0,1072.0,1.0,1070.0,1.0,,0.0,,0.0
2023-04-28 09:10:05.75,1682644205750000000,,,,226.0,0.0,0.0,1858.5,1.0,,0.0,,0.0,,0.0,,0.0,1073.5,1.0,1072.0,1.0,1070.0,1.0,,0.0,,0.0
2023-04-28 09:10:06.0,1682644206000000000,,,,226.0,0.0,0.0,1858.0,10.0,1858.5,1.0,,0.0,,0.0,,0.0,1073.5,1.0,1072.0,1.0,1070.0,1.0,,0.0,,0.0
2023-04-28 09:10:06.25,1682644206250000000,,,,226.0,0.0,0.0,1856.5,1.0,1858.0,10.0,,0.0,,0.0,,0.0,1073.5,1.0,1072.0,1.0,1070.0,1.0,,0.0,,0.0
2023-04-28 09:10:06.5,1682644206500000000,,,,226.0,0.0,0.0,1856.5,1.0,,0.0,,0.0,,0.0,,0.0,1073.5,1.0,1072.0,1.0,1070.0,1.0,,0.0,,0.0
2023-04-28 09:10:06.75,1682644206750000000,,,,226.0,0.0,0.0,1856.0,10.0,1856.5,1.0,,0.0,,0.0,,0.0,1073.5,1.0,1072.0,1.0,1070.0,1.0,,0.0,,0.0
2023-04-28 09:10:07.25,1682644207250000000,,,,226.0,0.0,0.0,1854.5,1.0,1856.0,10.0,,0.0,,0.0,,0.0,1073.5,1.0,1072.0,1.0,1070.0,1.0,,0.0,,0.0
2023-04-28 09:10:07.5,1682644207500000000,,,,226.0,0.0,0.0,1854.5,1.0,,0.0,,0.0,,0.0,,0.0,1073.5,1.0,1072.0,1.0,1070.0,1.0,,0.0,,0.0
2023-04-28 09:10:07.75,1682644207750000000,,,,226.0,0.0,0.0,1854.0,10.0,1854.5,1.0,,0.0,,0.0,,0.0,1073.5,1.0,1072.0,1.0,1070.0,1.0,,0.0,,0.0
2023-04-28 09:10:08.25,1682644208250000000,,,,226.0,0.0,0.0,1852.5,1.0,1854.0,10.0,,0.0,,0.0,,0.0,1073.5,1.0,1072.0,1.0,1070.0,1.0,,0.0,,0.0
2023-04-28 09:10:08.5,1682644208500000000,,,,226.0,0.0,0.0,1852.5,1.0,,0.0,,0.0,,0.0,,0.0,1073.5,1.0,1072.0,1.0,1070.0,1.0,,0.0,,0.0
2023-04-28 09:10:08.75,1682644208750000000,,,,226.0,0.0,0.0,1852.0,10.0,1852.5,1.0,,0.0,,0.0,,0.0,1073.5,1.0,1072.0,1.0,1070.0,1.0,,0.0,,0.0
2023-04-28 09:10:09.25,1682644209250000000,,,,226.0,0.0,0.0,1850.5,1.0,1852.0,10.0,,0.0,,0.0,,0.0,1073.5,1.0,1072.0,1.0,1070.0,1.0,,0.0,,0.0
2023-04-28 09:10:09.5,1682644209500000000,,,,226.0,0.0,0.0,1850.5,1.0,,0.0,,0.0,,0.0,,0.0,1073.5,1.0,1072.0,1.0,1070.0,1.0,,0.0,,0.0
2023-04-28 09:10:09.75,1682644209750000000,,,,226.0,0.0,0.0,1850.0,10.0,1850.5,1.0,,0.0,,0.0,,0.0,1073.5,1.0,1072.0,1.0,1070.0,1.0,,0.0,,0.0
2023-04-28 09:10:10.25,1682644210250000000,,,,226.0,0.0,0.0,1848.5,1.0,1850.0,10.0,,0.0,,0.0,,0.0,1073.5,1.0,1072.0,1.0,1070.0,1.0,,0.0,,0.0
2023-04-28 09:10:10.5,1682644210500000000,,,,226.0,0.0,0.0,1848.5,1.0,,0.0,,0.0,,0.0,,0.0,1073.5,1.0,1072.0,1.0,1070.0,1.0,,0.0,,0.0
2023-04-28 09:10:10.75,1682644210750000000,,,,226.0,0.0,0.0,1848.0,10.0,1848.5,1.0,,0.0,,0.0,,0.0,1073.5,1.0,1072.0,1.0,1070.0,1.0,,0.0,,0.0
2023-04-28 09:10:11.25,1682644211250000000,,,,226.0,0.0,0.0,1846.5,1.0,1848.0,10.0,,0.0,,0.0,,0.0,1073.5,1.0,1072.0,1.0,1070.0,1.0,,0.0,,0.0
2023-04-28 09:10:11.5,1682644211500000000,,,,226.0,0.0,0.0,1846.5,1.0,,0.0,,0.0,,0.0,,0.0,1073.5,1.0,1072.0,1.0,1070.0,1.0,,0.0,,0.0
2023-04-28 09:10:11.75,1682644211750000000,,,,226.0,0.0,0.0,1846.0,10.0,1846.5,1.0,,0.0,,0.0,,0.0,1073.5,1.0,1072.0,1.0,1070.0,1.0,,0.0,,0.0
2023-04-28 09:10:12.25,1682644212250000000,,,,226.0,0.0,0.0,1844.5,1.0,1846.0,10.0,,0.0,,0.0,,0.0,1073.5,1.0,1072.0,1.0,1070.0,1.0,,0.0,,0.0
2023-04-28 09:10:12.5,1682644212500000000,,,,226.0,0.0,0.0,1844.5,1.0,,0.0,,0.0,,0.0,,0.0,1073.5,1.0,1072.0,1.0,1070.0,1.0,,0.0,,0.0
2023-04-28 09:10:12.75,1682644212750000000,,,,226.0,0.0,0.0,1844.0,10.0,1844.5,1.0,,0.0,,0.0,,0.0,1073.5,1.0,1072.0,1.0,1070.0,1.0,,0.0,,0.0
2023-04-28 09:10:13.25,1682644213250000000,,,,226.0,0.0,0.0,1842.5,1.0,1844.0,10.0,,0.0,,0.0,,0.0,1073.5,1.0,1072.0,1.0,1070.0,1.0,,0.0,,0.0
2023-04-28 09:10:13.5,1682644213500000000,,,,226.0,0.0,0.0,1842.5,1.0,,0.0,,0.0,,0.0,,0.0,1073.5,1.0,1072.0,1.0,1070.0,1.0,,0.0,,0.0
2023-04-28 09:10:13.75,1682644213750000000,,,,226.0,0.0,0.0,1842.0,10.0,1842.5,1.0,,0.0,,0.0,,0.0,1073.5,1.0,1072.0,1.0,1070.0,1.0,,0.0,,0.0
2023-04-28 09:10:14.25,1682644214250000000,,,,226.0,0.0,0.0,1840.5,1.0,1842.0,10.0,,0.0,,0.0,,0.0,1073.5,1.0,1072.0,1.0,1070.0,1.0,,0.0,,0.0
2023-04-28 09:10:14.5,1682644214500000000,,,,226.0,0.0,0.0,1840.5,1.0,,0.0,,0.0,,0.0,,0.0,1073.5,1.0,1072.0,1.0,1070.0,1.0,,0.0,,0.0
2023-04-28 09:10:14.75,1682644214750000000,,,,226.0,0.0,0.0,1840.0,10.0,1840.5,1.0,,0.0,,0.0,,0.0,1073.5,1.0,1072.0,1.0,1070.0,1.0,,0.0,,0.0
2023-04-28 09:10:15.25,1682644215250000000,,,,226.0,0.0,0.0,1838.5,1.0,1840.0,10.0,,0.0,,0.0,,0.0,1073.5,1.0,1072.0,1.0,1070.0,1.0,,0.0,,0.0
2023-04-28 09:10:15.5,1682644215500000000,,,,226.0,0.0,0.0,1838.5,1.0,,0.0,,0.0,,0.0,,0.0,1073.5,1.0,1072.0,1.0,1070.0,1.0,,0.0,,0.0
2023-04-28 09:10:15.75,1682644215750000000,,,,226.0,0.0,0.0,1838.0,10.0,1838.5,1.0,,0.0,,0.0,,0.0,1073.5,1.0,1072.0,1.0,1070.0,1.0,,0.0,,0.0
2023-04-28 09:10:16.25,1682644216250000000,,,,226.0,0.0,0.0,1836.5,1.0,1838.0,10.0,,0.0,,0.0,,0.0,1073.5,1.0,1072.0,1.0,1070.0,1.0,,0.0,,0.0
2023-04-28 09:10:16.5,1682644216500000000,,,,226.0,0.0,0.0,1836.5,1.0,,0.0,,0.0,,0.0,,0.0,1073.5,1.0,1072.0,1.0,1070.0,1.0,,0.0,,0.0
2023-04-28 09:10:16.75,1682644216750000000,,,,226.0,0.0,0.0,1836.0,10.0,1836.5,1.0,,0.0,,0.0,,0.0,1073.5,1.0,1072.0,1.0,1070.0,1.0,,0.0,,0.0
2023-04-28 09:10:17.25,1682644217250000000,,,,226.0,0.0,0.0,1834.5,1.0,1836.0,10.0,,0.0,,0.0,,0.0,1073.5,1.0,1072.0,1.0,1070.0,1.0,,0.0,,0.0
2023-04-28 09:10:17.5,1682644217500000000,,,,226.0,0.0,0.0,1834.5,1.0,,0.0,,0.0,,0.0,,0.0,1073.5,1.0,1072.0,1.0,1070.0,1.0,,0.0,,0.0
2023-04-28 09:10:17.75,1682644217750000000,,,,226.0,0.0,0.0,1834.0,10.0,1834.5,1.0,,0.0,,0.0,,0.0,1073.5,1.0,1072.0,1.0,1070.0,1.0,,0.0,,0.0
2023-04-28 09:10:18.25,1682644218250000000,,,,226.0,0.0,0.0,1832.5,1.0,1834.0,10.0,,0.0,,0.0,,0.0,1073.5,1.0,1072.0,1.0,1070.0,1.0,,0.0,,0.0
2023-04-28 09:10:18.5,1682644218500000000,,,,226.0,0.0,0.0,1832.5,1.0,,0.0,,0.0,,0.0,,0.0,1073.5,1.0,1072.0,1.0,1070.0,1.0,,0.0,,0.0
2023-04-28 09:10:18.75,1682644218750000000,,,,226.0,0.0,0.0,1832.0,10.0,1832.5,1.0,,0.0,,0.0,,0.0,1073.5,1.0,1072.0,1.0,1070.0,1.0,,0.0,,0.0
2023-04-28 09:10:19.25,1682644219250000000,,,,226.0,0.0,0.0,1830.5,1.0,1832.0,10.0,,0.0,,0.0,,0.0,1073.5,1.0,1072.0,1.0,1070.0,1.0,,0.0,,0.0
2023-04-28 09:10:19.5,1682644219500000000,,,,226.0,0.0,0.0,1830.5,1.0,,0.0,,0.0,,0.0,,0.0,1073.5,1.0,1072.0,1.0,1070.0,1.0,,0.0,,0.0
2023-04-28 09:10:19.75,1682644219750000000,,,,226.0,0.0,0.0,1830.0,10.0,1830.5,1.0,,0.0,,0.0,,0.0,1073.5,1.0,1072.0,1.0,1070.0,1.0,,0.0,,0.0
2023-04-28 09:10:20.25,1682644220250000000,,,,226.0,0.0,0.0,1828.5,1.0,1830.0,10.0,,0.0,,0.0,,0.0,1073.5,1.0,1072.0,1.0,1070.0,1.0,,0.0,,0.0
2023-04-28 09:10:20.5,1682644220500000000,,,,226.0,0.0,0.0,1828.5,1.0,,0.0,,0.0,,0.0,,0.0,1073.5,1.0,1072.0,1.0,1070.0,1.0,,0.0,,0.0
2023-04-28 09:10:20.75,1682644220750000000,,,,226.0,0.0,0.0,1828.0,10.0,1828.5,1.0,,0.0,,0.0,,0.0,1073.5,1.0,1072.0,1.0,1070.0,1.0,,0.0,,0.0
2023-04-28 09:10:21.25,1682644221250000000,,,,226.0,0.0,0.0,1826.5,1.0,1828.0,10.0,,0.0,,0.0,,0.0,1073.5,1.0,1072.0,1.0,1070.0,1.0,,0.0,,0.0
2023-04-28 09:10:21.5,1682644221500000000,,,,226.0,0.0,0.0,1826.5,1.0,,0.0,,0.0,,0.0,,0.0,1073.5,1.0,1072.0,1.0,1070.0,1.0,,0.0,,0.0
2023-04-28 09:10:21.75,1682644221750000000,,,,226.0,0.0,0.0,1826.0,10.0,1826.5,1.0,,0.0,,0.0,,0.0,1073.5,1.0,1072.0,1.0,1070.0,1.0,,0.0,,0.0
2023-04-28 09:10:22.25,1682644222250000000,,,,226.0,0.0,0.0,1826.0,10.0,,0.0,,0.0,,0.0,,0.0,1073.5,1.0,1072.0,1.0,1070.0,1.0,,0.0,,0.0
2023-04-28 09:11:04.0,1682644264000000000,,,,226.0,0.0,0.0,1826.0,10.0,,0.0,,0.0,,0.0,,0.0,1073.5,1.0,1072.0,1.0,,0.0,,0.0,,0.0
2023-04-28 09:44:58.0,1682646298000000000,,,,226.0,0.0,0.0,1826.0,10.0,,0.0,,0.0,,0.0,,0.0,1074.0,1.0,1073.5,1.0,1072.0,1.0,,0.0,,0.0
2023-04-28 09:44:58.5,1682646298500000000,,,,226.0,0.0,0.0,1826.0,10.0,,0.0,,0.0,,0.0,,0.0,1075.5,1.0,1074.0,1.0,1072.0,1.0,,0.0,,0.0
2023-04-28 09:45:00.0,1682646300000000000,,,,226.0,0.0,0.0,1826.0,10.0,,0.0,,0.0,,0.0,,0.0,1075.5,1.0,1074.0,1.0,,0.0,,0.0,,0.0
2023-04-28 10:07:37.25,1682647657250000000,,,,226.0,0.0,0.0,1826.0,10.0,,0.0,,0.0,,0.0,,0.0,1076.0,1.0,1075.5,1.0,1074.0,1.0,,0.0,,0.0
2023-04-28 10:07:37.75,1682647657750000000,,,,226.0,0.0,0.0,1826.0,10.0,,0.0,,0.0,,0.0,,0.0,1077.5,1.0,1076.0,1.0,1074.0,1.0,,0.0,,0.0
2023-04-28 10:07:38.25,1682647658250000000,,,,226.0,0.0,0.0,1826.0,10.0,,0.0,,0.0,,0.0,,0.0,1077.5,1.0,1076.0,1.0,,0.0,,0.0,,0.0
2023-04-28 10:14:33.0,1682648073000000000,,,,226.0,0.0,0.0,,0.0,,0.0,,0.0,,0.0,,0.0,1077.5,1.0,1076.0,1.0,,0.0,,0.0,,0.0
2023-04-28 10:14:33.25,1682648073250000000,,,,226.0,0.0,0.0,2154.5,1.0,,0.0,,0.0,,0.0,,0.0,1077.5,1.0,1076.0,1.0,,0.0,,0.0,,0.0
2023-04-28 10:15:00.0,1682648100000000000,,,,226.0,0.0,0.0,2154.5,1.0,,0.0,,0.0,,0.0,,0.0,1077.5,1.0,1076.0,1.0,,0.0,,0.0,,0.0
2023-04-28 10:30:00.75,1682649000750000000,,,,226.0,0.0,0.0,,0.0,,0.0,,0.0,,0.0,,0.0,1076.0,1.0,,0.0,,0.0,,0.0,,0.0
2023-04-28 10:30:02.5,1682649002500000000,,,,226.0,0.0,0.0,2154.5,1.0,,0.0,,0.0,,0.0,,0.0,1077.5,1.0,1076.0,1.0,,0.0,,0.0,,0.0
2023-04-28 10:30:02.75,1682649002750000000,,,,226.0,0.0,0.0,,0.0,,0.0,,0.0,,0.0,,0.0,1076.0,1.0,,0.0,,0.0,,0.0,,0.0
2023-04-28 10:30:04.25,1682649004250000000,,,,226.0,0.0,0.0,2154.5,1.0,,0.0,,0.0,,0.0,,0.0,1077.5,1.0,1076.0,1.0,,0.0,,0.0,,0.0
2023-04-28 10:31:18.5,1682649078500000000,,,,226.0,0.0,0.0,2154.0,10.0,2154.5,1.0,,0.0,,0.0,,0.0,1077.5,1.0,1076.0,1.0,,0.0,,0.0,,0.0
2023-04-28 10:31:18.75,1682649078750000000,,,,226.0,0.0,0.0,2152.5,1.0,2154.0,10.0,,0.0,,0.0,,0.0,1077.5,1.0,1076.0,1.0,,0.0,,0.0,,0.0
2023-04-28 10:31:19.0,1682649079000000000,,,,226.0,0.0,0.0,2152.5,1.0,,0.0,,0.0,,0.0,,0.0,1077.5,1.0,1076.0,1.0,,0.0,,0.0,,0.0
2023-04-28 10:31:19.25,1682649079250000000,,,,226.0,0.0,0.0,2152.0,10.0,2152.5,1.0,,0.0,,0.0,,0.0,1077.5,1.0,1076.0,1.0,,0.0,,0.0,,0.0
2023-04-28 10:31:19.75,1682649079750000000,,,,226.0,0.0,0.0,2152.0,10.0,,0.0,,0.0,,0.0,,0.0,1077.5,1.0,1076.0,1.0,,0.0,,0.0,,0.0
2023-04-28 10:31:21.75,1682649081750000000,,,,226.0,0.0,0.0,2150.5,1.0,2152.0,10.0,,0.0,,0.0,,0.0,1077.5,1.0,1076.0,1.0,,0.0,,0.0,,0.0
2023-04-28 10:31:22.0,1682649082000000000,,,,226.0,0.0,0.0,2150.5,1.0,,0.0,,0.0,,0.0,,0.0,1077.5,1.0,1076.0,1.0,,0.0,,0.0,,0.0
2023-04-28 10:31:22.25,1682649082250000000,,,,226.0,0.0,0.0,2150.0,10.0,2150.5,1.0,,0.0,,0.0,,0.0,1077.5,1.0,1076.0,1.0,,0.0,,0.0,,0.0
2023-04-28 10:31:22.75,1682649082750000000,,,,226.0,0.0,0.0,2148.5,1.0,2150.0,10.0,,0.0,,0.0,,0.0,1077.5,1.0,1076.0,1.0,,0.0,,0.0,,0.0
2023-04-28 10:31:23.0,1682649083000000000,,,,226.0,0.0,0.0,2148.5,1.0,,0.0,,0.0,,0.0,,0.0,1077.5,1.0,1076.0,1.0,,0.0,,0.0,,0.0
2023-04-28 10:31:23.25,1682649083250000000,,,,226.0,0.0,0.0,2148.0,10.0,2148.5,1.0,,0.0,,0.0,,0.0,1077.5,1.0,1076.0,1.0,,0.0,,0.0,,0.0
2023-04-28 10:31:23.75,1682649083750000000,,,,226.0,0.0,0.0,2146.5,1.0,2148.0,10.0,,0.0,,0.0,,0.0,1077.5,1.0,1076.0,1.0,,0.0,,0.0,,0.0
2023-04-28 10:31:24.0,1682649084000000000,,,,226.0,0.0,0.0,2146.5,1.0,,0.0,,0.0,,0.0,,0.0,1077.5,1.0,1076.0,1.0,,0.0,,0.0,,0.0
2023-04-28 10:31:24.25,1682649084250000000,,,,226.0,0.0,0.0,2146.0,10.0,2146.5,1.0,,0.0,,0.0,,0.0,1077.5,1.0,1076.0,1.0,,0.0,,0.0,,0.0
2023-04-28 10:31:24.75,1682649084750000000,,,,226.0,0.0,0.0,2146.0,10.0,,0.0,,0.0,,0.0,,0.0,1077.5,1.0,1076.0,1.0,,0.0,,0.0,,0.0
2023-04-28 10:31:27.75,1682649087750000000,,,,226.0,0.0,0.0,2144.5,1.0,2146.0,10.0,,0.0,,0.0,,0.0,1077.5,1.0,1076.0,1.0,,0.0,,0.0,,0.0
2023-04-28 10:31:28.0,1682649088000000000,,,,226.0,0.0,0.0,2144.5,1.0,,0.0,,0.0,,0.0,,0.0,1077.5,1.0,1076.0,1.0,,0.0,,0.0,,0.0
2023-04-28 10:31:28.25,1682649088250000000,,,,226.0,0.0,0.0,2144.0,10.0,2144.5,1.0,,0.0,,0.0,,0.0,1077.5,1.0,1076.0,1.0,,0.0,,0.0,,0.0
2023-04-28 10:31:28.75,1682649088750000000,,,,226.0,0.0,0.0,2142.5,1.0,2144.0,10.0,,0.0,,0.0,,0.0,1077.5,1.0,1076.0,1.0,,0.0,,0.0,,0.0
2023-04-28 10:31:29.0,1682649089000000000,,,,226.0,0.0,0.0,2142.5,1.0,,0.0,,0.0,,0.0,,0.0,1077.5,1.0,1076.0,1.0,,0.0,,0.0,,0.0
2023-04-28 10:31:29.25,1682649089250000000,,,,226.0,0.0,0.0,2142.0,10.0,2142.5,1.0,,0.0,,0.0,,0.0,1077.5,1.0,1076.0,1.0,,0.0,,0.0,,0.0
2023-04-28 10:31:29.75,1682649089750000000,,,,226.0,0.0,0.0,2140.5,1.0,2142.0,10.0,,0.0,,0.0,,0.0,1077.5,1.0,1076.0,1.0,,0.0,,0.0,,0.0
2023-04-28 10:31:30.0,1682649090000000000,,,,226.0,0.0,0.0,2140.5,1.0,,0.0,,0.0,,0.0,,0.0,1077.5,1.0,1076.0,1.0,,0.0,,0.0,,0.0
2023-04-28 10:31:30.25,1682649090250000000,,,,226.0,0.0,0.0,2140.0,10.0,2140.5,1.0,,0.0,,0.0,,0.0,1077.5,1.0,1076.0,1.0,,0.0,,0.0,,0.0
2023-04-28 10:31:30.75,1682649090750000000,,,,226.0,0.0,0.0,2138.5,1.0,2140.0,10.0,,0.0,,0.0,,0.0,1077.5,1.0,1076.0,1.0,,0.0,,0.0,,0.0
2023-04-28 10:31:31.0,1682649091000000000,,,,226.0,0.0,0.0,2138.5,1.0,,0.0,,0.0,,0.0,,0.0,1077.5,1.0,1076.0,1.0,,0.0,,0.0,,0.0
2023-04-28 10:31:31.25,1682649091250000000,,,,226.0,0.0,0.0,2138.0,10.0,2138.5,1.0,,0.0,,0.0,,0.0,1077.5,1.0,1076.0,1.0,,0.0,,0.0,,0.0
2023-04-28 10:31:31.75,1682649091750000000,,,,226.0,0.0,0.0,2136.5,1.0,2138.0,10.0,,0.0,,0.0,,0.0,1077.5,1.0,1076.0,1.0,,0.0,,0.0,,0.0
2023-04-28 10:31:32.0,1682649092000000000,,,,226.0,0.0,0.0,2136.5,1.0,,0.0,,0.0,,0.0,,0.0,1077.5,1.0,1076.0,1.0,,0.0,,0.0,,0.0
2023-04-28 10:31:32.25,1682649092250000000,,,,226.0,0.0,0.0,2136.0,10.0,2136.5,1.0,,0.0,,0.0,,0.0,1077.5,1.0,1076.0,1.0,,0.0,,0.0,,0.0
2023-04-28 10:31:32.75,1682649092750000000,,,,226.0,0.0,0.0,2134.5,1.0,2136.0,10.0,,0.0,,0.0,,0.0,1077.5,1.0,1076.0,1.0,,0.0,,0.0,,0.0
2023-04-28 10:31:33.0,1682649093000000000,,,,226.0,0.0,0.0,2134.5,1.0,,0.0,,0.0,,0.0,,0.0,1077.5,1.0,1076.0,1.0,,0.0,,0.0,,0.0
2023-04-28 10:31:33.25,1682649093250000000,,,,226.0,0.0,0.0,2134.0,10.0,2134.5,1.0,,0.0,,0.0,,0.0,1077.5,1.0,1076.0,1.0,,0.0,,0.0,,0.0
2023-04-28 10:31:33.75,1682649093750000000,,,,226.0,0.0,0.0,2132.5,1.0,2134.0,10.0,,0.0,,0.0,,0.0,1077.5,1.0,1076.0,1.0,,0.0,,0.0,,0.0
2023-04-28 10:31:34.0,1682649094000000000,,,,226.0,0.0,0.0,2132.5,1.0,,0.0,,0.0,,0.0,,0.0,1077.5,1.0,1076.0,1.0,,0.0,,0.0,,0.0
2023-04-28 10:31:34.25,1682649094250000000,,,,226.0,0.0,0.0,2132.0,10.0,2132.5,1.0,,0.0,,0.0,,0.0,1077.5,1.0,1076.0,1.0,,0.0,,0.0,,0.0
2023-04-28 10:31:34.75,1682649094750000000,,,,226.0,0.0,0.0,2130.5,1.0,2132.0,10.0,,0.0,,0.0,,0.0,1077.5,1.0,1076.0,1.0,,0.0,,0.0,,0.0
2023-04-28 10:31:35.0,1682649095000000000,,,,226.0,0.0,0.0,2130.5,1.0,,0.0,,0.0,,0.0,,0.0,1077.5,1.0,1076.0,1.0,,0.0,,0.0,,0.0
2023-04-28 10:31:35.25,1682649095250000000,,,,226.0,0.0,0.0,2130.0,10.0,2130.5,1.0,,0.0,,0.0,,0.0,1077.5,1.0,1076.0,1.0,,0.0,,0.0,,0.0
2023-04-28 10:31:35.75,1682649095750000000,,,,226.0,0.0,0.0,2128.5,1.0,2130.0,10.0,,0.0,,0.0,,0.0,1077.5,1.0,1076.0,1.0,,0.0,,0.0,,0.0
2023-04-28 10:31:36.0,1682649096000000000,,,,226.0,0.0,0.0,2128.5,1.0,,0.0,,0.0,,0.0,,0.0,1077.5,1.0,1076.0,1.0,,0.0,,0.0,,0.0
2023-04-28 10:31:36.25,1682649096250000000,,,,226.0,0.0,0.0,2128.0,10.0,2128.5,1.0,,0.0,,0.0,,0.0,1077.5,1.0,1076.0,1.0,,0.0,,0.0,,0.0
2023-04-28 10:31:36.75,1682649096750000000,,,,226.0,0.0,0.0,2126.5,1.0,2128.0,10.0,,0.0,,0.0,,0.0,1077.5,1.0,1076.0,1.0,,0.0,,0.0,,0.0
2023-04-28 10:31:37.0,1682649097000000000,,,,226.0,0.0,0.0,2126.5,1.0,,0.0,,0.0,,0.0,,0.0,1077.5,1.0,1076.0,1.0,,0.0,,0.0,,0.0
2023-04-28 10:31:37.25,1682649097250000000,,,,226.0,0.0,0.0,2126.0,10.0,2126.5,1.0,,0.0,,0.0,,0.0,1077.5,1.0,1076.0,1.0,,0.0,,0.0,,0.0
2023-04-28 10:31:37.75,1682649097750000000,,,,226.0,0.0,0.0,2124.5,1.0,2126.0,10.0,,0.0,,0.0,,0.0,1077.5,1.0,1076.0,1.0,,0.0,,0.0,,0.0
2023-04-28 10:31:38.0,1682649098000000000,,,,226.0,0.0,0.0,2124.5,1.0,,0.0,,0.0,,0.0,,0.0,1077.5,1.0,1076.0,1.0,,0.0,,0.0,,0.0
2023-04-28 10:31:38.25,1682649098250000000,,,,226.0,0.0,0.0,2124.0,10.0,2124.5,1.0,,0.0,,0.0,,0.0,1077.5,1.0,1076.0,1.0,,0.0,,0.0,,0.0
2023-04-28 10:31:38.75,1682649098750000000,,,,226.0,0.0,0.0,2122.5,1.0,2124.0,10.0,,0.0,,0.0,,0.0,1077.5,1.0,1076.0,1.0,,0.0,,0.0,,0.0
2023-04-28 10:31:39.0,1682649099000000000,,,,226.0,0.0,0.0,2122.5,1.0,,0.0,,0.0,,0.0,,0.0,1077.5,1.0,1076.0,1.0,,0.0,,0.0,,0.0
2023-04-28 10:31:39.25,1682649099250000000,,,,226.0,0.0,0.0,2122.0,10.0,2122.5,1.0,,0.0,,0.0,,0.0,1077.5,1.0,1076.0,1.0,,0.0,,0.0,,0.0
2023-04-28 10:31:39.75,1682649099750000000,,,,226.0,0.0,0.0,2120.5,1.0,2122.0,10.0,,0.0,,0.0,,0.0,1077.5,1.0,1076.0,1.0,,0.0,,0.0,,0.0
2023-04-28 10:31:40.0,1682649100000000000,,,,226.0,0.0,0.0,2120.5,1.0,,0.0,,0.0,,0.0,,0.0,1077.5,1.0,1076.0,1.0,,0.0,,0.0,,0.0
2023-04-28 10:31:40.25,1682649100250000000,,,,226.0,0.0,0.0,2120.0,10.0,2120.5,1.0,,0.0,,0.0,,0.0,1077.5,1.0,1076.0,1.0,,0.0,,0.0,,0.0
2023-04-28 10:31:40.75,1682649100750000000,,,,226.0,0.0,0.0,2118.5,1.0,2120.0,10.0,,0.0,,0.0,,0.0,1077.5,1.0,1076.0,1.0,,0.0,,0.0,,0.0
2023-04-28 10:31:41.0,1682649101000000000,,,,226.0,0.0,0.0,2118.5,1.0,,0.0,,0.0,,0.0,,0.0,1077.5,1.0,1076.0,1.0,,0.0,,0.0,,0.0
2023-04-28 10:31:41.25,1682649101250000000,,,,226.0,0.0,0.0,2118.0,10.0,2118.5,1.0,,0.0,,0.0,,0.0,1077.5,1.0,1076.0,1.0,,0.0,,0.0,,0.0
2023-04-28 10:31:41.75,1682649101750000000,,,,226.0,0.0,0.0,2116.5,1.0,2118.0,10.0,,0.0,,0.0,,0.0,1077.5,1.0,1076.0,1.0,,0.0,,0.0,,0.0
2023-04-28 10:31:42.0,1682649102000000000,,,,226.0,0.0,0.0,2116.5,1.0,,0.0,,0.0,,0.0,,0.0,1077.5,1.0,1076.0,1.0,,0.0,,0.0,,0.0
2023-04-28 10:31:42.25,1682649102250000000,,,,226.0,0.0,0.0,2116.0,10.0,2116.5,1.0,,0.0,,0.0,,0.0,1077.5,1.0,1076.0,1.0,,0.0,,0.0,,0.0
2023-04-28 10:31:42.75,1682649102750000000,,,,226.0,0.0,0.0,2114.5,1.0,2116.0,10.0,,0.0,,0.0,,0.0,1077.5,1.0,1076.0,1.0,,0.0,,0.0,,0.0
2023-04-28 10:31:43.0,1682649103000000000,,,,226.0,0.0,0.0,2114.5,1.0,,0.0,,0.0,,0.0,,0.0,1077.5,1.0,1076.0,1.0,,0.0,,0.0,,0.0
2023-04-28 10:31:43.25,1682649103250000000,,,,226.0,0.0,0.0,2114.0,10.0,2114.5,1.0,,0.0,,0.0,,0.0,1077.5,1.0,1076.0,1.0,,0.0,,0.0,,0.0
2023-04-28 10:31:43.75,1682649103750000000,,,,226.0,0.0,0.0,2112.5,1.0,2114.0,10.0,,0.0,,0.0,,0.0,1077.5,1.0,1076.0,1.0,,0.0,,0.0,,0.0
2023-04-28 10:31:44.0,1682649104000000000,,,,226.0,0.0,0.0,2112.5,1.0,,0.0,,0.0,,0.0,,0.0,1077.5,1.0,1076.0,1.0,,0.0,,0.0,,0.0
2023-04-28 10:31:44.25,1682649104250000000,,,,226.0,0.0,0.0,2112.0,10.0,2112.5,1.0,,0.0,,0.0,,0.0,1077.5,1.0,1076.0,1.0,,0.0,,0.0,,0.0
2023-04-28 10:31:44.75,1682649104750000000,,,,226.0,0.0,0.0,2110.5,1.0,2112.0,10.0,,0.0,,0.0,,0.0,1077.5,1.0,1076.0,1.0,,0.0,,0.0,,0.0
2023-04-28 10:31:45.0,1682649105000000000,,,,226.0,0.0,0.0,2110.5,1.0,,0.0,,0.0,,0.0,,0.0,1077.5,1.0,1076.0,1.0,,0.0,,0.0,,0.0
2023-04-28 10:31:45.25,1682649105250000000,,,,226.0,0.0,0.0,2110.0,10.0,2110.5,1.0,,0.0,,0.0,,0.0,1077.5,1.0,1076.0,1.0,,0.0,,0.0,,0.0
2023-04-28 10:31:45.75,1682649105750000000,,,,226.0,0.0,0.0,2108.5,1.0,2110.0,10.0,,0.0,,0.0,,0.0,1077.5,1.0,1076.0,1.0,,0.0,,0.0,,0.0
2023-04-28 10:31:46.0,1682649106000000000,,,,226.0,0.0,0.0,2108.5,1.0,,0.0,,0.0,,0.0,,0.0,1077.5,1.0,1076.0,1.0,,0.0,,0.0,,0.0
2023-04-28 10:31:46.25,1682649106250000000,,,,226.0,0.0,0.0,2108.0,10.0,2108.5,1.0,,0.0,,0.0,,0.0,1077.5,1.0,1076.0,1.0,,0.0,,0.0,,0.0
2023-04-28 10:31:46.75,1682649106750000000,,,,226.0,0.0,0.0,2106.5,1.0,2108.0,10.0,,0.0,,0.0,,0.0,1077.5,1.0,1076.0,1.0,,0.0,,0.0,,0.0
2023-04-28 10:31:47.0,1682649107000000000,,,,226.0,0.0,0.0,2106.5,1.0,,0.0,,0.0,,0.0,,0.0,1077.5,1.0,1076.0,1.0,,0.0,,0.0,,0.0
2023-04-28 10:31:47.25,1682649107250000000,,,,226.0,0.0,0.0,2106.0,10.0,2106.5,1.0,,0.0,,0.0,,0.0,1077.5,1.0,1076.0,1.0,,0.0,,0.0,,0.0
2023-04-28 10:31:47.75,1682649107750000000,,,,226.0,0.0,0.0,2104.5,1.0,2106.0,10.0,,0.0,,0.0,,0.0,1077.5,1.0,1076.0,1.0,,0.0,,0.0,,0.0
2023-04-28 10:31:48.0,1682649108000000000,,,,226.0,0.0,0.0,2104.5,1.0,,0.0,,0.0,,0.0,,0.0,1077.5,1.0,1076.0,1.0,,0.0,,0.0,,0.0
2023-04-28 10:31:48.25,1682649108250000000,,,,226.0,0.0,0.0,2104.0,10.0,2104.5,1.0,,0.0,,0.0,,0.0,1077.5,1.0,1076.0,1.0,,0.0,,0.0,,0.0
2023-04-28 10:31:48.75,1682649108750000000,,,,226.0,0.0,0.0,2102.5,1.0,2104.0,10.0,,0.0,,0.0,,0.0,1077.5,1.0,1076.0,1.0,,0.0,,0.0,,0.0
2023-04-28 10:31:49.0,1682649109000000000,,,,226.0,0.0,0.0,2102.5,1.0,,0.0,,0.0,,0.0,,0.0,1077.5,1.0,1076.0,1.0,,0.0,,0.0,,0.0
2023-04-28 10:31:49.25,1682649109250000000,,,,226.0,0.0,0.0,2102.0,10.0,2102.5,1.0,,0.0,,0.0,,0.0,1077.5,1.0,1076.0,1.0,,0.0,,0.0,,0.0
2023-04-28 10:31:49.75,1682649109750000000,,,,226.0,0.0,0.0,2100.5,1.0,2102.0,10.0,,0.0,,0.0,,0.0,1077.5,1.0,1076.0,1.0,,0.0,,0.0,,0.0
2023-04-28 10:31:50.0,1682649110000000000,,,,226.0,0.0,0.0,2100.5,1.0,,0.0,,0.0,,0.0,,0.0,1077.5,1.0,1076.0,1.0,,0.0,,0.0,,0.0
2023-04-28 10:31:50.25,1682649110250000000,,,,226.0,0.0,0.0,2100.0,10.0,2100.5,1.0,,0.0,,0.0,,0.0,1077.5,1.0,1076.0,1.0,,0.0,,0.0,,0.0
2023-04-28 10:31:50.75,1682649110750000000,,,,226.0,0.0,0.0,2098.5,1.0,2100.0,10.0,,0.0,,0.0,,0.0,1077.5,1.0,1076.0,1.0,,0.0,,0.0,,0.0
2023-04-28 10:31:51.0,1682649111000000000,,,,226.0,0.0,0.0,2098.5,1.0,,0.0,,0.0,,0.0,,0.0,1077.5,1.0,1076.0,1.0,,0.0,,0.0,,0.0
2023-04-28 10:31:51.25,1682649111250000000,,,,226.0,0.0,0.0,2098.0,10.0,2098.5,1.0,,0.0,,0.0,,0.0,1077.5,1.0,1076.0,1.0,,0.0,,0.0,,0.0
2023-04-28 10:31:51.75,1682649111750000000,,,,226.0,0.0,0.0,2096.5,1.0,2098.0,10.0,,0.0,,0.0,,0.0,1077.5,1.0,1076.0,1.0,,0.0,,0.0,,0.0
2023-04-28 10:31:52.0,1682649112000000000,,,,226.0,0.0,0.0,2096.5,1.0,,0.0,,0.0,,0.0,,0.0,1077.5,1.0,1076.0,1.0,,0.0,,0.0,,0.0
2023-04-28 10:31:52.25,1682649112250000000,,,,226.0,0.0,0.0,2096.0,10.0,2096.5,1.0,,0.0,,0.0,,0.0,1077.5,1.0,1076.0,1.0,,0.0,,0.0,,0.0
2023-04-28 10:31:52.75,1682649112750000000,,,,226.0,0.0,0.0,2094.5,1.0,2096.0,10.0,,0.0,,0.0,,0.0,1077.5,1.0,1076.0,1.0,,0.0,,0.0,,0.0
2023-04-28 10:31:53.0,1682649113000000000,,,,226.0,0.0,0.0,2094.5,1.0,,0.0,,0.0,,0.0,,0.0,1077.5,1.0,1076.0,1.0,,0.0,,0.0,,0.0
2023-04-28 10:31:53.25,1682649113250000000,,,,226.0,0.0,0.0,2094.0,10.0,2094.5,1.0,,0.0,,0.0,,0.0,1077.5,1.0,1076.0,1.0,,0.0,,0.0,,0.0
2023-04-28 10:31:53.75,1682649113750000000,,,,226.0,0.0,0.0,2092.5,1.0,2094.0,10.0,,0.0,,0.0,,0.0,1077.5,1.0,1076.0,1.0,,0.0,,0.0,,0.0
2023-04-28 10:31:54.0,1682649114000000000,,,,226.0,0.0,0.0,2092.5,1.0,,0.0,,0.0,,0.0,,0.0,1077.5,1.0,1076.0,1.0,,0.0,,0.0,,0.0
2023-04-28 10:31:54.25,1682649114250000000,,,,226.0,0.0,0.0,2092.0,10.0,2092.5,1.0,,0.0,,0.0,,0.0,1077.5,1.0,1076.0,1.0,,0.0,,0.0,,0.0
2023-04-28 10:31:54.75,1682649114750000000,,,,226.0,0.0,0.0,2090.5,1.0,2092.0,10.0,,0.0,,0.0,,0.0,1077.5,1.0,1076.0,1.0,,0.0,,0.0,,0.0
2023-04-28 10:31:55.0,1682649115000000000,,,,226.0,0.0,0.0,2090.5,1.0,,0.0,,0.0,,0.0,,0.0,1077.5,1.0,1076.0,1.0,,0.0,,0.0,,0.0
2023-04-28 10:31:55.25,1682649115250000000,,,,226.0,0.0,0.0,2090.0,10.0,2090.5,1.0,,0.0,,0.0,,0.0,1077.5,1.0,1076.0,1.0,,0.0,,0.0,,0.0
2023-04-28 10:31:55.75,1682649115750000000,,,,226.0,0.0,0.0,2088.5,1.0,2090.0,10.0,,0.0,,0.0,,0.0,1077.5,1.0,1076.0,1.0,,0.0,,0.0,,0.0
2023-04-28 10:31:56.0,1682649116000000000,,,,226.0,0.0,0.0,2088.5,1.0,,0.0,,0.0,,0.0,,0.0,1077.5,1.0,1076.0,1.0,,0.0,,0.0,,0.0
2023-04-28 10:31:56.25,1682649116250000000,,,,226.0,0.0,0.0,2088.0,10.0,2088.5,1.0,,0.0,,0.0,,0.0,1077.5,1.0,1076.0,1.0,,0.0,,0.0,,0.0
2023-04-28 10:31:56.75,1682649116750000000,,,,226.0,0.0,0.0,2086.5,1.0,2088.0,10.0,,0.0,,0.0,,0.0,1077.5,1.0,1076.0,1.0,,0.0,,0.0,,0.0
2023-04-28 10:31:57.0,1682649117000000000,,,,226.0,0.0,0.0,2086.5,1.0,,0.0,,0.0,,0.0,,0.0,1077.5,1.0,1076.0,1.0,,0.0,,0.0,,0.0
2023-04-28 10:31:57.25,1682649117250000000,,,,226.0,0.0,0.0,2086.0,10.0,2086.5,1.0,,0.0,,0.0,,0.0,1077.5,1.0,1076.0,1.0,,0.0,,0.0,,0.0
2023-04-28 10:31:57.75,1682649117750000000,,,,226.0,0.0,0.0,2084.5,1.0,2086.0,10.0,,0.0,,0.0,,0.0,1077.5,1.0,1076.0,1.0,,0.0,,0.0,,0.0
2023-04-28 10:31:58.0,1682649118000000000,,,,226.0,0.0,0.0,2084.5,1.0,,0.0,,0.0,,0.0,,0.0,1077.5,1.0,1076.0,1.0,,0.0,,0.0,,0.0
2023-04-28 10:31:58.25,1682649118250000000,,,,226.0,0.0,0.0,2084.0,10.0,2084.5,1.0,,0.0,,0.0,,0.0,1077.5,1.0,1076.0,1.0,,0.0,,0.0,,0.0
2023-04-28 10:31:58.75,1682649118750000000,,,,226.0,0.0,0.0,2082.5,1.0,2084.0,10.0,,0.0,,0.0,,0.0,1077.5,1.0,1076.0,1.0,,0.0,,0.0,,0.0
2023-04-28 10:31:59.0,1682649119000000000,,,,226.0,0.0,0.0,2082.5,1.0,,0.0,,0.0,,0.0,,0.0,1077.5,1.0,1076.0,1.0,,0.0,,0.0,,0.0
2023-04-28 10:31:59.25,1682649119250000000,,,,226.0,0.0,0.0,2082.0,10.0,2082.5,1.0,,0.0,,0.0,,0.0,1077.5,1.0,1076.0,1.0,,0.0,,0.0,,0.0
2023-04-28 10:31:59.75,1682649119750000000,,,,226.0,0.0,0.0,2080.5,1.0,2082.0,10.0,,0.0,,0.0,,0.0,1077.5,1.0,1076.0,1.0,,0.0,,0.0,,0.0
2023-04-28 10:32:00.0,1682649120000000000,,,,226.0,0.0,0.0,2080.5,1.0,,0.0,,0.0,,0.0,,0.0,1077.5,1.0,1076.0,1.0,,0.0,,0.0,,0.0
2023-04-28 10:32:00.25,1682649120250000000,,,,226.0,0.0,0.0,2080.0,10.0,2080.5,1.0,,0.0,,0.0,,0.0,1077.5,1.0,1076.0,1.0,,0.0,,0.0,,0.0
2023-04-28 10:32:00.75,1682649120750000000,,,,226.0,0.0,0.0,2078.5,1.0,2080.0,10.0,,0.0,,0.0,,0.0,1077.5,1.0,1076.0,1.0,,0.0,,0.0,,0.0
2023-04-28 10:32:01.0,1682649121000000000,,,,226.0,0.0,0.0,2078.5,1.0,,0.0,,0.0,,0.0,,0.0,1077.5,1.0,1076.0,1.0,,0.0,,0.0,,0.0
2023-04-28 10:32:01.25,1682649121250000000,,,,226.0,0.0,0.0,2078.0,10.0,2078.5,1.0,,0.0,,0.0,,0.0,1077.5,1.0,1076.0,1.0,,0.0,,0.0,,0.0
2023-04-28 10:32:01.75,1682649121750000000,,,,226.0,0.0,0.0,2076.5,1.0,2078.0,10.0,,0.0,,0.0,,0.0,1077.5,1.0,1076.0,1.0,,0.0,,0.0,,0.0
2023-04-28 10:32:02.0,1682649122000000000,,,,226.0,0.0,0.0,2076.5,1.0,,0.0,,0.0,,0.0,,0.0,1077.5,1.0,1076.0,1.0,,0.0,,0.0,,0.0
2023-04-28 10:32:02.25,1682649122250000000,,,,226.0,0.0,0.0,2076.0,10.0,2076.5,1.0,,0.0,,0.0,,0.0,1077.5,1.0,1076.0,1.0,,0.0,,0.0,,0.0
2023-04-28 10:32:02.75,1682649122750000000,,,,226.0,0.0,0.0,2074.5,1.0,2076.0,10.0,,0.0,,0.0,,0.0,1077.5,1.0,1076.0,1.0,,0.0,,0.0,,0.0
2023-04-28 10:32:03.0,1682649123000000000,,,,226.0,0.0,0.0,2074.5,1.0,,0.0,,0.0,,0.0,,0.0,1077.5,1.0,1076.0,1.0,,0.0,,0.0,,0.0
2023-04-28 10:32:03.25,1682649123250000000,,,,226.0,0.0,0.0,2074.0,10.0,2074.5,1.0,,0.0,,0.0,,0.0,1077.5,1.0,1076.0,1.0,,0.0,,0.0,,0.0
2023-04-28 10:32:03.75,1682649123750000000,,,,226.0,0.0,0.0,2072.5,1.0,2074.0,10.0,,0.0,,0.0,,0.0,1077.5,1.0,1076.0,1.0,,0.0,,0.0,,0.0
2023-04-28 10:32:04.0,1682649124000000000,,,,226.0,0.0,0.0,2072.5,1.0,,0.0,,0.0,,0.0,,0.0,1077.5,1.0,1076.0,1.0,,0.0,,0.0,,0.0
2023-04-28 10:32:04.25,1682649124250000000,,,,226.0,0.0,0.0,2072.0,10.0,2072.5,1.0,,0.0,,0.0,,0.0,1077.5,1.0,1076.0,1.0,,0.0,,0.0,,0.0
2023-04-28 10:32:04.75,1682649124750000000,,,,226.0,0.0,0.0,2070.5,1.0,2072.0,10.0,,0.0,,0.0,,0.0,1077.5,1.0,1076.0,1.0,,0.0,,0.0,,0.0
2023-04-28 10:32:05.0,1682649125000000000,,,,226.0,0.0,0.0,2070.5,1.0,,0.0,,0.0,,0.0,,0.0,1077.5,1.0,1076.0,1.0,,0.0,,0.0,,0.0
2023-04-28 10:32:05.25,1682649125250000000,,,,226.0,0.0,0.0,2070.0,10.0,2070.5,1.0,,0.0,,0.0,,0.0,1077.5,1.0,1076.0,1.0,,0.0,,0.0,,0.0
2023-04-28 10:32:05.75,1682649125750000000,,,,226.0,0.0,0.0,2070.0,10.0,,0.0,,0.0,,0.0,,0.0,1077.5,1.0,1076.0,1.0,,0.0,,0.0,,0.0
2023-04-28 10:32:06.75,1682649126750000000,,,,226.0,0.0,0.0,2068.5,1.0,2070.0,10.0,,0.0,,0.0,,0.0,1077.5,1.0,1076.0,1.0,,0.0,,0.0,,0.0
2023-04-28 10:32:07.0,1682649127000000000,,,,226.0,0.0,0.0,2068.5,1.0,,0.0,,0.0,,0.0,,0.0,1077.5,1.0,1076.0,1.0,,0.0,,0.0,,0.0
2023-04-28 10:32:07.25,1682649127250000000,,,,226.0,0.0,0.0,2068.0,10.0,2068.5,1.0,,0.0,,0.0,,0.0,1077.5,1.0,1076.0,1.0,,0.0,,0.0,,0.0
2023-04-28 10:32:07.75,1682649127750000000,,,,226.0,0.0,0.0,2066.5,1.0,2068.0,10.0,,0.0,,0.0,,0.0,1077.5,1.0,1076.0,1.0,,0.0,,0.0,,0.0
2023-04-28 10:32:08.0,1682649128000000000,,,,226.0,0.0,0.0,2066.5,1.0,,0.0,,0.0,,0.0,,0.0,1077.5,1.0,1076.0,1.0,,0.0,,0.0,,0.0
2023-04-28 10:32:08.25,1682649128250000000,,,,226.0,0.0,0.0,2066.0,10.0,2066.5,1.0,,0.0,,0.0,,0.0,1077.5,1.0,1076.0,1.0,,0.0,,0.0,,0.0
2023-04-28 10:32:08.75,1682649128750000000,,,,226.0,0.0,0.0,2064.5,1.0,2066.0,10.0,,0.0,,0.0,,0.0,1077.5,1.0,1076.0,1.0,,0.0,,0.0,,0.0
2023-04-28 10:32:09.0,1682649129000000000,,,,226.0,0.0,0.0,2064.5,1.0,,0.0,,0.0,,0.0,,0.0,1077.5,1.0,1076.0,1.0,,0.0,,0.0,,0.0
2023-04-28 10:32:09.25,1682649129250000000,,,,226.0,0.0,0.0,2064.0,10.0,2064.5,1.0,,0.0,,0.0,,0.0,1077.5,1.0,1076.0,1.0,,0.0,,0.0,,0.0
2023-04-28 10:32:09.75,1682649129750000000,,,,226.0,0.0,0.0,2062.5,1.0,2064.0,10.0,,0.0,,0.0,,0.0,1077.5,1.0,1076.0,1.0,,0.0,,0.0,,0.0
2023-04-28 10:32:10.0,1682649130000000000,,,,226.0,0.0,0.0,2062.5,1.0,,0.0,,0.0,,0.0,,0.0,1077.5,1.0,1076.0,1.0,,0.0,,0.0,,0.0
2023-04-28 10:32:10.25,1682649130250000000,,,,226.0,0.0,0.0,2062.0,10.0,2062.5,1.0,,0.0,,0.0,,0.0,1077.5,1.0,1076.0,1.0,,0.0,,0.0,,0.0
2023-04-28 10:32:10.75,1682649130750000000,,,,226.0,0.0,0.0,2060.5,1.0,2062.0,10.0,,0.0,,0.0,,0.0,1077.5,1.0,1076.0,1.0,,0.0,,0.0,,0.0
2023-04-28 10:32:11.0,1682649131000000000,,,,226.0,0.0,0.0,2060.5,1.0,,0.0,,0.0,,0.0,,0.0,1077.5,1.0,1076.0,1.0,,0.0,,0.0,,0.0
2023-04-28 10:32:11.25,1682649131250000000,,,,226.0,0.0,0.0,2060.0,10.0,2060.5,1.0,,0.0,,0.0,,0.0,1077.5,1.0,1076.0,1.0,,0.0,,0.0,,0.0
2023-04-28 10:32:11.75,1682649131750000000,,,,226.0,0.0,0.0,2058.5,1.0,2060.0,10.0,,0.0,,0.0,,0.0,1077.5,1.0,1076.0,1.0,,0.0,,0.0,,0.0
2023-04-28 10:32:12.0,1682649132000000000,,,,226.0,0.0,0.0,2058.5,1.0,,0.0,,0.0,,0.0,,0.0,1077.5,1.0,1076.0,1.0,,0.0,,0.0,,0.0
2023-04-28 10:32:12.25,1682649132250000000,,,,226.0,0.0,0.0,2058.0,10.0,2058.5,1.0,,0.0,,0.0,,0.0,1077.5,1.0,1076.0,1.0,,0.0,,0.0,,0.0
2023-04-28 10:32:12.75,1682649132750000000,,,,226.0,0.0,0.0,2056.5,1.0,2058.0,10.0,,0.0,,0.0,,0.0,1077.5,1.0,1076.0,1.0,,0.0,,0.0,,0.0
2023-04-28 10:32:13.0,1682649133000000000,,,,226.0,0.0,0.0,2056.5,1.0,,0.0,,0.0,,0.0,,0.0,1077.5,1.0,1076.0,1.0,,0.0,,0.0,,0.0
2023-04-28 10:32:13.25,1682649133250000000,,,,226.0,0.0,0.0,2056.0,10.0,2056.5,1.0,,0.0,,0.0,,0.0,1077.5,1.0,1076.0,1.0,,0.0,,0.0,,0.0
2023-04-28 10:32:13.75,1682649133750000000,,,,226.0,0.0,0.0,2054.5,1.0,2056.0,10.0,,0.0,,0.0,,0.0,1077.5,1.0,1076.0,1.0,,0.0,,0.0,,0.0
2023-04-28 10:32:14.0,1682649134000000000,,,,226.0,0.0,0.0,2054.5,1.0,,0.0,,0.0,,0.0,,0.0,1077.5,1.0,1076.0,1.0,,0.0,,0.0,,0.0
2023-04-28 10:32:14.25,1682649134250000000,,,,226.0,0.0,0.0,2054.0,10.0,2054.5,1.0,,0.0,,0.0,,0.0,1077.5,1.0,1076.0,1.0,,0.0,,0.0,,0.0
2023-04-28 10:32:14.75,1682649134750000000,,,,226.0,0.0,0.0,2052.5,1.0,2054.0,10.0,,0.0,,0.0,,0.0,1077.5,1.0,1076.0,1.0,,0.0,,0.0,,0.0
2023-04-28 10:32:15.0,1682649135000000000,,,,226.0,0.0,0.0,2052.5,1.0,,0.0,,0.0,,0.0,,0.0,1077.5,1.0,1076.0,1.0,,0.0,,0.0,,0.0
2023-04-28 10:32:15.25,1682649135250000000,,,,226.0,0.0,0.0,2052.0,10.0,2052.5,1.0,,0.0,,0.0,,0.0,1077.5,1.0,1076.0,1.0,,0.0,,0.0,,0.0
2023-04-28 10:32:15.75,1682649135750000000,,,,226.0,0.0,0.0,2050.5,1.0,2052.0,10.0,,0.0,,0.0,,0.0,1077.5,1.0,1076.0,1.0,,0.0,,0.0,,0.0
2023-04-28 10:32:16.0,1682649136000000000,,,,226.0,0.0,0.0,2050.5,1.0,,0.0,,0.0,,0.0,,0.0,1077.5,1.0,1076.0,1.0,,0.0,,0.0,,0.0
2023-04-28 10:32:16.25,1682649136250000000,,,,226.0,0.0,0.0,2050.0,10.0,2050.5,1.0,,0.0,,0.0,,0.0,1077.5,1.0,1076.0,1.0,,0.0,,0.0,,0.0
2023-04-28 10:32:16.75,1682649136750000000,,,,226.0,0.0,0.0,2048.5,1.0,2050.0,10.0,,0.0,,0.0,,0.0,1077.5,1.0,1076.0,1.0,,0.0,,0.0,,0.0
2023-04-28 10:32:17.0,1682649137000000000,,,,226.0,0.0,0.0,2048.5,1.0,,0.0,,0.0,,0.0,,0.0,1077.5,1.0,1076.0,1.0,,0.0,,0.0,,0.0
2023-04-28 10:32:17.25,1682649137250000000,,,,226.0,0.0,0.0,2048.0,10.0,2048.5,1.0,,0.0,,0.0,,0.0,1077.5,1.0,1076.0,1.0,,0.0,,0.0,,0.0
