datetime,datetime_nano,highest,last_price,lowest,open_interest,volume,amount,ask_price1,ask_volume1,ask_price2,ask_volume2,ask_price3,ask_volume3,ask_price4,ask_volume4,ask_price5,ask_volume5,bid_price1,bid_volume1,bid_price2,bid_volume2,bid_price3,bid_volume3,bid_price4,bid_volume4,bid_price5,bid_volume5
2023-04-27 20:55:00.0,1682600100000000000,,,,687.0,0.0,0.0,,0.0,,0.0,,0.0,,0.0,,0.0,,0.0,,0.0,,0.0,,0.0,,0.0
2023-04-27 21:00:05.5,1682600405500000000,,,,687.0,0.0,0.0,1041.5,16.0,,0.0,,0.0,,0.0,,0.0,,0.0,,0.0,,0.0,,0.0,,0.0
2023-04-27 21:00:05.75,1682600405750000000,,,,687.0,0.0,0.0,1041.0,10.0,1041.5,16.0,,0.0,,0.0,,0.0,,0.0,,0.0,,0.0,,0.0,,0.0
2023-04-27 21:00:06.75,1682600406750000000,,,,687.0,0.0,0.0,1007.0,16.0,1041.0,10.0,,0.0,,0.0,,0.0,762.0,16.0,,0.0,,0.0,,0.0,,0.0
2023-04-27 21:00:07.0,1682600407000000000,,,,687.0,0.0,0.0,1007.0,16.0,,0.0,,0.0,,0.0,,0.0,762.0,16.0,,0.0,,0.0,,0.0,,0.0
2023-04-27 21:00:07.25,1682600407250000000,,,,687.0,0.0,0.0,1006.5,10.0,1007.0,16.0,,0.0,,0.0,,0.0,762.0,16.0,,0.0,,0.0,,0.0,,0.0
2023-04-27 21:00:07.75,1682600407750000000,,,,687.0,0.0,0.0,972.5,16.0,1006.5,10.0,,0.0,,0.0,,0.0,762.0,16.0,,0.0,,0.0,,0.0,,0.0
2023-04-27 21:00:08.0,1682600408000000000,,,,687.0,0.0,0.0,972.5,16.0,,0.0,,0.0,,0.0,,0.0,762.0,16.0,,0.0,,0.0,,0.0,,0.0
2023-04-27 21:00:10.25,1682600410250000000,,,,687.0,0.0,0.0,972.5,16.0,,0.0,,0.0,,0.0,,0.0,763.5,1.0,762.0,16.0,,0.0,,0.0,,0.0
2023-04-27 21:00:10.5,1682600410500000000,,,,687.0,0.0,0.0,972.0,10.0,972.5,16.0,,0.0,,0.0,,0.0,763.5,1.0,762.0,16.0,,0.0,,0.0,,0.0
2023-04-27 21:00:11.75,1682600411750000000,,,,687.0,0.0,0.0,970.5,1.0,972.0,10.0,972.5,16.0,,0.0,,0.0,763.5,1.0,762.0,16.0,,0.0,,0.0,,0.0
2023-04-27 21:00:12.0,1682600412000000000,,,,687.0,0.0,0.0,970.5,1.0,972.5,16.0,,0.0,,0.0,,0.0,763.5,1.0,762.0,16.0,,0.0,,0.0,,0.0
2023-04-27 21:00:12.25,1682600412250000000,,,,687.0,0.0,0.0,970.0,10.0,970.5,1.0,972.5,16.0,,0.0,,0.0,797.5,16.0,763.5,1.0,,0.0,,0.0,,0.0
2023-04-27 21:00:12.5,1682600412500000000,,,,687.0,0.0,0.0,936.0,16.0,970.0,10.0,970.5,1.0,,0.0,,0.0,797.5,16.0,763.5,1.0,,0.0,,0.0,,0.0
2023-04-27 21:00:12.75,1682600412750000000,,,,687.0,0.0,0.0,936.0,16.0,,0.0,,0.0,,0.0,,0.0,797.5,16.0,,0.0,,0.0,,0.0,,0.0
2023-04-27 21:00:13.0,1682600413000000000,,,,687.0,0.0,0.0,935.5,10.0,936.0,16.0,,0.0,,0.0,,0.0,797.5,16.0,,0.0,,0.0,,0.0,,0.0
2023-04-27 21:00:14.25,1682600414250000000,,,,687.0,0.0,0.0,935.5,10.0,936.0,16.0,,0.0,,0.0,,0.0,799.0,1.0,797.5,16.0,,0.0,,0.0,,0.0
2023-04-27 21:00:14.5,1682600414500000000,,,,687.0,0.0,0.0,935.5,10.0,936.0,16.0,,0.0,,0.0,,0.0,833.0,16.0,799.0,1.0,,0.0,,0.0,,0.0
2023-04-27 21:00:14.75,1682600414750000000,,,,687.0,0.0,0.0,935.5,10.0,936.0,16.0,,0.0,,0.0,,0.0,833.0,16.0,,0.0,,0.0,,0.0,,0.0
2023-04-27 21:00:17.75,1682600417750000000,,,,687.0,0.0,0.0,935.5,10.0,936.0,16.0,,0.0,,0.0,,0.0,834.5,1.0,833.0,16.0,,0.0,,0.0,,0.0
2023-04-27 21:00:18.5,1682600418500000000,,,,687.0,0.0,0.0,935.5,10.0,936.0,16.0,,0.0,,0.0,,0.0,854.5,16.0,834.5,1.0,,0.0,,0.0,,0.0
2023-04-27 21:00:18.75,1682600418750000000,,,,687.0,0.0,0.0,934.0,1.0,935.5,10.0,936.0,16.0,,0.0,,0.0,854.5,16.0,,0.0,,0.0,,0.0,,0.0
2023-04-27 21:00:19.0,1682600419000000000,,,,687.0,0.0,0.0,934.0,1.0,936.0,16.0,,0.0,,0.0,,0.0,854.5,16.0,,0.0,,0.0,,0.0,,0.0
2023-04-27 21:00:19.25,1682600419250000000,,,,687.0,0.0,0.0,933.5,10.0,934.0,1.0,936.0,16.0,,0.0,,0.0,854.5,16.0,,0.0,,0.0,,0.0,,0.0
2023-04-27 21:00:19.75,1682600419750000000,,,,687.0,0.0,0.0,933.5,10.0,936.0,16.0,,0.0,,0.0,,0.0,854.5,16.0,,0.0,,0.0,,0.0,,0.0
2023-04-27 21:00:51.75,1682600451750000000,,,,687.0,0.0,0.0,914.0,16.0,933.5,10.0,,0.0,,0.0,,0.0,854.5,16.0,,0.0,,0.0,,0.0,,0.0
2023-04-27 21:00:52.0,1682600452000000000,,,,687.0,0.0,0.0,914.0,16.0,,0.0,,0.0,,0.0,,0.0,854.5,16.0,,0.0,,0.0,,0.0,,0.0
2023-04-27 21:00:52.25,1682600452250000000,,,,687.0,0.0,0.0,913.5,10.0,914.0,16.0,,0.0,,0.0,,0.0,854.5,16.0,,0.0,,0.0,,0.0,,0.0
2023-04-27 21:12:07.0,1682601127000000000,,,,687.0,0.0,0.0,891.0,5.0,913.5,10.0,914.0,16.0,,0.0,,0.0,854.5,16.0,,0.0,,0.0,,0.0,,0.0
2023-04-27 21:12:07.25,1682601127250000000,,,,687.0,0.0,0.0,891.0,5.0,914.0,16.0,,0.0,,0.0,,0.0,854.5,16.0,,0.0,,0.0,,0.0,,0.0
2023-04-27 21:12:11.75,1682601131750000000,,,,687.0,0.0,0.0,894.5,5.0,914.0,16.0,,0.0,,0.0,,0.0,854.5,16.0,,0.0,,0.0,,0.0,,0.0
2023-04-27 21:12:12.75,1682601132750000000,,,,687.0,0.0,0.0,893.0,5.0,914.0,16.0,,0.0,,0.0,,0.0,854.5,16.0,,0.0,,0.0,,0.0,,0.0
2023-04-27 21:12:21.25,1682601141250000000,,,,687.0,0.0,0.0,891.5,5.0,914.0,16.0,,0.0,,0.0,,0.0,854.5,16.0,,0.0,,0.0,,0.0,,0.0
2023-04-27 21:12:31.0,1682601151000000000,,,,687.0,0.0,0.0,893.0,5.0,914.0,16.0,,0.0,,0.0,,0.0,854.5,16.0,,0.0,,0.0,,0.0,,0.0
2023-04-27 21:12:53.5,1682601173500000000,,,,687.0,0.0,0.0,894.5,5.0,914.0,16.0,,0.0,,0.0,,0.0,854.5,16.0,,0.0,,0.0,,0.0,,0.0
2023-04-27 21:13:07.5,1682601187500000000,,,,687.0,0.0,0.0,896.0,5.0,914.0,16.0,,0.0,,0.0,,0.0,854.5,16.0,,0.0,,0.0,,0.0,,0.0
2023-04-27 21:13:09.25,1682601189250000000,,,,687.0,0.0,0.0,897.5,5.0,914.0,16.0,,0.0,,0.0,,0.0,854.5,16.0,,0.0,,0.0,,0.0,,0.0
2023-04-27 21:13:15.25,1682601195250000000,,,,687.0,0.0,0.0,899.0,5.0,914.0,16.0,,0.0,,0.0,,0.0,854.5,16.0,,0.0,,0.0,,0.0,,0.0
2023-04-27 21:13:17.0,1682601197000000000,,,,687.0,0.0,0.0,900.5,5.0,914.0,16.0,,0.0,,0.0,,0.0,854.5,16.0,,0.0,,0.0,,0.0,,0.0
2023-04-27 21:13:27.75,1682601207750000000,,,,687.0,0.0,0.0,898.5,5.0,914.0,16.0,,0.0,,0.0,,0.0,854.5,16.0,,0.0,,0.0,,0.0,,0.0
2023-04-27 21:13:29.0,1682601209000000000,,,,687.0,0.0,0.0,897.0,5.0,914.0,16.0,,0.0,,0.0,,0.0,854.5,16.0,,0.0,,0.0,,0.0,,0.0
2023-04-27 21:13:36.5,1682601216500000000,,,,687.0,0.0,0.0,898.5,5.0,914.0,16.0,,0.0,,0.0,,0.0,854.5,16.0,,0.0,,0.0,,0.0,,0.0
2023-04-27 21:13:37.25,1682601217250000000,,,,687.0,0.0,0.0,900.0,5.0,914.0,16.0,,0.0,,0.0,,0.0,854.5,16.0,,0.0,,0.0,,0.0,,0.0
2023-04-27 21:13:42.0,1682601222000000000,,,,687.0,0.0,0.0,898.5,5.0,914.0,16.0,,0.0,,0.0,,0.0,854.5,16.0,,0.0,,0.0,,0.0,,0.0
2023-04-27 21:14:05.5,1682601245500000000,,,,687.0,0.0,0.0,897.0,5.0,914.0,16.0,,0.0,,0.0,,0.0,854.5,16.0,,0.0,,0.0,,0.0,,0.0
2023-04-27 21:14:29.0,1682601269000000000,,,,687.0,0.0,0.0,895.0,5.0,914.0,16.0,,0.0,,0.0,,0.0,854.5,16.0,,0.0,,0.0,,0.0,,0.0
2023-04-27 21:14:36.0,1682601276000000000,,,,687.0,0.0,0.0,893.5,5.0,914.0,16.0,,0.0,,0.0,,0.0,854.5,16.0,,0.0,,0.0,,0.0,,0.0
2023-04-27 21:14:57.5,1682601297500000000,,,,687.0,0.0,0.0,892.0,5.0,914.0,16.0,,0.0,,0.0,,0.0,854.5,16.0,,0.0,,0.0,,0.0,,0.0
2023-04-27 21:15:00.5,1682601300500000000,,,,687.0,0.0,0.0,893.5,5.0,914.0,16.0,,0.0,,0.0,,0.0,854.5,16.0,,0.0,,0.0,,0.0,,0.0
2023-04-27 21:15:04.25,1682601304250000000,,,,687.0,0.0,0.0,892.0,5.0,914.0,16.0,,0.0,,0.0,,0.0,854.5,16.0,,0.0,,0.0,,0.0,,0.0
2023-04-27 21:15:12.25,1682601312250000000,,,,687.0,0.0,0.0,893.5,5.0,914.0,16.0,,0.0,,0.0,,0.0,854.5,16.0,,0.0,,0.0,,0.0,,0.0
2023-04-27 21:15:17.75,1682601317750000000,,,,687.0,0.0,0.0,895.0,5.0,914.0,16.0,,0.0,,0.0,,0.0,854.5,16.0,,0.0,,0.0,,0.0,,0.0
2023-04-27 21:15:19.75,1682601319750000000,,,,687.0,0.0,0.0,896.5,5.0,914.0,16.0,,0.0,,0.0,,0.0,854.5,16.0,,0.0,,0.0,,0.0,,0.0
2023-04-27 21:15:23.75,1682601323750000000,,,,687.0,0.0,0.0,895.0,5.0,914.0,16.0,,0.0,,0.0,,0.0,854.5,16.0,,0.0,,0.0,,0.0,,0.0
2023-04-27 21:15:33.25,1682601333250000000,,,,687.0,0.0,0.0,896.5,5.0,914.0,16.0,,0.0,,0.0,,0.0,854.5,16.0,,0.0,,0.0,,0.0,,0.0
2023-04-27 21:15:34.5,1682601334500000000,,,,687.0,0.0,0.0,898.0,5.0,914.0,16.0,,0.0,,0.0,,0.0,854.5,16.0,,0.0,,0.0,,0.0,,0.0
2023-04-27 21:15:43.25,1682601343250000000,,,,687.0,0.0,0.0,896.5,5.0,914.0,16.0,,0.0,,0.0,,0.0,854.5,16.0,,0.0,,0.0,,0.0,,0.0
2023-04-27 21:15:50.25,1682601350250000000,,,,687.0,0.0,0.0,898.0,5.0,914.0,16.0,,0.0,,0.0,,0.0,854.5,16.0,,0.0,,0.0,,0.0,,0.0
2023-04-27 21:15:51.5,1682601351500000000,,,,687.0,0.0,0.0,896.5,5.0,914.0,16.0,,0.0,,0.0,,0.0,854.5,16.0,,0.0,,0.0,,0.0,,0.0
2023-04-27 21:15:54.0,1682601354000000000,,,,687.0,0.0,0.0,898.0,5.0,914.0,16.0,,0.0,,0.0,,0.0,854.5,16.0,,0.0,,0.0,,0.0,,0.0
2023-04-27 21:16:26.5,1682601386500000000,898.0,898.0,898.0,682.0,5.0,44900.0,914.0,16.0,,0.0,,0.0,,0.0,,0.0,854.5,16.0,,0.0,,0.0,,0.0,,0.0
2023-04-27 21:16:26.75,1682601386750000000,898.0,898.0,898.0,682.0,5.0,44900.0,913.5,10.0,914.0,16.0,,0.0,,0.0,,0.0,855.0,1.0,854.5,16.0,,0.0,,0.0,,0.0
2023-04-27 21:16:36.25,1682601396250000000,898.0,898.0,898.0,682.0,5.0,44900.0,913.0,1.0,913.5,10.0,914.0,16.0,,0.0,,0.0,855.0,1.0,854.5,16.0,,0.0,,0.0,,0.0
2023-04-27 21:16:36.5,1682601396500000000,898.0,898.0,898.0,682.0,5.0,44900.0,913.0,1.0,914.0,16.0,,0.0,,0.0,,0.0,855.0,1.0,854.5,16.0,,0.0,,0.0,,0.0
2023-04-27 21:16:36.75,1682601396750000000,898.0,898.0,898.0,682.0,5.0,44900.0,912.5,10.0,913.0,1.0,914.0,16.0,,0.0,,0.0,855.0,1.0,854.5,16.0,,0.0,,0.0,,0.0
2023-04-27 21:16:52.25,1682601412250000000,912.5,912.5,898.0,681.0,6.0,54025.0,912.5,9.0,913.0,1.0,914.0,16.0,,0.0,,0.0,855.0,1.0,854.5,16.0,,0.0,,0.0,,0.0
2023-04-27 21:16:52.5,1682601412500000000,912.5,912.5,898.0,681.0,6.0,54025.0,908.5,79.0,912.5,9.0,913.0,1.0,914.0,16.0,,0.0,855.0,1.0,854.5,16.0,,0.0,,0.0,,0.0
2023-04-27 21:16:52.75,1682601412750000000,912.5,912.5,898.0,681.0,6.0,54025.0,908.5,79.0,913.0,1.0,914.0,16.0,,0.0,,0.0,855.0,1.0,854.5,16.0,,0.0,,0.0,,0.0
2023-04-27 21:16:53.0,1682601413000000000,912.5,912.5,898.0,681.0,6.0,54025.0,908.0,10.0,908.5,79.0,913.0,1.0,914.0,16.0,,0.0,855.0,1.0,854.5,16.0,,0.0,,0.0,,0.0
2023-04-27 21:16:54.25,1682601414250000000,912.5,912.5,898.0,681.0,6.0,54025.0,897.0,5.0,908.0,10.0,908.5,79.0,913.0,1.0,914.0,16.0,855.0,1.0,854.5,16.0,,0.0,,0.0,,0.0
2023-04-27 21:16:54.5,1682601414500000000,912.5,912.5,898.0,681.0,6.0,54025.0,897.0,5.0,908.5,79.0,913.0,1.0,914.0,16.0,,0.0,855.0,1.0,854.5,16.0,,0.0,,0.0,,0.0
2023-04-27 21:17:10.25,1682601430250000000,912.5,912.5,898.0,681.0,6.0,54025.0,895.5,5.0,908.5,79.0,913.0,1.0,914.0,16.0,,0.0,855.0,1.0,854.5,16.0,,0.0,,0.0,,0.0
2023-04-27 21:17:20.75,1682601440750000000,912.5,912.5,898.0,681.0,6.0,54025.0,894.0,5.0,908.5,79.0,913.0,1.0,914.0,16.0,,0.0,855.0,1.0,854.5,16.0,,0.0,,0.0,,0.0
2023-04-27 21:17:43.75,1682601463750000000,912.5,912.5,898.0,681.0,6.0,54025.0,892.5,5.0,908.5,79.0,913.0,1.0,914.0,16.0,,0.0,855.0,1.0,854.5,16.0,,0.0,,0.0,,0.0
2023-04-27 21:17:56.25,1682601476250000000,912.5,912.5,898.0,681.0,6.0,54025.0,890.5,5.0,908.5,79.0,913.0,1.0,914.0,16.0,,0.0,855.0,1.0,854.5,16.0,,0.0,,0.0,,0.0
2023-04-27 21:17:56.5,1682601476500000000,912.5,912.5,898.0,681.0,6.0,54025.0,888.5,5.0,908.5,79.0,913.0,1.0,914.0,16.0,,0.0,855.0,1.0,854.5,16.0,,0.0,,0.0,,0.0
2023-04-27 21:18:06.5,1682601486500000000,912.5,912.5,898.0,681.0,6.0,54025.0,890.0,5.0,908.5,79.0,913.0,1.0,914.0,16.0,,0.0,855.0,1.0,854.5,16.0,,0.0,,0.0,,0.0
2023-04-27 21:18:13.25,1682601493250000000,912.5,912.5,898.0,681.0,6.0,54025.0,888.5,5.0,908.5,79.0,913.0,1.0,914.0,16.0,,0.0,855.0,1.0,854.5,16.0,,0.0,,0.0,,0.0
2023-04-27 21:18:32.0,1682601512000000000,912.5,912.5,898.0,681.0,6.0,54025.0,890.5,5.0,908.5,79.0,913.0,1.0,914.0,16.0,,0.0,855.0,1.0,854.5,16.0,,0.0,,0.0,,0.0
2023-04-27 21:18:39.75,1682601519750000000,912.5,912.5,898.0,681.0,6.0,54025.0,892.0,5.0,908.5,79.0,913.0,1.0,914.0,16.0,,0.0,855.0,1.0,854.5,16.0,,0.0,,0.0,,0.0
2023-04-27 21:18:43.25,1682601523250000000,912.5,912.5,898.0,681.0,6.0,54025.0,890.0,5.0,908.5,79.0,913.0,1.0,914.0,16.0,,0.0,855.0,1.0,854.5,16.0,,0.0,,0.0,,0.0
2023-04-27 21:18:55.75,1682601535750000000,912.5,912.5,898.0,681.0,6.0,54025.0,892.5,5.0,908.5,79.0,913.0,1.0,914.0,16.0,,0.0,855.0,1.0,854.5,16.0,,0.0,,0.0,,0.0
2023-04-27 21:19:27.75,1682601567750000000,912.5,912.5,898.0,681.0,6.0,54025.0,894.5,5.0,908.5,79.0,913.0,1.0,914.0,16.0,,0.0,855.0,1.0,854.5,16.0,,0.0,,0.0,,0.0
2023-04-27 21:19:32.25,1682601572250000000,912.5,912.5,898.0,681.0,6.0,54025.0,893.0,5.0,908.5,79.0,913.0,1.0,914.0,16.0,,0.0,855.0,1.0,854.5,16.0,,0.0,,0.0,,0.0
2023-04-27 21:19:40.25,1682601580250000000,912.5,912.5,898.0,681.0,6.0,54025.0,894.5,5.0,908.5,79.0,913.0,1.0,914.0,16.0,,0.0,855.0,1.0,854.5,16.0,,0.0,,0.0,,0.0
2023-04-27 21:19:50.75,1682601590750000000,912.5,912.5,898.0,681.0,6.0,54025.0,896.0,5.0,908.5,79.0,913.0,1.0,914.0,16.0,,0.0,855.0,1.0,854.5,16.0,,0.0,,0.0,,0.0
2023-04-27 21:20:01.0,1682601601000000000,912.5,912.5,898.0,681.0,6.0,54025.0,897.5,5.0,908.5,79.0,913.0,1.0,914.0,16.0,,0.0,855.0,1.0,854.5,16.0,,0.0,,0.0,,0.0
2023-04-27 21:20:09.5,1682601609500000000,912.5,912.5,898.0,681.0,6.0,54025.0,896.0,5.0,908.5,79.0,913.0,1.0,914.0,16.0,,0.0,855.0,1.0,854.5,16.0,,0.0,,0.0,,0.0
2023-04-27 21:20:36.75,1682601636750000000,912.5,912.5,898.0,681.0,6.0,54025.0,894.5,5.0,908.5,79.0,913.0,1.0,914.0,16.0,,0.0,855.0,1.0,854.5,16.0,,0.0,,0.0,,0.0
2023-04-27 21:20:52.0,1682601652000000000,912.5,912.5,898.0,681.0,6.0,54025.0,893.0,5.0,908.5,79.0,913.0,1.0,914.0,16.0,,0.0,855.0,1.0,854.5,16.0,,0.0,,0.0,,0.0
2023-04-27 21:20:59.75,1682601659750000000,912.5,912.5,898.0,681.0,6.0,54025.0,894.5,5.0,908.5,79.0,913.0,1.0,914.0,16.0,,0.0,855.0,1.0,854.5,16.0,,0.0,,0.0,,0.0
2023-04-27 21:21:08.75,1682601668750000000,912.5,912.5,898.0,681.0,6.0,54025.0,893.0,5.0,908.5,79.0,913.0,1.0,914.0,16.0,,0.0,855.0,1.0,854.5,16.0,,0.0,,0.0,,0.0
2023-04-27 21:21:19.25,1682601679250000000,912.5,912.5,898.0,681.0,6.0,54025.0,891.5,5.0,908.5,79.0,913.0,1.0,914.0,16.0,,0.0,855.0,1.0,854.5,16.0,,0.0,,0.0,,0.0
2023-04-27 21:21:24.0,1682601684000000000,912.5,912.5,898.0,681.0,6.0,54025.0,890.0,5.0,908.5,79.0,913.0,1.0,914.0,16.0,,0.0,855.0,1.0,854.5,16.0,,0.0,,0.0,,0.0
2023-04-27 21:21:55.0,1682601715000000000,912.5,912.5,898.0,681.0,6.0,54025.0,891.5,5.0,908.5,79.0,913.0,1.0,914.0,16.0,,0.0,855.0,1.0,854.5,16.0,,0.0,,0.0,,0.0
2023-04-27 21:22:16.75,1682601736750000000,912.5,912.5,898.0,681.0,6.0,54025.0,893.5,5.0,908.5,79.0,913.0,1.0,914.0,16.0,,0.0,855.0,1.0,854.5,16.0,,0.0,,0.0,,0.0
2023-04-27 21:22:23.5,1682601743500000000,912.5,912.5,898.0,681.0,6.0,54025.0,892.0,5.0,908.5,79.0,913.0,1.0,914.0,16.0,,0.0,855.0,1.0,854.5,16.0,,0.0,,0.0,,0.0
2023-04-27 21:22:34.25,1682601754250000000,912.5,912.5,898.0,681.0,6.0,54025.0,893.5,5.0,908.5,79.0,913.0,1.0,914.0,16.0,,0.0,855.0,1.0,854.5,16.0,,0.0,,0.0,,0.0
2023-04-27 21:23:19.25,1682601799250000000,912.5,912.5,898.0,681.0,6.0,54025.0,892.0,5.0,908.5,79.0,913.0,1.0,914.0,16.0,,0.0,855.0,1.0,854.5,16.0,,0.0,,0.0,,0.0
2023-04-27 21:23:50.5,1682601830500000000,912.5,912.5,898.0,681.0,6.0,54025.0,890.5,5.0,908.5,79.0,913.0,1.0,914.0,16.0,,0.0,855.0,1.0,854.5,16.0,,0.0,,0.0,,0.0
2023-04-27 21:24:01.25,1682601841250000000,912.5,912.5,898.0,681.0,6.0,54025.0,888.5,5.0,908.5,79.0,913.0,1.0,914.0,16.0,,0.0,855.0,1.0,854.5,16.0,,0.0,,0.0,,0.0
2023-04-27 21:24:02.75,1682601842750000000,912.5,912.5,898.0,681.0,6.0,54025.0,887.0,5.0,908.5,79.0,913.0,1.0,914.0,16.0,,0.0,855.0,1.0,854.5,16.0,,0.0,,0.0,,0.0
2023-04-27 21:24:14.5,1682601854500000000,912.5,912.5,898.0,681.0,6.0,54025.0,888.5,5.0,908.5,79.0,913.0,1.0,914.0,16.0,,0.0,855.0,1.0,854.5,16.0,,0.0,,0.0,,0.0
2023-04-27 21:24:19.75,1682601859750000000,912.5,912.5,898.0,681.0,6.0,54025.0,887.0,5.0,908.5,79.0,913.0,1.0,914.0,16.0,,0.0,855.0,1.0,854.5,16.0,,0.0,,0.0,,0.0
2023-04-27 21:24:54.25,1682601894250000000,912.5,912.5,898.0,681.0,6.0,54025.0,885.5,5.0,908.5,79.0,913.0,1.0,914.0,16.0,,0.0,855.0,1.0,854.5,16.0,,0.0,,0.0,,0.0
2023-04-27 21:24:59.25,1682601899250000000,912.5,912.5,898.0,681.0,6.0,54025.0,884.0,5.0,908.5,79.0,913.0,1.0,914.0,16.0,,0.0,855.0,1.0,854.5,16.0,,0.0,,0.0,,0.0
2023-04-27 21:25:00.0,1682601900000000000,912.5,912.5,898.0,681.0,6.0,54025.0,885.5,5.0,908.5,79.0,913.0,1.0,914.0,16.0,,0.0,855.0,1.0,854.5,16.0,,0.0,,0.0,,0.0
2023-04-27 21:25:11.5,1682601911500000000,912.5,912.5,898.0,681.0,6.0,54025.0,887.0,5.0,908.5,79.0,913.0,1.0,914.0,16.0,,0.0,855.0,1.0,854.5,16.0,,0.0,,0.0,,0.0
2023-04-27 21:25:18.75,1682601918750000000,912.5,912.5,898.0,681.0,6.0,54025.0,889.5,5.0,908.5,79.0,913.0,1.0,914.0,16.0,,0.0,855.0,1.0,854.5,16.0,,0.0,,0.0,,0.0
2023-04-27 21:25:43.0,1682601943000000000,912.5,912.5,898.0,681.0,6.0,54025.0,888.0,5.0,908.5,79.0,913.0,1.0,914.0,16.0,,0.0,855.0,1.0,854.5,16.0,,0.0,,0.0,,0.0
2023-04-27 21:25:53.0,1682601953000000000,912.5,912.5,898.0,681.0,6.0,54025.0,889.5,5.0,908.5,79.0,913.0,1.0,914.0,16.0,,0.0,855.0,1.0,854.5,16.0,,0.0,,0.0,,0.0
2023-04-27 21:26:07.75,1682601967750000000,912.5,912.5,898.0,681.0,6.0,54025.0,888.0,5.0,908.5,79.0,913.0,1.0,914.0,16.0,,0.0,855.0,1.0,854.5,16.0,,0.0,,0.0,,0.0
2023-04-27 21:26:38.5,1682601998500000000,912.5,912.5,898.0,681.0,6.0,54025.0,886.5,5.0,908.5,79.0,913.0,1.0,914.0,16.0,,0.0,855.0,1.0,854.5,16.0,,0.0,,0.0,,0.0
2023-04-27 21:27:37.5,1682602057500000000,912.5,912.5,898.0,681.0,6.0,54025.0,888.0,5.0,908.5,79.0,913.0,1.0,914.0,16.0,,0.0,855.0,1.0,854.5,16.0,,0.0,,0.0,,0.0
2023-04-27 21:28:12.0,1682602092000000000,912.5,912.5,898.0,681.0,6.0,54025.0,889.5,5.0,908.5,79.0,913.0,1.0,914.0,16.0,,0.0,855.0,1.0,854.5,16.0,,0.0,,0.0,,0.0
2023-04-27 21:28:15.75,1682602095750000000,912.5,912.5,898.0,681.0,6.0,54025.0,891.0,5.0,908.5,79.0,913.0,1.0,914.0,16.0,,0.0,855.0,1.0,854.5,16.0,,0.0,,0.0,,0.0
2023-04-27 21:28:16.75,1682602096750000000,912.5,912.5,898.0,681.0,6.0,54025.0,892.5,5.0,908.5,79.0,913.0,1.0,914.0,16.0,,0.0,855.0,1.0,854.5,16.0,,0.0,,0.0,,0.0
2023-04-27 21:28:27.5,1682602107500000000,912.5,912.5,898.0,681.0,6.0,54025.0,894.0,5.0,908.5,79.0,913.0,1.0,914.0,16.0,,0.0,855.0,1.0,854.5,16.0,,0.0,,0.0,,0.0
2023-04-27 21:28:49.25,1682602129250000000,912.5,912.5,898.0,681.0,6.0,54025.0,892.0,5.0,908.5,79.0,913.0,1.0,914.0,16.0,,0.0,855.0,1.0,854.5,16.0,,0.0,,0.0,,0.0
2023-04-27 21:28:52.25,1682602132250000000,912.5,912.5,898.0,681.0,6.0,54025.0,893.5,5.0,908.5,79.0,913.0,1.0,914.0,16.0,,0.0,855.0,1.0,854.5,16.0,,0.0,,0.0,,0.0
2023-04-27 21:29:44.0,1682602184000000000,912.5,912.5,898.0,681.0,6.0,54025.0,892.0,5.0,908.5,79.0,913.0,1.0,914.0,16.0,,0.0,855.0,1.0,854.5,16.0,,0.0,,0.0,,0.0
2023-04-27 21:30:04.0,1682602204000000000,912.5,912.5,898.0,681.0,6.0,54025.0,893.5,5.0,908.5,79.0,913.0,1.0,914.0,16.0,,0.0,855.0,1.0,854.5,16.0,,0.0,,0.0,,0.0
2023-04-27 21:30:56.0,1682602256000000000,912.5,912.5,898.0,681.0,6.0,54025.0,892.0,5.0,908.5,79.0,913.0,1.0,914.0,16.0,,0.0,855.0,1.0,854.5,16.0,,0.0,,0.0,,0.0
2023-04-27 21:31:13.75,1682602273750000000,912.5,912.5,898.0,681.0,6.0,54025.0,890.5,5.0,908.5,79.0,913.0,1.0,914.0,16.0,,0.0,855.0,1.0,854.5,16.0,,0.0,,0.0,,0.0
2023-04-27 21:31:29.75,1682602289750000000,912.5,912.5,898.0,681.0,6.0,54025.0,892.0,5.0,908.5,79.0,913.0,1.0,914.0,16.0,,0.0,855.0,1.0,854.5,16.0,,0.0,,0.0,,0.0
2023-04-27 21:31:32.75,1682602292750000000,912.5,912.5,898.0,681.0,6.0,54025.0,893.5,5.0,908.5,79.0,913.0,1.0,914.0,16.0,,0.0,855.0,1.0,854.5,16.0,,0.0,,0.0,,0.0
2023-04-27 21:31:44.25,1682602304250000000,912.5,912.5,898.0,681.0,6.0,54025.0,895.0,5.0,908.5,79.0,913.0,1.0,914.0,16.0,,0.0,855.0,1.0,854.5,16.0,,0.0,,0.0,,0.0
2023-04-27 21:31:49.25,1682602309250000000,912.5,912.5,898.0,681.0,6.0,54025.0,893.5,5.0,908.5,79.0,913.0,1.0,914.0,16.0,,0.0,855.0,1.0,854.5,16.0,,0.0,,0.0,,0.0
2023-04-27 21:32:12.0,1682602332000000000,912.5,912.5,898.0,681.0,6.0,54025.0,897.5,5.0,908.5,79.0,913.0,1.0,914.0,16.0,,0.0,855.0,1.0,854.5,16.0,,0.0,,0.0,,0.0
2023-04-27 21:32:12.25,1682602332250000000,912.5,912.5,898.0,681.0,6.0,54025.0,908.5,79.0,913.0,1.0,914.0,16.0,,0.0,,0.0,855.0,1.0,854.5,16.0,,0.0,,0.0,,0.0
2023-04-27 21:32:53.75,1682602373750000000,912.5,912.5,898.0,681.0,6.0,54025.0,899.5,5.0,908.5,79.0,913.0,1.0,914.0,16.0,,0.0,855.0,1.0,854.5,16.0,,0.0,,0.0,,0.0
2023-04-27 21:32:58.75,1682602378750000000,912.5,912.5,898.0,681.0,6.0,54025.0,901.0,5.0,908.5,79.0,913.0,1.0,914.0,16.0,,0.0,855.0,1.0,854.5,16.0,,0.0,,0.0,,0.0
2023-04-27 21:33:04.0,1682602384000000000,912.5,912.5,898.0,681.0,6.0,54025.0,902.5,5.0,908.5,79.0,913.0,1.0,914.0,16.0,,0.0,855.0,1.0,854.5,16.0,,0.0,,0.0,,0.0
2023-04-27 21:33:05.0,1682602385000000000,912.5,912.5,898.0,681.0,6.0,54025.0,902.5,5.0,908.5,79.0,914.0,16.0,,0.0,,0.0,855.0,1.0,854.5,16.0,,0.0,,0.0,,0.0
2023-04-27 21:33:44.0,1682602424000000000,912.5,912.5,898.0,681.0,6.0,54025.0,901.0,5.0,908.5,79.0,914.0,16.0,,0.0,,0.0,855.0,1.0,854.5,16.0,,0.0,,0.0,,0.0
2023-04-27 21:34:01.75,1682602441750000000,912.5,912.5,898.0,681.0,6.0,54025.0,899.5,5.0,908.5,79.0,914.0,16.0,,0.0,,0.0,855.0,1.0,854.5,16.0,,0.0,,0.0,,0.0
2023-04-27 21:34:03.25,1682602443250000000,912.5,912.5,898.0,681.0,6.0,54025.0,898.0,5.0,908.5,79.0,914.0,16.0,,0.0,,0.0,855.0,1.0,854.5,16.0,,0.0,,0.0,,0.0
2023-04-27 21:34:07.0,1682602447000000000,912.5,912.5,898.0,681.0,6.0,54025.0,896.5,5.0,908.5,79.0,914.0,16.0,,0.0,,0.0,855.0,1.0,854.5,16.0,,0.0,,0.0,,0.0
2023-04-27 21:34:11.75,1682602451750000000,912.5,912.5,898.0,681.0,6.0,54025.0,898.0,5.0,908.5,79.0,914.0,16.0,,0.0,,0.0,855.0,1.0,854.5,16.0,,0.0,,0.0,,0.0
2023-04-27 21:34:20.25,1682602460250000000,912.5,912.5,898.0,681.0,6.0,54025.0,896.5,5.0,908.5,79.0,914.0,16.0,,0.0,,0.0,855.0,1.0,854.5,16.0,,0.0,,0.0,,0.0
2023-04-27 21:34:26.0,1682602466000000000,912.5,912.5,898.0,681.0,6.0,54025.0,898.0,5.0,908.5,79.0,914.0,16.0,,0.0,,0.0,855.0,1.0,854.5,16.0,,0.0,,0.0,,0.0
2023-04-27 21:34:58.75,1682602498750000000,912.5,912.5,898.0,681.0,6.0,54025.0,899.5,5.0,908.5,79.0,914.0,16.0,,0.0,,0.0,855.0,1.0,854.5,16.0,,0.0,,0.0,,0.0
2023-04-27 21:35:00.5,1682602500500000000,912.5,912.5,898.0,681.0,6.0,54025.0,898.0,5.0,908.5,79.0,914.0,16.0,,0.0,,0.0,855.0,1.0,854.5,16.0,,0.0,,0.0,,0.0
2023-04-27 21:35:39.0,1682602539000000000,912.5,912.5,898.0,681.0,6.0,54025.0,896.5,5.0,908.5,79.0,914.0,16.0,,0.0,,0.0,855.0,1.0,854.5,16.0,,0.0,,0.0,,0.0
2023-04-27 21:35:41.0,1682602541000000000,912.5,912.5,898.0,681.0,6.0,54025.0,894.0,5.0,908.5,79.0,914.0,16.0,,0.0,,0.0,855.0,1.0,854.5,16.0,,0.0,,0.0,,0.0
2023-04-27 21:35:42.5,1682602542500000000,912.5,912.5,898.0,681.0,6.0,54025.0,895.5,5.0,908.5,79.0,914.0,16.0,,0.0,,0.0,855.0,1.0,854.5,16.0,,0.0,,0.0,,0.0
2023-04-27 21:35:50.75,1682602550750000000,912.5,912.5,898.0,681.0,6.0,54025.0,897.5,5.0,908.5,79.0,914.0,16.0,,0.0,,0.0,855.0,1.0,854.5,16.0,,0.0,,0.0,,0.0
2023-04-27 21:36:05.0,1682602565000000000,912.5,912.5,898.0,681.0,6.0,54025.0,896.0,5.0,908.5,79.0,914.0,16.0,,0.0,,0.0,855.0,1.0,854.5,16.0,,0.0,,0.0,,0.0
2023-04-27 21:36:59.75,1682602619750000000,912.5,912.5,898.0,681.0,6.0,54025.0,897.5,5.0,908.5,79.0,914.0,16.0,,0.0,,0.0,855.0,1.0,854.5,16.0,,0.0,,0.0,,0.0
2023-04-27 21:37:00.0,1682602620000000000,912.5,912.5,898.0,681.0,6.0,54025.0,899.5,5.0,908.5,79.0,914.0,16.0,,0.0,,0.0,855.0,1.0,854.5,16.0,,0.0,,0.0,,0.0
2023-04-27 21:37:09.75,1682602629750000000,912.5,912.5,898.0,681.0,6.0,54025.0,898.0,5.0,908.5,79.0,914.0,16.0,,0.0,,0.0,855.0,1.0,854.5,16.0,,0.0,,0.0,,0.0
2023-04-27 21:37:22.75,1682602642750000000,912.5,912.5,898.0,681.0,6.0,54025.0,896.5,5.0,908.5,79.0,914.0,16.0,,0.0,,0.0,855.0,1.0,854.5,16.0,,0.0,,0.0,,0.0
2023-04-27 21:37:26.0,1682602646000000000,912.5,912.5,898.0,681.0,6.0,54025.0,895.0,5.0,908.5,79.0,914.0,16.0,,0.0,,0.0,855.0,1.0,854.5,16.0,,0.0,,0.0,,0.0
2023-04-27 21:37:34.5,1682602654500000000,912.5,912.5,898.0,681.0,6.0,54025.0,893.5,5.0,908.5,79.0,914.0,16.0,,0.0,,0.0,855.0,1.0,854.5,16.0,,0.0,,0.0,,0.0
2023-04-27 21:37:37.25,1682602657250000000,912.5,912.5,898.0,681.0,6.0,54025.0,892.0,5.0,908.5,79.0,914.0,16.0,,0.0,,0.0,855.0,1.0,854.5,16.0,,0.0,,0.0,,0.0
2023-04-27 21:38:02.25,1682602682250000000,912.5,912.5,898.0,681.0,6.0,54025.0,890.5,5.0,908.5,79.0,914.0,16.0,,0.0,,0.0,855.0,1.0,854.5,16.0,,0.0,,0.0,,0.0
2023-04-27 21:38:08.5,1682602688500000000,912.5,912.5,898.0,681.0,6.0,54025.0,892.0,5.0,908.5,79.0,914.0,16.0,,0.0,,0.0,855.0,1.0,854.5,16.0,,0.0,,0.0,,0.0
2023-04-27 21:38:14.0,1682602694000000000,912.5,912.5,898.0,681.0,6.0,54025.0,893.5,5.0,908.5,79.0,914.0,16.0,,0.0,,0.0,855.0,1.0,854.5,16.0,,0.0,,0.0,,0.0
2023-04-27 21:38:31.75,1682602711750000000,912.5,912.5,898.0,681.0,6.0,54025.0,892.0,5.0,908.5,79.0,914.0,16.0,,0.0,,0.0,855.0,1.0,854.5,16.0,,0.0,,0.0,,0.0
2023-04-27 21:39:10.25,1682602750250000000,912.5,912.5,898.0,681.0,6.0,54025.0,893.5,5.0,908.5,79.0,914.0,16.0,,0.0,,0.0,855.0,1.0,854.5,16.0,,0.0,,0.0,,0.0
2023-04-27 21:39:29.0,1682602769000000000,912.5,912.5,898.0,681.0,6.0,54025.0,895.0,5.0,908.5,79.0,914.0,16.0,,0.0,,0.0,855.0,1.0,854.5,16.0,,0.0,,0.0,,0.0
2023-04-27 21:39:54.0,1682602794000000000,912.5,912.5,898.0,681.0,6.0,54025.0,893.5,5.0,908.5,79.0,914.0,16.0,,0.0,,0.0,855.0,1.0,854.5,16.0,,0.0,,0.0,,0.0
2023-04-27 21:40:00.75,1682602800750000000,912.5,912.5,898.0,681.0,6.0,54025.0,892.0,5.0,908.5,79.0,914.0,16.0,,0.0,,0.0,855.0,1.0,854.5,16.0,,0.0,,0.0,,0.0
2023-04-27 21:40:30.75,1682602830750000000,912.5,912.5,898.0,681.0,6.0,54025.0,893.5,5.0,908.5,79.0,914.0,16.0,,0.0,,0.0,855.0,1.0,854.5,16.0,,0.0,,0.0,,0.0
2023-04-27 21:41:02.0,1682602862000000000,912.5,912.5,898.0,681.0,6.0,54025.0,892.0,5.0,908.5,79.0,914.0,16.0,,0.0,,0.0,855.0,1.0,854.5,16.0,,0.0,,0.0,,0.0
2023-04-27 21:41:14.25,1682602874250000000,912.5,912.5,898.0,681.0,6.0,54025.0,893.5,5.0,908.5,79.0,914.0,16.0,,0.0,,0.0,855.0,1.0,854.5,16.0,,0.0,,0.0,,0.0
2023-04-27 21:41:17.25,1682602877250000000,912.5,912.5,898.0,681.0,6.0,54025.0,892.0,5.0,908.5,79.0,914.0,16.0,,0.0,,0.0,855.0,1.0,854.5,16.0,,0.0,,0.0,,0.0
2023-04-27 21:41:36.5,1682602896500000000,912.5,912.5,898.0,681.0,6.0,54025.0,890.5,5.0,908.5,79.0,914.0,16.0,,0.0,,0.0,855.0,1.0,854.5,16.0,,0.0,,0.0,,0.0
2023-04-27 21:42:02.0,1682602922000000000,912.5,912.5,898.0,681.0,6.0,54025.0,888.5,5.0,908.5,79.0,914.0,16.0,,0.0,,0.0,855.0,1.0,854.5,16.0,,0.0,,0.0,,0.0
2023-04-27 21:42:05.5,1682602925500000000,912.5,912.5,898.0,681.0,6.0,54025.0,890.0,5.0,908.5,79.0,914.0,16.0,,0.0,,0.0,855.0,1.0,854.5,16.0,,0.0,,0.0,,0.0
2023-04-27 21:42:31.0,1682602951000000000,912.5,912.5,898.0,681.0,6.0,54025.0,891.5,5.0,908.5,79.0,914.0,16.0,,0.0,,0.0,855.0,1.0,854.5,16.0,,0.0,,0.0,,0.0
2023-04-27 21:43:05.0,1682602985000000000,912.5,912.5,898.0,681.0,6.0,54025.0,893.0,5.0,908.5,79.0,914.0,16.0,,0.0,,0.0,855.0,1.0,854.5,16.0,,0.0,,0.0,,0.0
2023-04-27 21:43:06.25,1682602986250000000,912.5,912.5,898.0,681.0,6.0,54025.0,896.0,5.0,908.5,79.0,914.0,16.0,,0.0,,0.0,855.0,1.0,854.5,16.0,,0.0,,0.0,,0.0
2023-04-27 21:43:09.75,1682602989750000000,912.5,912.5,898.0,681.0,6.0,54025.0,894.5,5.0,908.5,79.0,914.0,16.0,,0.0,,0.0,855.0,1.0,854.5,16.0,,0.0,,0.0,,0.0
2023-04-27 21:43:10.5,1682602990500000000,912.5,912.5,898.0,681.0,6.0,54025.0,896.0,5.0,908.5,79.0,914.0,16.0,,0.0,,0.0,855.0,1.0,854.5,16.0,,0.0,,0.0,,0.0
2023-04-27 21:43:44.5,1682603024500000000,912.5,912.5,898.0,681.0,6.0,54025.0,898.0,5.0,908.5,79.0,914.0,16.0,,0.0,,0.0,855.0,1.0,854.5,16.0,,0.0,,0.0,,0.0
2023-04-27 21:44:19.25,1682603059250000000,912.5,912.5,898.0,681.0,6.0,54025.0,896.5,5.0,908.5,79.0,914.0,16.0,,0.0,,0.0,855.0,1.0,854.5,16.0,,0.0,,0.0,,0.0
2023-04-27 21:45:00.75,1682603100750000000,912.5,912.5,898.0,681.0,6.0,54025.0,898.5,5.0,908.5,79.0,914.0,16.0,,0.0,,0.0,855.0,1.0,854.5,16.0,,0.0,,0.0,,0.0
2023-04-27 21:45:03.5,1682603103500000000,912.5,912.5,898.0,681.0,6.0,54025.0,896.0,5.0,908.5,79.0,914.0,16.0,,0.0,,0.0,855.0,1.0,854.5,16.0,,0.0,,0.0,,0.0
2023-04-27 21:45:06.0,1682603106000000000,912.5,912.5,898.0,681.0,6.0,54025.0,897.5,5.0,908.5,79.0,914.0,16.0,,0.0,,0.0,855.0,1.0,854.5,16.0,,0.0,,0.0,,0.0
2023-04-27 21:46:03.75,1682603163750000000,912.5,912.5,898.0,681.0,6.0,54025.0,899.5,5.0,908.5,79.0,914.0,16.0,,0.0,,0.0,855.0,1.0,854.5,16.0,,0.0,,0.0,,0.0
2023-04-27 21:46:12.5,1682603172500000000,912.5,912.5,898.0,681.0,6.0,54025.0,898.0,5.0,908.5,79.0,914.0,16.0,,0.0,,0.0,855.0,1.0,854.5,16.0,,0.0,,0.0,,0.0
2023-04-27 21:46:31.5,1682603191500000000,912.5,912.5,898.0,681.0,6.0,54025.0,899.5,5.0,908.5,79.0,914.0,16.0,,0.0,,0.0,855.0,1.0,854.5,16.0,,0.0,,0.0,,0.0
2023-04-27 21:46:38.0,1682603198000000000,912.5,912.5,898.0,681.0,6.0,54025.0,898.0,5.0,908.5,79.0,914.0,16.0,,0.0,,0.0,855.0,1.0,854.5,16.0,,0.0,,0.0,,0.0
2023-04-27 21:46:43.75,1682603203750000000,912.5,912.5,898.0,681.0,6.0,54025.0,896.5,5.0,908.5,79.0,914.0,16.0,,0.0,,0.0,855.0,1.0,854.5,16.0,,0.0,,0.0,,0.0
2023-04-27 21:47:31.0,1682603251000000000,912.5,912.5,898.0,681.0,6.0,54025.0,895.0,5.0,908.5,79.0,914.0,16.0,,0.0,,0.0,855.0,1.0,854.5,16.0,,0.0,,0.0,,0.0
2023-04-27 21:47:49.0,1682603269000000000,912.5,912.5,898.0,681.0,6.0,54025.0,896.5,5.0,908.5,79.0,914.0,16.0,,0.0,,0.0,855.0,1.0,854.5,16.0,,0.0,,0.0,,0.0
2023-04-27 21:48:02.25,1682603282250000000,912.5,912.5,898.0,681.0,6.0,54025.0,895.0,5.0,908.5,79.0,914.0,16.0,,0.0,,0.0,855.0,1.0,854.5,16.0,,0.0,,0.0,,0.0
2023-04-27 21:48:09.5,1682603289500000000,912.5,912.5,898.0,681.0,6.0,54025.0,896.5,5.0,908.5,79.0,914.0,16.0,,0.0,,0.0,855.0,1.0,854.5,16.0,,0.0,,0.0,,0.0
2023-04-27 21:48:23.5,1682603303500000000,912.5,912.5,898.0,681.0,6.0,54025.0,898.0,5.0,908.5,79.0,914.0,16.0,,0.0,,0.0,855.0,1.0,854.5,16.0,,0.0,,0.0,,0.0
2023-04-27 21:48:27.75,1682603307750000000,912.5,912.5,898.0,681.0,6.0,54025.0,899.5,5.0,908.5,79.0,914.0,16.0,,0.0,,0.0,855.0,1.0,854.5,16.0,,0.0,,0.0,,0.0
2023-04-27 21:48:44.25,1682603324250000000,912.5,912.5,898.0,681.0,6.0,54025.0,898.0,5.0,908.5,79.0,914.0,16.0,,0.0,,0.0,855.0,1.0,854.5,16.0,,0.0,,0.0,,0.0
2023-04-27 21:48:58.25,1682603338250000000,912.5,912.5,898.0,681.0,6.0,54025.0,896.5,5.0,908.5,79.0,914.0,16.0,,0.0,,0.0,855.0,1.0,854.5,16.0,,0.0,,0.0,,0.0
2023-04-27 21:49:01.0,1682603341000000000,912.5,912.5,898.0,681.0,6.0,54025.0,895.0,5.0,908.5,79.0,914.0,16.0,,0.0,,0.0,855.0,1.0,854.5,16.0,,0.0,,0.0,,0.0
2023-04-27 21:49:03.0,1682603343000000000,912.5,912.5,898.0,681.0,6.0,54025.0,896.5,5.0,908.5,79.0,914.0,16.0,,0.0,,0.0,855.0,1.0,854.5,16.0,,0.0,,0.0,,0.0
2023-04-27 21:50:44.0,1682603444000000000,912.5,912.5,898.0,681.0,6.0,54025.0,898.0,5.0,908.5,79.0,914.0,16.0,,0.0,,0.0,855.0,1.0,854.5,16.0,,0.0,,0.0,,0.0
2023-04-27 21:51:07.25,1682603467250000000,912.5,912.5,898.0,681.0,6.0,54025.0,900.0,5.0,908.5,79.0,914.0,16.0,,0.0,,0.0,855.0,1.0,854.5,16.0,,0.0,,0.0,,0.0
2023-04-27 21:51:31.75,1682603491750000000,912.5,912.5,898.0,681.0,6.0,54025.0,898.5,5.0,908.5,79.0,914.0,16.0,,0.0,,0.0,855.0,1.0,854.5,16.0,,0.0,,0.0,,0.0
2023-04-27 21:51:43.75,1682603503750000000,912.5,912.5,898.0,681.0,6.0,54025.0,900.0,5.0,908.5,79.0,914.0,16.0,,0.0,,0.0,855.0,1.0,854.5,16.0,,0.0,,0.0,,0.0
2023-04-27 21:51:53.25,1682603513250000000,912.5,912.5,898.0,681.0,6.0,54025.0,898.5,5.0,908.5,79.0,914.0,16.0,,0.0,,0.0,855.0,1.0,854.5,16.0,,0.0,,0.0,,0.0
2023-04-27 21:52:14.5,1682603534500000000,912.5,912.5,898.0,681.0,6.0,54025.0,900.0,5.0,908.5,79.0,914.0,16.0,,0.0,,0.0,855.0,1.0,854.5,16.0,,0.0,,0.0,,0.0
2023-04-27 21:52:17.75,1682603537750000000,912.5,912.5,898.0,681.0,6.0,54025.0,901.5,5.0,908.5,79.0,914.0,16.0,,0.0,,0.0,855.0,1.0,854.5,16.0,,0.0,,0.0,,0.0
2023-04-27 21:52:26.0,1682603546000000000,912.5,912.5,898.0,681.0,6.0,54025.0,900.0,5.0,908.5,79.0,914.0,16.0,,0.0,,0.0,855.0,1.0,854.5,16.0,,0.0,,0.0,,0.0
2023-04-27 21:52:41.0,1682603561000000000,912.5,912.5,898.0,681.0,6.0,54025.0,901.5,5.0,908.5,79.0,914.0,16.0,,0.0,,0.0,855.0,1.0,854.5,16.0,,0.0,,0.0,,0.0
2023-04-27 21:52:58.25,1682603578250000000,912.5,912.5,898.0,681.0,6.0,54025.0,903.0,5.0,908.5,79.0,914.0,16.0,,0.0,,0.0,855.0,1.0,854.5,16.0,,0.0,,0.0,,0.0
2023-04-27 21:53:00.75,1682603580750000000,912.5,912.5,898.0,681.0,6.0,54025.0,905.0,5.0,908.5,79.0,914.0,16.0,,0.0,,0.0,855.0,1.0,854.5,16.0,,0.0,,0.0,,0.0
2023-04-27 21:53:06.25,1682603586250000000,912.5,912.5,898.0,681.0,6.0,54025.0,903.0,5.0,908.5,79.0,914.0,16.0,,0.0,,0.0,855.0,1.0,854.5,16.0,,0.0,,0.0,,0.0
2023-04-27 21:55:25.5,1682603725500000000,912.5,912.5,898.0,681.0,6.0,54025.0,901.5,5.0,908.5,79.0,914.0,16.0,,0.0,,0.0,855.0,1.0,854.5,16.0,,0.0,,0.0,,0.0
2023-04-27 21:55:46.25,1682603746250000000,912.5,912.5,898.0,681.0,6.0,54025.0,899.5,5.0,908.5,79.0,914.0,16.0,,0.0,,0.0,855.0,1.0,854.5,16.0,,0.0,,0.0,,0.0
2023-04-27 21:55:51.25,1682603751250000000,912.5,912.5,898.0,681.0,6.0,54025.0,901.0,5.0,908.5,79.0,914.0,16.0,,0.0,,0.0,855.0,1.0,854.5,16.0,,0.0,,0.0,,0.0
2023-04-27 21:56:17.5,1682603777500000000,912.5,912.5,898.0,681.0,6.0,54025.0,902.5,5.0,908.5,79.0,914.0,16.0,,0.0,,0.0,855.0,1.0,854.5,16.0,,0.0,,0.0,,0.0
2023-04-27 21:56:40.5,1682603800500000000,912.5,912.5,898.0,681.0,6.0,54025.0,901.0,5.0,908.5,79.0,914.0,16.0,,0.0,,0.0,855.0,1.0,854.5,16.0,,0.0,,0.0,,0.0
2023-04-27 21:56:46.0,1682603806000000000,912.5,912.5,898.0,681.0,6.0,54025.0,902.5,5.0,908.5,79.0,914.0,16.0,,0.0,,0.0,855.0,1.0,854.5,16.0,,0.0,,0.0,,0.0
2023-04-27 21:57:34.25,1682603854250000000,912.5,912.5,898.0,681.0,6.0,54025.0,901.0,5.0,908.5,79.0,914.0,16.0,,0.0,,0.0,855.0,1.0,854.5,16.0,,0.0,,0.0,,0.0
2023-04-27 21:58:03.25,1682603883250000000,912.5,912.5,898.0,681.0,6.0,54025.0,902.5,5.0,908.5,79.0,914.0,16.0,,0.0,,0.0,855.0,1.0,854.5,16.0,,0.0,,0.0,,0.0
2023-04-27 21:58:26.0,1682603906000000000,912.5,912.5,898.0,681.0,6.0,54025.0,900.5,5.0,908.5,79.0,914.0,16.0,,0.0,,0.0,855.0,1.0,854.5,16.0,,0.0,,0.0,,0.0
2023-04-27 21:58:30.5,1682603910500000000,912.5,912.5,898.0,681.0,6.0,54025.0,899.0,5.0,908.5,79.0,914.0,16.0,,0.0,,0.0,855.0,1.0,854.5,16.0,,0.0,,0.0,,0.0
2023-04-27 21:58:37.75,1682603917750000000,912.5,912.5,898.0,681.0,6.0,54025.0,900.5,5.0,908.5,79.0,914.0,16.0,,0.0,,0.0,855.0,1.0,854.5,16.0,,0.0,,0.0,,0.0
2023-04-27 21:59:02.75,1682603942750000000,912.5,912.5,898.0,681.0,6.0,54025.0,899.0,5.0,908.5,79.0,914.0,16.0,,0.0,,0.0,855.0,1.0,854.5,16.0,,0.0,,0.0,,0.0
2023-04-27 21:59:21.0,1682603961000000000,912.5,912.5,898.0,681.0,6.0,54025.0,897.5,5.0,908.5,79.0,914.0,16.0,,0.0,,0.0,855.0,1.0,854.5,16.0,,0.0,,0.0,,0.0
2023-04-27 21:59:30.5,1682603970500000000,912.5,912.5,898.0,681.0,6.0,54025.0,895.5,5.0,908.5,79.0,914.0,16.0,,0.0,,0.0,855.0,1.0,854.5,16.0,,0.0,,0.0,,0.0
2023-04-27 21:59:45.0,1682603985000000000,912.5,912.5,898.0,681.0,6.0,54025.0,897.0,5.0,908.5,79.0,914.0,16.0,,0.0,,0.0,855.0,1.0,854.5,16.0,,0.0,,0.0,,0.0
2023-04-27 22:00:01.25,1682604001250000000,912.5,912.5,898.0,681.0,6.0,54025.0,898.5,5.0,908.5,79.0,914.0,16.0,,0.0,,0.0,855.0,1.0,854.5,16.0,,0.0,,0.0,,0.0
2023-04-27 22:00:11.5,1682604011500000000,912.5,912.5,898.0,681.0,6.0,54025.0,900.0,5.0,908.5,79.0,914.0,16.0,,0.0,,0.0,855.0,1.0,854.5,16.0,,0.0,,0.0,,0.0
2023-04-27 22:00:35.25,1682604035250000000,912.5,912.5,898.0,681.0,6.0,54025.0,898.0,5.0,908.5,79.0,914.0,16.0,,0.0,,0.0,855.0,1.0,854.5,16.0,,0.0,,0.0,,0.0
2023-04-27 22:00:39.0,1682604039000000000,912.5,912.5,898.0,681.0,6.0,54025.0,896.5,5.0,908.5,79.0,914.0,16.0,,0.0,,0.0,855.0,1.0,854.5,16.0,,0.0,,0.0,,0.0
2023-04-27 22:01:00.25,1682604060250000000,912.5,912.5,898.0,681.0,6.0,54025.0,898.0,5.0,908.5,79.0,914.0,16.0,,0.0,,0.0,855.0,1.0,854.5,16.0,,0.0,,0.0,,0.0
2023-04-27 22:01:05.5,1682604065500000000,912.5,912.5,898.0,681.0,6.0,54025.0,900.0,5.0,908.5,79.0,914.0,16.0,,0.0,,0.0,855.0,1.0,854.5,16.0,,0.0,,0.0,,0.0
2023-04-27 22:01:05.75,1682604065750000000,912.5,912.5,898.0,681.0,6.0,54025.0,902.0,5.0,908.5,79.0,914.0,16.0,,0.0,,0.0,855.0,1.0,854.5,16.0,,0.0,,0.0,,0.0
2023-04-27 22:01:23.75,1682604083750000000,912.5,912.5,898.0,681.0,6.0,54025.0,903.5,5.0,908.5,79.0,914.0,16.0,,0.0,,0.0,855.0,1.0,854.5,16.0,,0.0,,0.0,,0.0
2023-04-27 22:01:33.25,1682604093250000000,912.5,912.5,898.0,681.0,6.0,54025.0,905.0,5.0,908.5,79.0,914.0,16.0,,0.0,,0.0,855.0,1.0,854.5,16.0,,0.0,,0.0,,0.0
2023-04-27 22:01:35.25,1682604095250000000,912.5,912.5,898.0,681.0,6.0,54025.0,906.5,5.0,908.5,79.0,914.0,16.0,,0.0,,0.0,855.0,1.0,854.5,16.0,,0.0,,0.0,,0.0
2023-04-27 22:02:19.75,1682604139750000000,912.5,912.5,898.0,681.0,6.0,54025.0,905.0,5.0,908.5,79.0,914.0,16.0,,0.0,,0.0,855.0,1.0,854.5,16.0,,0.0,,0.0,,0.0
2023-04-27 22:02:29.0,1682604149000000000,912.5,912.5,898.0,681.0,6.0,54025.0,903.5,5.0,908.5,79.0,914.0,16.0,,0.0,,0.0,855.0,1.0,854.5,16.0,,0.0,,0.0,,0.0
2023-04-27 22:02:45.0,1682604165000000000,912.5,912.5,898.0,681.0,6.0,54025.0,901.0,5.0,908.5,79.0,914.0,16.0,,0.0,,0.0,855.0,1.0,854.5,16.0,,0.0,,0.0,,0.0
2023-04-27 22:02:55.5,1682604175500000000,912.5,912.5,898.0,681.0,6.0,54025.0,902.5,5.0,908.5,79.0,914.0,16.0,,0.0,,0.0,855.0,1.0,854.5,16.0,,0.0,,0.0,,0.0
2023-04-27 22:03:13.0,1682604193000000000,912.5,912.5,898.0,681.0,6.0,54025.0,904.0,5.0,908.5,79.0,914.0,16.0,,0.0,,0.0,855.0,1.0,854.5,16.0,,0.0,,0.0,,0.0
2023-04-27 22:03:14.25,1682604194250000000,912.5,912.5,898.0,681.0,6.0,54025.0,905.5,5.0,908.5,79.0,914.0,16.0,,0.0,,0.0,855.0,1.0,854.5,16.0,,0.0,,0.0,,0.0
2023-04-27 22:03:38.75,1682604218750000000,912.5,912.5,898.0,681.0,6.0,54025.0,907.5,5.0,914.0,16.0,,0.0,,0.0,,0.0,855.0,1.0,854.5,16.0,,0.0,,0.0,,0.0
2023-04-27 22:03:52.5,1682604232500000000,912.5,912.5,898.0,681.0,6.0,54025.0,907.5,5.0,914.0,16.0,,0.0,,0.0,,0.0,876.5,16.0,855.0,1.0,,0.0,,0.0,,0.0
2023-04-27 22:04:14.75,1682604254750000000,912.5,912.5,898.0,681.0,6.0,54025.0,909.0,5.0,914.0,16.0,,0.0,,0.0,,0.0,876.5,16.0,855.0,1.0,,0.0,,0.0,,0.0
2023-04-27 22:04:21.0,1682604261000000000,912.5,912.5,898.0,681.0,6.0,54025.0,907.5,5.0,914.0,16.0,,0.0,,0.0,,0.0,876.5,16.0,855.0,1.0,,0.0,,0.0,,0.0
2023-04-27 22:04:34.0,1682604274000000000,912.5,912.5,898.0,681.0,6.0,54025.0,906.0,5.0,914.0,16.0,,0.0,,0.0,,0.0,876.5,16.0,855.0,1.0,,0.0,,0.0,,0.0
2023-04-27 22:05:31.75,1682604331750000000,912.5,912.5,898.0,681.0,6.0,54025.0,908.0,5.0,914.0,16.0,,0.0,,0.0,,0.0,876.5,16.0,855.0,1.0,,0.0,,0.0,,0.0
2023-04-27 22:05:39.75,1682604339750000000,912.5,912.5,898.0,681.0,6.0,54025.0,906.5,5.0,914.0,16.0,,0.0,,0.0,,0.0,876.5,16.0,855.0,1.0,,0.0,,0.0,,0.0
2023-04-27 22:05:52.25,1682604352250000000,912.5,912.5,898.0,681.0,6.0,54025.0,908.0,5.0,914.0,16.0,,0.0,,0.0,,0.0,876.5,16.0,855.0,1.0,,0.0,,0.0,,0.0
2023-04-27 22:06:15.0,1682604375000000000,912.5,912.5,898.0,681.0,6.0,54025.0,906.5,5.0,914.0,16.0,,0.0,,0.0,,0.0,876.5,16.0,855.0,1.0,,0.0,,0.0,,0.0
2023-04-27 22:06:39.75,1682604399750000000,912.5,912.5,898.0,681.0,6.0,54025.0,908.0,5.0,914.0,16.0,,0.0,,0.0,,0.0,876.5,16.0,855.0,1.0,,0.0,,0.0,,0.0
2023-04-27 22:06:53.0,1682604413000000000,912.5,912.5,898.0,681.0,6.0,54025.0,906.5,5.0,914.0,16.0,,0.0,,0.0,,0.0,876.5,16.0,855.0,1.0,,0.0,,0.0,,0.0
2023-04-27 22:07:14.5,1682604434500000000,912.5,912.5,898.0,681.0,6.0,54025.0,905.0,5.0,914.0,16.0,,0.0,,0.0,,0.0,876.5,16.0,855.0,1.0,,0.0,,0.0,,0.0
2023-04-27 22:07:16.75,1682604436750000000,912.5,912.5,898.0,681.0,6.0,54025.0,902.5,5.0,914.0,16.0,,0.0,,0.0,,0.0,876.5,16.0,855.0,1.0,,0.0,,0.0,,0.0
2023-04-27 22:07:41.25,1682604461250000000,912.5,912.5,898.0,681.0,6.0,54025.0,900.5,5.0,914.0,16.0,,0.0,,0.0,,0.0,876.5,16.0,855.0,1.0,,0.0,,0.0,,0.0
2023-04-27 22:07:52.25,1682604472250000000,912.5,912.5,898.0,681.0,6.0,54025.0,902.0,5.0,914.0,16.0,,0.0,,0.0,,0.0,876.5,16.0,855.0,1.0,,0.0,,0.0,,0.0
2023-04-27 22:08:22.25,1682604502250000000,912.5,912.5,898.0,681.0,6.0,54025.0,903.5,5.0,914.0,16.0,,0.0,,0.0,,0.0,876.5,16.0,855.0,1.0,,0.0,,0.0,,0.0
2023-04-27 22:09:15.5,1682604555500000000,912.5,912.5,898.0,681.0,6.0,54025.0,905.0,5.0,914.0,16.0,,0.0,,0.0,,0.0,876.5,16.0,855.0,1.0,,0.0,,0.0,,0.0
2023-04-27 22:09:32.0,1682604572000000000,912.5,912.5,898.0,681.0,6.0,54025.0,903.5,5.0,914.0,16.0,,0.0,,0.0,,0.0,876.5,16.0,855.0,1.0,,0.0,,0.0,,0.0
2023-04-27 22:10:12.25,1682604612250000000,912.5,912.5,898.0,681.0,6.0,54025.0,905.0,5.0,914.0,16.0,,0.0,,0.0,,0.0,876.5,16.0,855.0,1.0,,0.0,,0.0,,0.0
2023-04-27 22:10:46.75,1682604646750000000,912.5,912.5,898.0,681.0,6.0,54025.0,906.5,5.0,914.0,16.0,,0.0,,0.0,,0.0,876.5,16.0,855.0,1.0,,0.0,,0.0,,0.0
2023-04-27 22:10:51.0,1682604651000000000,912.5,912.5,898.0,681.0,6.0,54025.0,908.0,5.0,914.0,16.0,,0.0,,0.0,,0.0,876.5,16.0,855.0,1.0,,0.0,,0.0,,0.0
2023-04-27 22:11:15.25,1682604675250000000,912.5,912.5,898.0,681.0,6.0,54025.0,906.0,5.0,914.0,16.0,,0.0,,0.0,,0.0,876.5,16.0,855.0,1.0,,0.0,,0.0,,0.0
2023-04-27 22:11:23.25,1682604683250000000,912.5,912.5,898.0,681.0,6.0,54025.0,904.5,5.0,914.0,16.0,,0.0,,0.0,,0.0,876.5,16.0,855.0,1.0,,0.0,,0.0,,0.0
2023-04-27 22:11:25.75,1682604685750000000,912.5,912.5,898.0,681.0,6.0,54025.0,903.0,5.0,914.0,16.0,,0.0,,0.0,,0.0,876.5,16.0,855.0,1.0,,0.0,,0.0,,0.0
2023-04-27 22:11:33.0,1682604693000000000,912.5,912.5,898.0,681.0,6.0,54025.0,904.5,5.0,914.0,16.0,,0.0,,0.0,,0.0,876.5,16.0,855.0,1.0,,0.0,,0.0,,0.0
2023-04-27 22:12:09.25,1682604729250000000,912.5,912.5,898.0,681.0,6.0,54025.0,902.5,5.0,914.0,16.0,,0.0,,0.0,,0.0,876.5,16.0,855.0,1.0,,0.0,,0.0,,0.0
2023-04-27 22:12:29.5,1682604749500000000,912.5,912.5,898.0,681.0,6.0,54025.0,901.0,5.0,914.0,16.0,,0.0,,0.0,,0.0,876.5,16.0,855.0,1.0,,0.0,,0.0,,0.0
2023-04-27 22:13:07.5,1682604787500000000,912.5,912.5,898.0,681.0,6.0,54025.0,902.5,5.0,914.0,16.0,,0.0,,0.0,,0.0,876.5,16.0,855.0,1.0,,0.0,,0.0,,0.0
2023-04-27 22:13:13.0,1682604793000000000,912.5,912.5,898.0,681.0,6.0,54025.0,904.0,5.0,914.0,16.0,,0.0,,0.0,,0.0,876.5,16.0,855.0,1.0,,0.0,,0.0,,0.0
2023-04-27 22:13:14.25,1682604794250000000,912.5,912.5,898.0,681.0,6.0,54025.0,902.5,5.0,914.0,16.0,,0.0,,0.0,,0.0,876.5,16.0,855.0,1.0,,0.0,,0.0,,0.0
2023-04-27 22:13:24.25,1682604804250000000,912.5,912.5,898.0,681.0,6.0,54025.0,901.0,5.0,914.0,16.0,,0.0,,0.0,,0.0,876.5,16.0,855.0,1.0,,0.0,,0.0,,0.0
2023-04-27 22:13:39.5,1682604819500000000,912.5,912.5,898.0,681.0,6.0,54025.0,902.5,5.0,914.0,16.0,,0.0,,0.0,,0.0,876.5,16.0,855.0,1.0,,0.0,,0.0,,0.0
2023-04-27 22:13:50.25,1682604830250000000,912.5,912.5,898.0,681.0,6.0,54025.0,901.0,5.0,914.0,16.0,,0.0,,0.0,,0.0,876.5,16.0,855.0,1.0,,0.0,,0.0,,0.0
2023-04-27 22:14:03.5,1682604843500000000,912.5,912.5,898.0,681.0,6.0,54025.0,903.0,5.0,914.0,16.0,,0.0,,0.0,,0.0,876.5,16.0,855.0,1.0,,0.0,,0.0,,0.0
2023-04-27 22:14:20.25,1682604860250000000,912.5,912.5,898.0,681.0,6.0,54025.0,904.5,5.0,914.0,16.0,,0.0,,0.0,,0.0,876.5,16.0,855.0,1.0,,0.0,,0.0,,0.0
2023-04-27 22:14:48.0,1682604888000000000,912.5,912.5,898.0,681.0,6.0,54025.0,906.0,5.0,914.0,16.0,,0.0,,0.0,,0.0,876.5,16.0,855.0,1.0,,0.0,,0.0,,0.0
2023-04-27 22:14:50.25,1682604890250000000,912.5,912.5,898.0,681.0,6.0,54025.0,914.0,16.0,,0.0,,0.0,,0.0,,0.0,876.5,16.0,855.0,1.0,,0.0,,0.0,,0.0
2023-04-27 22:14:50.5,1682604890500000000,912.5,912.5,898.0,681.0,6.0,54025.0,913.5,10.0,914.0,16.0,,0.0,,0.0,,0.0,876.5,16.0,855.0,1.0,,0.0,,0.0,,0.0
2023-04-27 22:17:33.5,1682605053500000000,912.5,912.5,898.0,681.0,6.0,54025.0,901.5,5.0,913.5,10.0,914.0,16.0,,0.0,,0.0,876.5,16.0,855.0,1.0,,0.0,,0.0,,0.0
2023-04-27 22:17:33.75,1682605053750000000,912.5,912.5,898.0,681.0,6.0,54025.0,901.5,5.0,914.0,16.0,,0.0,,0.0,,0.0,876.5,16.0,855.0,1.0,,0.0,,0.0,,0.0
2023-04-27 22:17:56.75,1682605076750000000,912.5,912.5,898.0,681.0,6.0,54025.0,903.0,5.0,914.0,16.0,,0.0,,0.0,,0.0,876.5,16.0,855.0,1.0,,0.0,,0.0,,0.0
2023-04-27 22:18:30.0,1682605110000000000,912.5,912.5,898.0,681.0,6.0,54025.0,901.5,5.0,914.0,16.0,,0.0,,0.0,,0.0,876.5,16.0,855.0,1.0,,0.0,,0.0,,0.0
2023-04-27 22:18:41.25,1682605121250000000,912.5,912.5,898.0,681.0,6.0,54025.0,900.0,5.0,914.0,16.0,,0.0,,0.0,,0.0,876.5,16.0,855.0,1.0,,0.0,,0.0,,0.0
2023-04-27 22:19:21.5,1682605161500000000,912.5,912.5,898.0,681.0,6.0,54025.0,901.5,5.0,914.0,16.0,,0.0,,0.0,,0.0,876.5,16.0,855.0,1.0,,0.0,,0.0,,0.0
2023-04-27 22:20:01.75,1682605201750000000,912.5,912.5,898.0,681.0,6.0,54025.0,900.0,5.0,914.0,16.0,,0.0,,0.0,,0.0,876.5,16.0,855.0,1.0,,0.0,,0.0,,0.0
2023-04-27 22:20:24.75,1682605224750000000,912.5,912.5,898.0,681.0,6.0,54025.0,901.5,5.0,914.0,16.0,,0.0,,0.0,,0.0,876.5,16.0,855.0,1.0,,0.0,,0.0,,0.0
2023-04-27 22:20:43.0,1682605243000000000,912.5,912.5,898.0,681.0,6.0,54025.0,904.0,5.0,914.0,16.0,,0.0,,0.0,,0.0,876.5,16.0,855.0,1.0,,0.0,,0.0,,0.0
2023-04-27 22:21:02.5,1682605262500000000,912.5,912.5,898.0,681.0,6.0,54025.0,902.5,5.0,914.0,16.0,,0.0,,0.0,,0.0,876.5,16.0,855.0,1.0,,0.0,,0.0,,0.0
2023-04-27 22:21:23.0,1682605283000000000,912.5,912.5,898.0,681.0,6.0,54025.0,900.0,5.0,914.0,16.0,,0.0,,0.0,,0.0,876.5,16.0,855.0,1.0,,0.0,,0.0,,0.0
2023-04-27 22:21:33.75,1682605293750000000,912.5,912.5,898.0,681.0,6.0,54025.0,898.0,5.0,914.0,16.0,,0.0,,0.0,,0.0,876.5,16.0,855.0,1.0,,0.0,,0.0,,0.0
2023-04-27 22:21:40.75,1682605300750000000,912.5,912.5,898.0,681.0,6.0,54025.0,899.5,5.0,914.0,16.0,,0.0,,0.0,,0.0,876.5,16.0,855.0,1.0,,0.0,,0.0,,0.0
2023-04-27 22:22:02.25,1682605322250000000,912.5,912.5,898.0,681.0,6.0,54025.0,898.0,5.0,914.0,16.0,,0.0,,0.0,,0.0,876.5,16.0,855.0,1.0,,0.0,,0.0,,0.0
2023-04-27 22:23:27.0,1682605407000000000,912.5,912.5,898.0,681.0,6.0,54025.0,896.5,5.0,914.0,16.0,,0.0,,0.0,,0.0,876.5,16.0,855.0,1.0,,0.0,,0.0,,0.0
2023-04-27 22:23:28.25,1682605408250000000,912.5,912.5,898.0,681.0,6.0,54025.0,894.0,5.0,914.0,16.0,,0.0,,0.0,,0.0,876.5,16.0,855.0,1.0,,0.0,,0.0,,0.0
2023-04-27 22:23:32.0,1682605412000000000,912.5,912.5,898.0,681.0,6.0,54025.0,895.5,5.0,914.0,16.0,,0.0,,0.0,,0.0,876.5,16.0,855.0,1.0,,0.0,,0.0,,0.0
2023-04-27 22:24:00.5,1682605440500000000,912.5,912.5,898.0,681.0,6.0,54025.0,897.0,5.0,914.0,16.0,,0.0,,0.0,,0.0,876.5,16.0,855.0,1.0,,0.0,,0.0,,0.0
2023-04-27 22:24:21.75,1682605461750000000,912.5,912.5,898.0,681.0,6.0,54025.0,898.5,5.0,914.0,16.0,,0.0,,0.0,,0.0,876.5,16.0,855.0,1.0,,0.0,,0.0,,0.0
2023-04-27 22:24:49.0,1682605489000000000,912.5,912.5,898.0,681.0,6.0,54025.0,897.0,5.0,914.0,16.0,,0.0,,0.0,,0.0,876.5,16.0,855.0,1.0,,0.0,,0.0,,0.0
2023-04-27 22:25:08.25,1682605508250000000,912.5,912.5,898.0,681.0,6.0,54025.0,898.5,5.0,914.0,16.0,,0.0,,0.0,,0.0,876.5,16.0,855.0,1.0,,0.0,,0.0,,0.0
2023-04-27 22:25:34.75,1682605534750000000,912.5,912.5,898.0,681.0,6.0,54025.0,897.0,5.0,914.0,16.0,,0.0,,0.0,,0.0,876.5,16.0,855.0,1.0,,0.0,,0.0,,0.0
2023-04-27 22:25:38.5,1682605538500000000,912.5,912.5,898.0,681.0,6.0,54025.0,895.5,5.0,914.0,16.0,,0.0,,0.0,,0.0,876.5,16.0,855.0,1.0,,0.0,,0.0,,0.0
2023-04-27 22:26:01.5,1682605561500000000,912.5,912.5,898.0,681.0,6.0,54025.0,897.0,5.0,914.0,16.0,,0.0,,0.0,,0.0,876.5,16.0,855.0,1.0,,0.0,,0.0,,0.0
2023-04-27 22:26:01.75,1682605561750000000,912.5,912.5,898.0,681.0,6.0,54025.0,895.0,5.0,914.0,16.0,,0.0,,0.0,,0.0,876.5,16.0,855.0,1.0,,0.0,,0.0,,0.0
2023-04-27 22:26:06.0,1682605566000000000,912.5,912.5,898.0,681.0,6.0,54025.0,893.5,5.0,914.0,16.0,,0.0,,0.0,,0.0,876.5,16.0,855.0,1.0,,0.0,,0.0,,0.0
2023-04-27 22:27:06.25,1682605626250000000,912.5,912.5,898.0,681.0,6.0,54025.0,895.0,5.0,914.0,16.0,,0.0,,0.0,,0.0,876.5,16.0,855.0,1.0,,0.0,,0.0,,0.0
2023-04-27 22:27:35.75,1682605655750000000,912.5,912.5,898.0,681.0,6.0,54025.0,893.5,5.0,914.0,16.0,,0.0,,0.0,,0.0,876.5,16.0,855.0,1.0,,0.0,,0.0,,0.0
2023-04-27 22:27:39.0,1682605659000000000,912.5,912.5,898.0,681.0,6.0,54025.0,892.0,5.0,914.0,16.0,,0.0,,0.0,,0.0,876.5,16.0,855.0,1.0,,0.0,,0.0,,0.0
2023-04-27 22:28:01.5,1682605681500000000,912.5,912.5,898.0,681.0,6.0,54025.0,890.5,5.0,914.0,16.0,,0.0,,0.0,,0.0,876.5,16.0,855.0,1.0,,0.0,,0.0,,0.0
2023-04-27 22:28:05.0,1682605685000000000,912.5,912.5,898.0,681.0,6.0,54025.0,892.0,5.0,914.0,16.0,,0.0,,0.0,,0.0,876.5,16.0,855.0,1.0,,0.0,,0.0,,0.0
2023-04-27 22:28:17.75,1682605697750000000,912.5,912.5,898.0,681.0,6.0,54025.0,893.5,5.0,914.0,16.0,,0.0,,0.0,,0.0,876.5,16.0,855.0,1.0,,0.0,,0.0,,0.0
2023-04-27 22:28:51.5,1682605731500000000,912.5,912.5,898.0,681.0,6.0,54025.0,892.0,5.0,914.0,16.0,,0.0,,0.0,,0.0,876.5,16.0,855.0,1.0,,0.0,,0.0,,0.0
2023-04-27 22:28:58.25,1682605738250000000,912.5,912.5,898.0,681.0,6.0,54025.0,890.5,5.0,914.0,16.0,,0.0,,0.0,,0.0,876.5,16.0,855.0,1.0,,0.0,,0.0,,0.0
2023-04-27 22:29:12.75,1682605752750000000,912.5,912.5,898.0,681.0,6.0,54025.0,892.0,5.0,914.0,16.0,,0.0,,0.0,,0.0,876.5,16.0,855.0,1.0,,0.0,,0.0,,0.0
2023-04-27 22:29:32.5,1682605772500000000,912.5,912.5,898.0,681.0,6.0,54025.0,890.5,5.0,914.0,16.0,,0.0,,0.0,,0.0,876.5,16.0,855.0,1.0,,0.0,,0.0,,0.0
2023-04-27 22:29:53.75,1682605793750000000,912.5,912.5,898.0,681.0,6.0,54025.0,888.0,5.0,914.0,16.0,,0.0,,0.0,,0.0,876.5,16.0,855.0,1.0,,0.0,,0.0,,0.0
2023-04-27 22:29:54.25,1682605794250000000,912.5,912.5,898.0,681.0,6.0,54025.0,886.5,5.0,914.0,16.0,,0.0,,0.0,,0.0,876.5,16.0,855.0,1.0,,0.0,,0.0,,0.0
2023-04-27 22:29:55.75,1682605795750000000,912.5,912.5,898.0,681.0,6.0,54025.0,886.5,5.0,914.0,16.0,,0.0,,0.0,,0.0,855.0,1.0,852.5,16.0,,0.0,,0.0,,0.0
2023-04-27 22:30:21.0,1682605821000000000,912.5,912.5,898.0,681.0,6.0,54025.0,885.0,5.0,914.0,16.0,,0.0,,0.0,,0.0,855.0,1.0,852.5,16.0,,0.0,,0.0,,0.0
2023-04-27 22:30:41.75,1682605841750000000,912.5,912.5,898.0,681.0,6.0,54025.0,886.5,5.0,914.0,16.0,,0.0,,0.0,,0.0,855.0,1.0,852.5,16.0,,0.0,,0.0,,0.0
2023-04-27 22:30:48.25,1682605848250000000,912.5,912.5,898.0,681.0,6.0,54025.0,888.5,5.0,914.0,16.0,,0.0,,0.0,,0.0,855.0,1.0,852.5,16.0,,0.0,,0.0,,0.0
2023-04-27 22:30:52.75,1682605852750000000,912.5,912.5,898.0,681.0,6.0,54025.0,887.0,5.0,914.0,16.0,,0.0,,0.0,,0.0,855.0,1.0,852.5,16.0,,0.0,,0.0,,0.0
2023-04-27 22:30:54.25,1682605854250000000,912.5,912.5,898.0,681.0,6.0,54025.0,888.5,5.0,914.0,16.0,,0.0,,0.0,,0.0,855.0,1.0,852.5,16.0,,0.0,,0.0,,0.0
2023-04-27 22:31:00.5,1682605860500000000,912.5,912.5,898.0,681.0,6.0,54025.0,887.0,5.0,914.0,16.0,,0.0,,0.0,,0.0,855.0,1.0,852.5,16.0,,0.0,,0.0,,0.0
2023-04-27 22:31:04.0,1682605864000000000,912.5,912.5,898.0,681.0,6.0,54025.0,885.5,5.0,914.0,16.0,,0.0,,0.0,,0.0,855.0,1.0,852.5,16.0,,0.0,,0.0,,0.0
2023-04-27 22:31:05.5,1682605865500000000,912.5,912.5,898.0,681.0,6.0,54025.0,884.0,5.0,914.0,16.0,,0.0,,0.0,,0.0,855.0,1.0,852.5,16.0,,0.0,,0.0,,0.0
2023-04-27 22:31:06.75,1682605866750000000,912.5,912.5,898.0,681.0,6.0,54025.0,882.5,5.0,914.0,16.0,,0.0,,0.0,,0.0,855.0,1.0,852.5,16.0,,0.0,,0.0,,0.0
2023-04-27 22:31:08.0,1682605868000000000,912.5,912.5,898.0,681.0,6.0,54025.0,881.0,5.0,914.0,16.0,,0.0,,0.0,,0.0,855.0,1.0,852.5,16.0,,0.0,,0.0,,0.0
2023-04-27 22:31:09.0,1682605869000000000,912.5,912.5,898.0,681.0,6.0,54025.0,878.0,5.0,914.0,16.0,,0.0,,0.0,,0.0,855.0,1.0,852.5,16.0,,0.0,,0.0,,0.0
2023-04-27 22:31:09.5,1682605869500000000,912.5,912.5,898.0,681.0,6.0,54025.0,876.5,5.0,914.0,16.0,,0.0,,0.0,,0.0,855.0,1.0,852.5,16.0,,0.0,,0.0,,0.0
2023-04-27 22:31:09.75,1682605869750000000,912.5,912.5,898.0,681.0,6.0,54025.0,878.5,5.0,914.0,16.0,,0.0,,0.0,,0.0,855.0,1.0,852.5,16.0,,0.0,,0.0,,0.0
2023-04-27 22:31:11.25,1682605871250000000,912.5,912.5,898.0,681.0,6.0,54025.0,877.0,5.0,914.0,16.0,,0.0,,0.0,,0.0,855.0,1.0,852.5,16.0,,0.0,,0.0,,0.0
2023-04-27 22:31:11.75,1682605871750000000,912.5,912.5,898.0,681.0,6.0,54025.0,875.5,5.0,914.0,16.0,,0.0,,0.0,,0.0,855.0,1.0,852.5,16.0,,0.0,,0.0,,0.0
2023-04-27 22:31:17.0,1682605877000000000,912.5,912.5,898.0,681.0,6.0,54025.0,874.0,5.0,914.0,16.0,,0.0,,0.0,,0.0,855.0,1.0,852.5,16.0,,0.0,,0.0,,0.0
2023-04-27 22:31:18.0,1682605878000000000,912.5,912.5,898.0,681.0,6.0,54025.0,875.5,5.0,914.0,16.0,,0.0,,0.0,,0.0,855.0,1.0,852.5,16.0,,0.0,,0.0,,0.0
2023-04-27 22:31:18.75,1682605878750000000,912.5,912.5,898.0,681.0,6.0,54025.0,877.0,5.0,914.0,16.0,,0.0,,0.0,,0.0,855.0,1.0,852.5,16.0,,0.0,,0.0,,0.0
2023-04-27 22:31:21.25,1682605881250000000,912.5,912.5,898.0,681.0,6.0,54025.0,878.5,5.0,914.0,16.0,,0.0,,0.0,,0.0,855.0,1.0,852.5,16.0,,0.0,,0.0,,0.0
2023-04-27 22:31:22.75,1682605882750000000,912.5,912.5,898.0,681.0,6.0,54025.0,877.0,5.0,914.0,16.0,,0.0,,0.0,,0.0,855.0,1.0,852.5,16.0,,0.0,,0.0,,0.0
2023-04-27 22:31:24.25,1682605884250000000,912.5,912.5,898.0,681.0,6.0,54025.0,875.5,5.0,914.0,16.0,,0.0,,0.0,,0.0,855.0,1.0,852.5,16.0,,0.0,,0.0,,0.0
2023-04-27 22:31:25.5,1682605885500000000,912.5,912.5,898.0,681.0,6.0,54025.0,873.5,5.0,914.0,16.0,,0.0,,0.0,,0.0,855.0,1.0,852.5,16.0,,0.0,,0.0,,0.0
2023-04-27 22:31:28.0,1682605888000000000,912.5,912.5,898.0,681.0,6.0,54025.0,875.0,5.0,914.0,16.0,,0.0,,0.0,,0.0,855.0,1.0,852.5,16.0,,0.0,,0.0,,0.0
2023-04-27 22:31:29.25,1682605889250000000,912.5,912.5,898.0,681.0,6.0,54025.0,873.5,5.0,914.0,16.0,,0.0,,0.0,,0.0,855.0,1.0,852.5,16.0,,0.0,,0.0,,0.0
2023-04-27 22:31:30.5,1682605890500000000,912.5,912.5,898.0,681.0,6.0,54025.0,873.5,5.0,914.0,16.0,,0.0,,0.0,,0.0,852.5,16.0,,0.0,,0.0,,0.0,,0.0
2023-04-27 22:31:30.75,1682605890750000000,912.5,912.5,898.0,681.0,6.0,54025.0,872.0,5.0,914.0,16.0,,0.0,,0.0,,0.0,852.5,16.0,,0.0,,0.0,,0.0,,0.0
2023-04-27 22:31:33.5,1682605893500000000,912.5,912.5,898.0,681.0,6.0,54025.0,870.5,5.0,914.0,16.0,,0.0,,0.0,,0.0,852.5,16.0,,0.0,,0.0,,0.0,,0.0
2023-04-27 22:31:36.0,1682605896000000000,912.5,912.5,898.0,681.0,6.0,54025.0,872.0,5.0,914.0,16.0,,0.0,,0.0,,0.0,852.5,16.0,,0.0,,0.0,,0.0,,0.0
2023-04-27 22:31:41.0,1682605901000000000,912.5,912.5,898.0,681.0,6.0,54025.0,873.5,5.0,914.0,16.0,,0.0,,0.0,,0.0,852.5,16.0,,0.0,,0.0,,0.0,,0.0
2023-04-27 22:31:44.0,1682605904000000000,912.5,912.5,898.0,681.0,6.0,54025.0,875.0,5.0,914.0,16.0,,0.0,,0.0,,0.0,852.5,16.0,,0.0,,0.0,,0.0,,0.0
2023-04-27 22:31:45.5,1682605905500000000,912.5,912.5,898.0,681.0,6.0,54025.0,873.5,5.0,914.0,16.0,,0.0,,0.0,,0.0,852.5,16.0,,0.0,,0.0,,0.0,,0.0
2023-04-27 22:31:50.0,1682605910000000000,912.5,912.5,898.0,681.0,6.0,54025.0,872.0,5.0,914.0,16.0,,0.0,,0.0,,0.0,852.5,16.0,,0.0,,0.0,,0.0,,0.0
2023-04-27 22:31:52.25,1682605912250000000,912.5,912.5,898.0,681.0,6.0,54025.0,870.5,5.0,914.0,16.0,,0.0,,0.0,,0.0,852.5,16.0,,0.0,,0.0,,0.0,,0.0
2023-04-27 22:31:53.0,1682605913000000000,912.5,912.5,898.0,681.0,6.0,54025.0,869.0,5.0,914.0,16.0,,0.0,,0.0,,0.0,852.5,16.0,,0.0,,0.0,,0.0,,0.0
2023-04-27 22:31:58.25,1682605918250000000,912.5,912.5,898.0,681.0,6.0,54025.0,870.5,5.0,914.0,16.0,,0.0,,0.0,,0.0,852.5,16.0,,0.0,,0.0,,0.0,,0.0
2023-04-27 22:32:02.5,1682605922500000000,912.5,912.5,898.0,681.0,6.0,54025.0,872.0,5.0,914.0,16.0,,0.0,,0.0,,0.0,852.5,16.0,,0.0,,0.0,,0.0,,0.0
2023-04-27 22:32:08.75,1682605928750000000,912.5,912.5,898.0,681.0,6.0,54025.0,873.5,5.0,914.0,16.0,,0.0,,0.0,,0.0,852.5,16.0,,0.0,,0.0,,0.0,,0.0
2023-04-27 22:32:10.0,1682605930000000000,912.5,912.5,898.0,681.0,6.0,54025.0,875.0,5.0,914.0,16.0,,0.0,,0.0,,0.0,852.5,16.0,,0.0,,0.0,,0.0,,0.0
2023-04-27 22:32:15.5,1682605935500000000,912.5,912.5,898.0,681.0,6.0,54025.0,873.0,5.0,914.0,16.0,,0.0,,0.0,,0.0,852.5,16.0,,0.0,,0.0,,0.0,,0.0
2023-04-27 22:32:21.75,1682605941750000000,912.5,912.5,898.0,681.0,6.0,54025.0,871.5,5.0,914.0,16.0,,0.0,,0.0,,0.0,852.5,16.0,,0.0,,0.0,,0.0,,0.0
2023-04-27 22:32:30.75,1682605950750000000,912.5,912.5,898.0,681.0,6.0,54025.0,869.5,5.0,914.0,16.0,,0.0,,0.0,,0.0,852.5,16.0,,0.0,,0.0,,0.0,,0.0
2023-04-27 22:32:32.5,1682605952500000000,912.5,912.5,898.0,681.0,6.0,54025.0,871.0,5.0,914.0,16.0,,0.0,,0.0,,0.0,852.5,16.0,,0.0,,0.0,,0.0,,0.0
2023-04-27 22:32:36.75,1682605956750000000,912.5,912.5,898.0,681.0,6.0,54025.0,869.5,5.0,914.0,16.0,,0.0,,0.0,,0.0,852.5,16.0,,0.0,,0.0,,0.0,,0.0
2023-04-27 22:32:41.75,1682605961750000000,912.5,912.5,898.0,681.0,6.0,54025.0,871.0,5.0,914.0,16.0,,0.0,,0.0,,0.0,852.5,16.0,,0.0,,0.0,,0.0,,0.0
2023-04-27 22:32:46.75,1682605966750000000,912.5,912.5,898.0,681.0,6.0,54025.0,869.5,5.0,914.0,16.0,,0.0,,0.0,,0.0,852.5,16.0,,0.0,,0.0,,0.0,,0.0
2023-04-27 22:32:50.5,1682605970500000000,912.5,912.5,898.0,681.0,6.0,54025.0,868.0,5.0,914.0,16.0,,0.0,,0.0,,0.0,852.5,16.0,,0.0,,0.0,,0.0,,0.0
2023-04-27 22:32:53.5,1682605973500000000,912.5,912.5,898.0,681.0,6.0,54025.0,870.0,5.0,914.0,16.0,,0.0,,0.0,,0.0,852.5,16.0,,0.0,,0.0,,0.0,,0.0
2023-04-27 22:33:00.5,1682605980500000000,912.5,912.5,898.0,681.0,6.0,54025.0,872.0,5.0,914.0,16.0,,0.0,,0.0,,0.0,852.5,16.0,,0.0,,0.0,,0.0,,0.0
2023-04-27 22:33:02.25,1682605982250000000,912.5,912.5,898.0,681.0,6.0,54025.0,869.5,5.0,914.0,16.0,,0.0,,0.0,,0.0,852.5,16.0,,0.0,,0.0,,0.0,,0.0
2023-04-27 22:33:03.0,1682605983000000000,912.5,912.5,898.0,681.0,6.0,54025.0,868.0,5.0,914.0,16.0,,0.0,,0.0,,0.0,852.5,16.0,,0.0,,0.0,,0.0,,0.0
2023-04-27 22:33:11.5,1682605991500000000,912.5,912.5,898.0,681.0,6.0,54025.0,869.5,5.0,914.0,16.0,,0.0,,0.0,,0.0,852.5,16.0,,0.0,,0.0,,0.0,,0.0
2023-04-27 22:33:17.25,1682605997250000000,912.5,912.5,898.0,681.0,6.0,54025.0,868.0,5.0,914.0,16.0,,0.0,,0.0,,0.0,852.5,16.0,,0.0,,0.0,,0.0,,0.0
2023-04-27 22:33:25.25,1682606005250000000,912.5,912.5,898.0,681.0,6.0,54025.0,866.5,5.0,914.0,16.0,,0.0,,0.0,,0.0,852.5,16.0,,0.0,,0.0,,0.0,,0.0
2023-04-27 22:33:25.5,1682606005500000000,912.5,912.5,898.0,681.0,6.0,54025.0,866.5,5.0,893.0,16.0,,0.0,,0.0,,0.0,852.5,16.0,,0.0,,0.0,,0.0,,0.0
2023-04-27 22:33:29.0,1682606009000000000,912.5,912.5,898.0,681.0,6.0,54025.0,865.0,5.0,893.0,16.0,,0.0,,0.0,,0.0,852.5,16.0,,0.0,,0.0,,0.0,,0.0
2023-04-27 22:33:36.0,1682606016000000000,912.5,912.5,898.0,681.0,6.0,54025.0,863.5,5.0,893.0,16.0,,0.0,,0.0,,0.0,852.5,16.0,,0.0,,0.0,,0.0,,0.0
2023-04-27 22:33:42.5,1682606022500000000,912.5,912.5,898.0,681.0,6.0,54025.0,865.0,5.0,893.0,16.0,,0.0,,0.0,,0.0,852.5,16.0,,0.0,,0.0,,0.0,,0.0
2023-04-27 22:33:46.5,1682606026500000000,912.5,912.5,898.0,681.0,6.0,54025.0,866.5,5.0,893.0,16.0,,0.0,,0.0,,0.0,852.5,16.0,,0.0,,0.0,,0.0,,0.0
2023-04-27 22:33:51.5,1682606031500000000,912.5,912.5,898.0,681.0,6.0,54025.0,868.0,5.0,893.0,16.0,,0.0,,0.0,,0.0,852.5,16.0,,0.0,,0.0,,0.0,,0.0
2023-04-27 22:33:53.75,1682606033750000000,912.5,912.5,898.0,681.0,6.0,54025.0,866.5,5.0,893.0,16.0,,0.0,,0.0,,0.0,852.5,16.0,,0.0,,0.0,,0.0,,0.0
2023-04-27 22:33:55.5,1682606035500000000,912.5,912.5,898.0,681.0,6.0,54025.0,868.0,5.0,893.0,16.0,,0.0,,0.0,,0.0,852.5,16.0,,0.0,,0.0,,0.0,,0.0
2023-04-27 22:34:02.75,1682606042750000000,912.5,912.5,898.0,681.0,6.0,54025.0,866.5,5.0,893.0,16.0,,0.0,,0.0,,0.0,852.5,16.0,,0.0,,0.0,,0.0,,0.0
2023-04-27 22:34:06.75,1682606046750000000,912.5,912.5,898.0,681.0,6.0,54025.0,865.0,5.0,893.0,16.0,,0.0,,0.0,,0.0,852.5,16.0,,0.0,,0.0,,0.0,,0.0
2023-04-27 22:34:11.0,1682606051000000000,912.5,912.5,898.0,681.0,6.0,54025.0,863.5,5.0,893.0,16.0,,0.0,,0.0,,0.0,852.5,16.0,,0.0,,0.0,,0.0,,0.0
2023-04-27 22:34:12.75,1682606052750000000,912.5,912.5,898.0,681.0,6.0,54025.0,863.5,5.0,893.0,16.0,,0.0,,0.0,,0.0,828.5,16.0,,0.0,,0.0,,0.0,,0.0
2023-04-27 22:34:13.0,1682606053000000000,912.5,912.5,898.0,681.0,6.0,54025.0,862.0,5.0,893.0,16.0,,0.0,,0.0,,0.0,828.5,16.0,,0.0,,0.0,,0.0,,0.0
2023-04-27 22:34:13.25,1682606053250000000,912.5,912.5,898.0,681.0,6.0,54025.0,860.0,5.0,893.0,16.0,,0.0,,0.0,,0.0,828.5,16.0,,0.0,,0.0,,0.0,,0.0
2023-04-27 22:34:13.5,1682606053500000000,912.5,912.5,898.0,681.0,6.0,54025.0,858.5,5.0,893.0,16.0,,0.0,,0.0,,0.0,828.5,16.0,,0.0,,0.0,,0.0,,0.0
2023-04-27 22:34:14.25,1682606054250000000,912.5,912.5,898.0,681.0,6.0,54025.0,861.5,5.0,893.0,16.0,,0.0,,0.0,,0.0,828.5,16.0,,0.0,,0.0,,0.0,,0.0
2023-04-27 22:34:15.0,1682606055000000000,912.5,912.5,898.0,681.0,6.0,54025.0,859.5,5.0,893.0,16.0,,0.0,,0.0,,0.0,828.5,16.0,,0.0,,0.0,,0.0,,0.0
2023-04-27 22:34:16.25,1682606056250000000,912.5,912.5,898.0,681.0,6.0,54025.0,861.5,5.0,893.0,16.0,,0.0,,0.0,,0.0,828.5,16.0,,0.0,,0.0,,0.0,,0.0
2023-04-27 22:34:21.5,1682606061500000000,912.5,912.5,898.0,681.0,6.0,54025.0,860.0,5.0,893.0,16.0,,0.0,,0.0,,0.0,828.5,16.0,,0.0,,0.0,,0.0,,0.0
2023-04-27 22:34:27.0,1682606067000000000,912.5,912.5,898.0,681.0,6.0,54025.0,861.5,5.0,893.0,16.0,,0.0,,0.0,,0.0,828.5,16.0,,0.0,,0.0,,0.0,,0.0
2023-04-27 22:34:30.5,1682606070500000000,912.5,912.5,898.0,681.0,6.0,54025.0,863.0,5.0,893.0,16.0,,0.0,,0.0,,0.0,828.5,16.0,,0.0,,0.0,,0.0,,0.0
2023-04-27 22:34:38.75,1682606078750000000,912.5,912.5,898.0,681.0,6.0,54025.0,861.5,5.0,893.0,16.0,,0.0,,0.0,,0.0,828.5,16.0,,0.0,,0.0,,0.0,,0.0
2023-04-27 22:34:51.5,1682606091500000000,912.5,912.5,898.0,681.0,6.0,54025.0,860.0,5.0,893.0,16.0,,0.0,,0.0,,0.0,828.5,16.0,,0.0,,0.0,,0.0,,0.0
2023-04-27 22:34:55.75,1682606095750000000,912.5,912.5,898.0,681.0,6.0,54025.0,861.5,5.0,893.0,16.0,,0.0,,0.0,,0.0,828.5,16.0,,0.0,,0.0,,0.0,,0.0
2023-04-27 22:35:02.75,1682606102750000000,912.5,912.5,898.0,681.0,6.0,54025.0,863.5,5.0,893.0,16.0,,0.0,,0.0,,0.0,828.5,16.0,,0.0,,0.0,,0.0,,0.0
2023-04-27 22:35:04.0,1682606104000000000,912.5,912.5,898.0,681.0,6.0,54025.0,865.0,5.0,893.0,16.0,,0.0,,0.0,,0.0,828.5,16.0,,0.0,,0.0,,0.0,,0.0
2023-04-27 22:35:06.25,1682606106250000000,912.5,912.5,898.0,681.0,6.0,54025.0,867.5,5.0,893.0,16.0,,0.0,,0.0,,0.0,828.5,16.0,,0.0,,0.0,,0.0,,0.0
2023-04-27 22:35:07.75,1682606107750000000,912.5,912.5,898.0,681.0,6.0,54025.0,866.0,5.0,893.0,16.0,,0.0,,0.0,,0.0,828.5,16.0,,0.0,,0.0,,0.0,,0.0
2023-04-27 22:35:16.25,1682606116250000000,912.5,912.5,898.0,681.0,6.0,54025.0,867.5,5.0,893.0,16.0,,0.0,,0.0,,0.0,828.5,16.0,,0.0,,0.0,,0.0,,0.0
2023-04-27 22:35:29.75,1682606129750000000,912.5,912.5,898.0,681.0,6.0,54025.0,866.0,5.0,893.0,16.0,,0.0,,0.0,,0.0,828.5,16.0,,0.0,,0.0,,0.0,,0.0
2023-04-27 22:35:34.0,1682606134000000000,912.5,912.5,898.0,681.0,6.0,54025.0,864.5,5.0,893.0,16.0,,0.0,,0.0,,0.0,828.5,16.0,,0.0,,0.0,,0.0,,0.0
2023-04-27 22:35:43.5,1682606143500000000,912.5,912.5,898.0,681.0,6.0,54025.0,866.0,5.0,893.0,16.0,,0.0,,0.0,,0.0,828.5,16.0,,0.0,,0.0,,0.0,,0.0
2023-04-27 22:35:44.25,1682606144250000000,912.5,912.5,898.0,681.0,6.0,54025.0,864.5,5.0,893.0,16.0,,0.0,,0.0,,0.0,828.5,16.0,,0.0,,0.0,,0.0,,0.0
2023-04-27 22:35:54.75,1682606154750000000,912.5,912.5,898.0,681.0,6.0,54025.0,863.0,5.0,893.0,16.0,,0.0,,0.0,,0.0,828.5,16.0,,0.0,,0.0,,0.0,,0.0
2023-04-27 22:35:57.0,1682606157000000000,912.5,912.5,898.0,681.0,6.0,54025.0,861.5,5.0,893.0,16.0,,0.0,,0.0,,0.0,828.5,16.0,,0.0,,0.0,,0.0,,0.0
2023-04-27 22:35:57.75,1682606157750000000,912.5,912.5,898.0,681.0,6.0,54025.0,860.0,5.0,893.0,16.0,,0.0,,0.0,,0.0,828.5,16.0,,0.0,,0.0,,0.0,,0.0
2023-04-27 22:36:00.75,1682606160750000000,912.5,912.5,898.0,681.0,6.0,54025.0,863.0,5.0,893.0,16.0,,0.0,,0.0,,0.0,828.5,16.0,,0.0,,0.0,,0.0,,0.0
2023-04-27 22:36:09.75,1682606169750000000,912.5,912.5,898.0,681.0,6.0,54025.0,861.5,5.0,893.0,16.0,,0.0,,0.0,,0.0,828.5,16.0,,0.0,,0.0,,0.0,,0.0
2023-04-27 22:36:12.75,1682606172750000000,912.5,912.5,898.0,681.0,6.0,54025.0,860.0,5.0,893.0,16.0,,0.0,,0.0,,0.0,828.5,16.0,,0.0,,0.0,,0.0,,0.0
2023-04-27 22:36:26.75,1682606186750000000,912.5,912.5,898.0,681.0,6.0,54025.0,861.5,5.0,893.0,16.0,,0.0,,0.0,,0.0,828.5,16.0,,0.0,,0.0,,0.0,,0.0
2023-04-27 22:36:29.25,1682606189250000000,912.5,912.5,898.0,681.0,6.0,54025.0,863.0,5.0,893.0,16.0,,0.0,,0.0,,0.0,828.5,16.0,,0.0,,0.0,,0.0,,0.0
2023-04-27 22:36:36.25,1682606196250000000,912.5,912.5,898.0,681.0,6.0,54025.0,861.5,5.0,893.0,16.0,,0.0,,0.0,,0.0,828.5,16.0,,0.0,,0.0,,0.0,,0.0
2023-04-27 22:36:43.0,1682606203000000000,912.5,912.5,898.0,681.0,6.0,54025.0,860.0,5.0,893.0,16.0,,0.0,,0.0,,0.0,828.5,16.0,,0.0,,0.0,,0.0,,0.0
2023-04-27 22:36:45.5,1682606205500000000,912.5,912.5,898.0,681.0,6.0,54025.0,861.5,5.0,893.0,16.0,,0.0,,0.0,,0.0,828.5,16.0,,0.0,,0.0,,0.0,,0.0
2023-04-27 22:36:54.25,1682606214250000000,912.5,912.5,898.0,681.0,6.0,54025.0,860.0,5.0,893.0,16.0,,0.0,,0.0,,0.0,828.5,16.0,,0.0,,0.0,,0.0,,0.0
2023-04-27 22:36:57.75,1682606217750000000,912.5,912.5,898.0,681.0,6.0,54025.0,861.5,5.0,893.0,16.0,,0.0,,0.0,,0.0,828.5,16.0,,0.0,,0.0,,0.0,,0.0
2023-04-27 22:37:03.5,1682606223500000000,912.5,912.5,898.0,681.0,6.0,54025.0,863.0,5.0,893.0,16.0,,0.0,,0.0,,0.0,828.5,16.0,,0.0,,0.0,,0.0,,0.0
2023-04-27 22:37:07.75,1682606227750000000,912.5,912.5,898.0,681.0,6.0,54025.0,864.5,5.0,893.0,16.0,,0.0,,0.0,,0.0,828.5,16.0,,0.0,,0.0,,0.0,,0.0
2023-04-27 22:37:10.75,1682606230750000000,912.5,912.5,898.0,681.0,6.0,54025.0,866.0,5.0,893.0,16.0,,0.0,,0.0,,0.0,828.5,16.0,,0.0,,0.0,,0.0,,0.0
2023-04-27 22:37:14.75,1682606234750000000,912.5,912.5,898.0,681.0,6.0,54025.0,868.0,5.0,893.0,16.0,,0.0,,0.0,,0.0,828.5,16.0,,0.0,,0.0,,0.0,,0.0
2023-04-27 22:37:15.5,1682606235500000000,912.5,912.5,898.0,681.0,6.0,54025.0,866.5,5.0,893.0,16.0,,0.0,,0.0,,0.0,828.5,16.0,,0.0,,0.0,,0.0,,0.0
2023-04-27 22:37:23.25,1682606243250000000,912.5,912.5,898.0,681.0,6.0,54025.0,868.0,5.0,893.0,16.0,,0.0,,0.0,,0.0,828.5,16.0,,0.0,,0.0,,0.0,,0.0
2023-04-27 22:37:28.5,1682606248500000000,912.5,912.5,898.0,681.0,6.0,54025.0,866.5,5.0,893.0,16.0,,0.0,,0.0,,0.0,828.5,16.0,,0.0,,0.0,,0.0,,0.0
2023-04-27 22:37:31.0,1682606251000000000,912.5,912.5,898.0,681.0,6.0,54025.0,868.0,5.0,893.0,16.0,,0.0,,0.0,,0.0,828.5,16.0,,0.0,,0.0,,0.0,,0.0
2023-04-27 22:37:33.75,1682606253750000000,912.5,912.5,898.0,681.0,6.0,54025.0,866.5,5.0,893.0,16.0,,0.0,,0.0,,0.0,828.5,16.0,,0.0,,0.0,,0.0,,0.0
2023-04-27 22:37:45.75,1682606265750000000,912.5,912.5,898.0,681.0,6.0,54025.0,868.0,5.0,893.0,16.0,,0.0,,0.0,,0.0,828.5,16.0,,0.0,,0.0,,0.0,,0.0
2023-04-27 22:37:52.75,1682606272750000000,912.5,912.5,898.0,681.0,6.0,54025.0,866.0,5.0,893.0,16.0,,0.0,,0.0,,0.0,828.5,16.0,,0.0,,0.0,,0.0,,0.0
2023-04-27 22:38:01.75,1682606281750000000,912.5,912.5,898.0,681.0,6.0,54025.0,867.5,5.0,893.0,16.0,,0.0,,0.0,,0.0,828.5,16.0,,0.0,,0.0,,0.0,,0.0
2023-04-27 22:38:08.25,1682606288250000000,912.5,912.5,898.0,681.0,6.0,54025.0,866.0,5.0,893.0,16.0,,0.0,,0.0,,0.0,828.5,16.0,,0.0,,0.0,,0.0,,0.0
2023-04-27 22:38:12.0,1682606292000000000,912.5,912.5,898.0,681.0,6.0,54025.0,864.5,5.0,893.0,16.0,,0.0,,0.0,,0.0,828.5,16.0,,0.0,,0.0,,0.0,,0.0
2023-04-27 22:38:13.75,1682606293750000000,912.5,912.5,898.0,681.0,6.0,54025.0,863.0,5.0,893.0,16.0,,0.0,,0.0,,0.0,828.5,16.0,,0.0,,0.0,,0.0,,0.0
2023-04-27 22:38:15.0,1682606295000000000,912.5,912.5,898.0,681.0,6.0,54025.0,861.5,5.0,893.0,16.0,,0.0,,0.0,,0.0,828.5,16.0,,0.0,,0.0,,0.0,,0.0
2023-04-27 22:38:21.25,1682606301250000000,912.5,912.5,898.0,681.0,6.0,54025.0,859.5,5.0,893.0,16.0,,0.0,,0.0,,0.0,828.5,16.0,,0.0,,0.0,,0.0,,0.0
2023-04-27 22:38:30.25,1682606310250000000,912.5,912.5,898.0,681.0,6.0,54025.0,858.0,5.0,893.0,16.0,,0.0,,0.0,,0.0,828.5,16.0,,0.0,,0.0,,0.0,,0.0
2023-04-27 22:38:33.75,1682606313750000000,912.5,912.5,898.0,681.0,6.0,54025.0,856.5,5.0,893.0,16.0,,0.0,,0.0,,0.0,828.5,16.0,,0.0,,0.0,,0.0,,0.0
2023-04-27 22:38:35.0,1682606315000000000,912.5,912.5,898.0,681.0,6.0,54025.0,855.0,5.0,893.0,16.0,,0.0,,0.0,,0.0,828.5,16.0,,0.0,,0.0,,0.0,,0.0
2023-04-27 22:38:35.25,1682606315250000000,912.5,912.5,898.0,681.0,6.0,54025.0,853.0,5.0,893.0,16.0,,0.0,,0.0,,0.0,828.5,16.0,,0.0,,0.0,,0.0,,0.0
2023-04-27 22:38:35.5,1682606315500000000,912.5,912.5,898.0,681.0,6.0,54025.0,856.0,5.0,893.0,16.0,,0.0,,0.0,,0.0,828.5,16.0,,0.0,,0.0,,0.0,,0.0
2023-04-27 22:38:38.25,1682606318250000000,912.5,912.5,898.0,681.0,6.0,54025.0,854.5,5.0,893.0,16.0,,0.0,,0.0,,0.0,828.5,16.0,,0.0,,0.0,,0.0,,0.0
2023-04-27 22:38:39.5,1682606319500000000,912.5,912.5,898.0,681.0,6.0,54025.0,853.0,5.0,893.0,16.0,,0.0,,0.0,,0.0,828.5,16.0,,0.0,,0.0,,0.0,,0.0
2023-04-27 22:38:40.5,1682606320500000000,912.5,912.5,898.0,681.0,6.0,54025.0,855.0,5.0,893.0,16.0,,0.0,,0.0,,0.0,828.5,16.0,,0.0,,0.0,,0.0,,0.0
2023-04-27 22:38:42.25,1682606322250000000,912.5,912.5,898.0,681.0,6.0,54025.0,856.5,5.0,893.0,16.0,,0.0,,0.0,,0.0,828.5,16.0,,0.0,,0.0,,0.0,,0.0
2023-04-27 22:38:42.5,1682606322500000000,912.5,912.5,898.0,681.0,6.0,54025.0,855.0,5.0,893.0,16.0,,0.0,,0.0,,0.0,828.5,16.0,,0.0,,0.0,,0.0,,0.0
2023-04-27 22:38:44.25,1682606324250000000,912.5,912.5,898.0,681.0,6.0,54025.0,856.5,5.0,893.0,16.0,,0.0,,0.0,,0.0,828.5,16.0,,0.0,,0.0,,0.0,,0.0
2023-04-27 22:38:46.0,1682606326000000000,912.5,912.5,898.0,681.0,6.0,54025.0,855.0,5.0,893.0,16.0,,0.0,,0.0,,0.0,828.5,16.0,,0.0,,0.0,,0.0,,0.0
2023-04-27 22:38:49.75,1682606329750000000,912.5,912.5,898.0,681.0,6.0,54025.0,856.5,5.0,893.0,16.0,,0.0,,0.0,,0.0,828.5,16.0,,0.0,,0.0,,0.0,,0.0
2023-04-27 22:39:12.5,1682606352500000000,912.5,912.5,898.0,681.0,6.0,54025.0,858.0,5.0,893.0,16.0,,0.0,,0.0,,0.0,828.5,16.0,,0.0,,0.0,,0.0,,0.0
2023-04-27 22:39:16.25,1682606356250000000,912.5,912.5,898.0,681.0,6.0,54025.0,859.5,5.0,893.0,16.0,,0.0,,0.0,,0.0,828.5,16.0,,0.0,,0.0,,0.0,,0.0
2023-04-27 22:39:17.75,1682606357750000000,912.5,912.5,898.0,681.0,6.0,54025.0,861.0,5.0,893.0,16.0,,0.0,,0.0,,0.0,828.5,16.0,,0.0,,0.0,,0.0,,0.0
2023-04-27 22:39:32.5,1682606372500000000,912.5,912.5,898.0,681.0,6.0,54025.0,859.5,5.0,893.0,16.0,,0.0,,0.0,,0.0,828.5,16.0,,0.0,,0.0,,0.0,,0.0
2023-04-27 22:39:43.25,1682606383250000000,912.5,912.5,898.0,681.0,6.0,54025.0,861.0,5.0,893.0,16.0,,0.0,,0.0,,0.0,828.5,16.0,,0.0,,0.0,,0.0,,0.0
2023-04-27 22:39:45.5,1682606385500000000,912.5,912.5,898.0,681.0,6.0,54025.0,863.5,5.0,893.0,16.0,,0.0,,0.0,,0.0,828.5,16.0,,0.0,,0.0,,0.0,,0.0
2023-04-27 22:39:56.0,1682606396000000000,912.5,912.5,898.0,681.0,6.0,54025.0,862.0,5.0,893.0,16.0,,0.0,,0.0,,0.0,828.5,16.0,,0.0,,0.0,,0.0,,0.0
2023-04-27 22:40:09.5,1682606409500000000,912.5,912.5,898.0,681.0,6.0,54025.0,863.0,5.0,893.0,16.0,,0.0,,0.0,,0.0,828.5,16.0,,0.0,,0.0,,0.0,,0.0
2023-04-27 22:40:11.25,1682606411250000000,912.5,912.5,898.0,681.0,6.0,54025.0,865.5,5.0,893.0,16.0,,0.0,,0.0,,0.0,828.5,16.0,,0.0,,0.0,,0.0,,0.0
2023-04-27 22:40:32.25,1682606432250000000,912.5,912.5,898.0,681.0,6.0,54025.0,867.0,5.0,893.0,16.0,,0.0,,0.0,,0.0,828.5,16.0,,0.0,,0.0,,0.0,,0.0
2023-04-27 22:40:33.25,1682606433250000000,912.5,912.5,898.0,681.0,6.0,54025.0,865.5,5.0,893.0,16.0,,0.0,,0.0,,0.0,828.5,16.0,,0.0,,0.0,,0.0,,0.0
2023-04-27 22:40:37.0,1682606437000000000,912.5,912.5,898.0,681.0,6.0,54025.0,864.0,5.0,893.0,16.0,,0.0,,0.0,,0.0,828.5,16.0,,0.0,,0.0,,0.0,,0.0
2023-04-27 22:40:45.25,1682606445250000000,912.5,912.5,898.0,681.0,6.0,54025.0,862.5,5.0,893.0,16.0,,0.0,,0.0,,0.0,828.5,16.0,,0.0,,0.0,,0.0,,0.0
2023-04-27 22:41:01.25,1682606461250000000,912.5,912.5,898.0,681.0,6.0,54025.0,864.0,5.0,893.0,16.0,,0.0,,0.0,,0.0,828.5,16.0,,0.0,,0.0,,0.0,,0.0
2023-04-27 22:41:03.5,1682606463500000000,912.5,912.5,898.0,681.0,6.0,54025.0,862.5,5.0,893.0,16.0,,0.0,,0.0,,0.0,828.5,16.0,,0.0,,0.0,,0.0,,0.0
2023-04-27 22:41:23.25,1682606483250000000,912.5,912.5,898.0,681.0,6.0,54025.0,861.0,5.0,893.0,16.0,,0.0,,0.0,,0.0,828.5,16.0,,0.0,,0.0,,0.0,,0.0
2023-04-27 22:41:27.5,1682606487500000000,912.5,912.5,898.0,681.0,6.0,54025.0,859.5,5.0,893.0,16.0,,0.0,,0.0,,0.0,828.5,16.0,,0.0,,0.0,,0.0,,0.0
2023-04-27 22:41:40.0,1682606500000000000,912.5,912.5,898.0,681.0,6.0,54025.0,858.0,5.0,893.0,16.0,,0.0,,0.0,,0.0,828.5,16.0,,0.0,,0.0,,0.0,,0.0
2023-04-27 22:42:04.75,1682606524750000000,912.5,912.5,898.0,681.0,6.0,54025.0,856.5,5.0,893.0,16.0,,0.0,,0.0,,0.0,828.5,16.0,,0.0,,0.0,,0.0,,0.0
2023-04-27 22:42:11.5,1682606531500000000,912.5,912.5,898.0,681.0,6.0,54025.0,855.0,5.0,893.0,16.0,,0.0,,0.0,,0.0,828.5,16.0,,0.0,,0.0,,0.0,,0.0
2023-04-27 22:42:24.25,1682606544250000000,912.5,912.5,898.0,681.0,6.0,54025.0,853.0,5.0,893.0,16.0,,0.0,,0.0,,0.0,828.5,16.0,,0.0,,0.0,,0.0,,0.0
2023-04-27 22:42:25.75,1682606545750000000,912.5,912.5,898.0,681.0,6.0,54025.0,851.5,5.0,893.0,16.0,,0.0,,0.0,,0.0,828.5,16.0,,0.0,,0.0,,0.0,,0.0
2023-04-27 22:42:28.0,1682606548000000000,912.5,912.5,898.0,681.0,6.0,54025.0,850.0,5.0,893.0,16.0,,0.0,,0.0,,0.0,828.5,16.0,,0.0,,0.0,,0.0,,0.0
2023-04-27 22:42:30.5,1682606550500000000,912.5,912.5,898.0,681.0,6.0,54025.0,851.5,5.0,893.0,16.0,,0.0,,0.0,,0.0,828.5,16.0,,0.0,,0.0,,0.0,,0.0
2023-04-27 22:42:32.25,1682606552250000000,912.5,912.5,898.0,681.0,6.0,54025.0,850.0,5.0,893.0,16.0,,0.0,,0.0,,0.0,828.5,16.0,,0.0,,0.0,,0.0,,0.0
2023-04-27 22:42:42.25,1682606562250000000,912.5,912.5,898.0,681.0,6.0,54025.0,851.5,5.0,893.0,16.0,,0.0,,0.0,,0.0,828.5,16.0,,0.0,,0.0,,0.0,,0.0
2023-04-27 22:42:47.75,1682606567750000000,912.5,912.5,898.0,681.0,6.0,54025.0,853.0,5.0,893.0,16.0,,0.0,,0.0,,0.0,828.5,16.0,,0.0,,0.0,,0.0,,0.0
2023-04-27 22:42:53.0,1682606573000000000,912.5,912.5,898.0,681.0,6.0,54025.0,851.0,5.0,893.0,16.0,,0.0,,0.0,,0.0,828.5,16.0,,0.0,,0.0,,0.0,,0.0
2023-04-27 22:43:07.75,1682606587750000000,912.5,912.5,898.0,681.0,6.0,54025.0,848.0,5.0,893.0,16.0,,0.0,,0.0,,0.0,828.5,16.0,,0.0,,0.0,,0.0,,0.0
2023-04-27 22:43:12.25,1682606592250000000,912.5,912.5,898.0,681.0,6.0,54025.0,846.5,5.0,893.0,16.0,,0.0,,0.0,,0.0,828.5,16.0,,0.0,,0.0,,0.0,,0.0
2023-04-27 22:43:14.25,1682606594250000000,912.5,912.5,898.0,681.0,6.0,54025.0,845.0,5.0,893.0,16.0,,0.0,,0.0,,0.0,828.5,16.0,,0.0,,0.0,,0.0,,0.0
2023-04-27 22:43:15.25,1682606595250000000,912.5,912.5,898.0,681.0,6.0,54025.0,845.0,5.0,872.0,16.0,,0.0,,0.0,,0.0,828.5,16.0,,0.0,,0.0,,0.0,,0.0
2023-04-27 22:43:15.5,1682606595500000000,912.5,912.5,898.0,681.0,6.0,54025.0,843.5,5.0,872.0,16.0,,0.0,,0.0,,0.0,828.5,16.0,,0.0,,0.0,,0.0,,0.0
2023-04-27 22:43:16.75,1682606596750000000,912.5,912.5,898.0,681.0,6.0,54025.0,845.5,5.0,872.0,16.0,,0.0,,0.0,,0.0,828.5,16.0,,0.0,,0.0,,0.0,,0.0
2023-04-27 22:43:20.0,1682606600000000000,912.5,912.5,898.0,681.0,6.0,54025.0,844.0,5.0,872.0,16.0,,0.0,,0.0,,0.0,828.5,16.0,,0.0,,0.0,,0.0,,0.0
2023-04-27 22:43:23.0,1682606603000000000,912.5,912.5,898.0,681.0,6.0,54025.0,845.5,5.0,872.0,16.0,,0.0,,0.0,,0.0,828.5,16.0,,0.0,,0.0,,0.0,,0.0
2023-04-27 22:43:28.25,1682606608250000000,912.5,912.5,898.0,681.0,6.0,54025.0,847.0,5.0,872.0,16.0,,0.0,,0.0,,0.0,828.5,16.0,,0.0,,0.0,,0.0,,0.0
2023-04-27 22:43:51.5,1682606631500000000,912.5,912.5,898.0,681.0,6.0,54025.0,872.0,16.0,,0.0,,0.0,,0.0,,0.0,828.5,16.0,,0.0,,0.0,,0.0,,0.0
2023-04-27 22:43:57.0,1682606637000000000,912.5,912.5,898.0,681.0,6.0,54025.0,871.5,10.0,872.0,16.0,,0.0,,0.0,,0.0,828.5,16.0,,0.0,,0.0,,0.0,,0.0
2023-04-27 22:45:55.5,1682606755500000000,912.5,912.5,898.0,681.0,6.0,54025.0,848.0,5.0,871.5,10.0,872.0,16.0,,0.0,,0.0,828.5,16.0,,0.0,,0.0,,0.0,,0.0
2023-04-27 22:45:55.75,1682606755750000000,912.5,912.5,898.0,681.0,6.0,54025.0,848.0,5.0,872.0,16.0,,0.0,,0.0,,0.0,828.5,16.0,,0.0,,0.0,,0.0,,0.0
2023-04-27 22:46:02.5,1682606762500000000,912.5,912.5,898.0,681.0,6.0,54025.0,846.5,5.0,872.0,16.0,,0.0,,0.0,,0.0,828.5,16.0,,0.0,,0.0,,0.0,,0.0
2023-04-27 22:46:10.5,1682606770500000000,912.5,912.5,898.0,681.0,6.0,54025.0,848.0,5.0,872.0,16.0,,0.0,,0.0,,0.0,828.5,16.0,,0.0,,0.0,,0.0,,0.0
2023-04-27 22:46:28.75,1682606788750000000,912.5,912.5,898.0,681.0,6.0,54025.0,846.5,5.0,872.0,16.0,,0.0,,0.0,,0.0,828.5,16.0,,0.0,,0.0,,0.0,,0.0
2023-04-27 22:46:43.75,1682606803750000000,912.5,912.5,898.0,681.0,6.0,54025.0,845.0,5.0,872.0,16.0,,0.0,,0.0,,0.0,828.5,16.0,,0.0,,0.0,,0.0,,0.0
2023-04-27 22:46:45.25,1682606805250000000,912.5,912.5,898.0,681.0,6.0,54025.0,843.5,5.0,872.0,16.0,,0.0,,0.0,,0.0,828.5,16.0,,0.0,,0.0,,0.0,,0.0
2023-04-27 22:46:51.25,1682606811250000000,912.5,912.5,898.0,681.0,6.0,54025.0,842.0,5.0,872.0,16.0,,0.0,,0.0,,0.0,828.5,16.0,,0.0,,0.0,,0.0,,0.0
2023-04-27 22:46:54.75,1682606814750000000,912.5,912.5,898.0,681.0,6.0,54025.0,840.5,5.0,872.0,16.0,,0.0,,0.0,,0.0,828.5,16.0,,0.0,,0.0,,0.0,,0.0
2023-04-27 22:46:55.25,1682606815250000000,912.5,912.5,898.0,681.0,6.0,54025.0,842.0,5.0,872.0,16.0,,0.0,,0.0,,0.0,828.5,16.0,,0.0,,0.0,,0.0,,0.0
2023-04-27 22:46:56.75,1682606816750000000,912.5,912.5,898.0,681.0,6.0,54025.0,840.5,5.0,872.0,16.0,,0.0,,0.0,,0.0,828.5,16.0,,0.0,,0.0,,0.0,,0.0
2023-04-27 22:47:09.25,1682606829250000000,912.5,912.5,898.0,681.0,6.0,54025.0,842.0,5.0,872.0,16.0,,0.0,,0.0,,0.0,828.5,16.0,,0.0,,0.0,,0.0,,0.0
2023-04-27 22:47:18.0,1682606838000000000,912.5,912.5,898.0,681.0,6.0,54025.0,843.5,5.0,872.0,16.0,,0.0,,0.0,,0.0,828.5,16.0,,0.0,,0.0,,0.0,,0.0
2023-04-27 22:47:24.75,1682606844750000000,912.5,912.5,898.0,681.0,6.0,54025.0,842.0,5.0,872.0,16.0,,0.0,,0.0,,0.0,828.5,16.0,,0.0,,0.0,,0.0,,0.0
2023-04-27 22:47:31.5,1682606851500000000,912.5,912.5,898.0,681.0,6.0,54025.0,843.5,5.0,872.0,16.0,,0.0,,0.0,,0.0,828.5,16.0,,0.0,,0.0,,0.0,,0.0
2023-04-27 22:47:41.75,1682606861750000000,912.5,912.5,898.0,681.0,6.0,54025.0,845.0,5.0,872.0,16.0,,0.0,,0.0,,0.0,828.5,16.0,,0.0,,0.0,,0.0,,0.0
2023-04-27 22:47:45.5,1682606865500000000,912.5,912.5,898.0,681.0,6.0,54025.0,847.0,5.0,872.0,16.0,,0.0,,0.0,,0.0,828.5,16.0,,0.0,,0.0,,0.0,,0.0
2023-04-27 22:48:03.75,1682606883750000000,912.5,912.5,898.0,681.0,6.0,54025.0,845.5,5.0,872.0,16.0,,0.0,,0.0,,0.0,828.5,16.0,,0.0,,0.0,,0.0,,0.0
2023-04-27 22:48:05.5,1682606885500000000,912.5,912.5,898.0,681.0,6.0,54025.0,844.0,5.0,872.0,16.0,,0.0,,0.0,,0.0,828.5,16.0,,0.0,,0.0,,0.0,,0.0
2023-04-27 22:48:09.75,1682606889750000000,912.5,912.5,898.0,681.0,6.0,54025.0,845.5,5.0,872.0,16.0,,0.0,,0.0,,0.0,828.5,16.0,,0.0,,0.0,,0.0,,0.0
2023-04-27 22:48:25.0,1682606905000000000,912.5,912.5,898.0,681.0,6.0,54025.0,847.0,5.0,872.0,16.0,,0.0,,0.0,,0.0,828.5,16.0,,0.0,,0.0,,0.0,,0.0
2023-04-27 22:48:29.25,1682606909250000000,912.5,912.5,898.0,681.0,6.0,54025.0,845.5,5.0,872.0,16.0,,0.0,,0.0,,0.0,828.5,16.0,,0.0,,0.0,,0.0,,0.0
2023-04-27 22:48:40.75,1682606920750000000,912.5,912.5,898.0,681.0,6.0,54025.0,844.0,5.0,872.0,16.0,,0.0,,0.0,,0.0,828.5,16.0,,0.0,,0.0,,0.0,,0.0
2023-04-27 22:48:44.5,1682606924500000000,912.5,912.5,898.0,681.0,6.0,54025.0,842.5,5.0,872.0,16.0,,0.0,,0.0,,0.0,828.5,16.0,,0.0,,0.0,,0.0,,0.0
2023-04-27 22:48:48.25,1682606928250000000,912.5,912.5,898.0,681.0,6.0,54025.0,841.0,5.0,872.0,16.0,,0.0,,0.0,,0.0,828.5,16.0,,0.0,,0.0,,0.0,,0.0
2023-04-27 22:48:54.5,1682606934500000000,912.5,912.5,898.0,681.0,6.0,54025.0,844.5,5.0,872.0,16.0,,0.0,,0.0,,0.0,828.5,16.0,,0.0,,0.0,,0.0,,0.0
2023-04-27 22:49:09.0,1682606949000000000,912.5,912.5,898.0,681.0,6.0,54025.0,846.5,5.0,872.0,16.0,,0.0,,0.0,,0.0,828.5,16.0,,0.0,,0.0,,0.0,,0.0
2023-04-27 22:49:44.0,1682606984000000000,912.5,912.5,898.0,681.0,6.0,54025.0,848.0,5.0,872.0,16.0,,0.0,,0.0,,0.0,828.5,16.0,,0.0,,0.0,,0.0,,0.0
2023-04-27 22:49:53.25,1682606993250000000,912.5,912.5,898.0,681.0,6.0,54025.0,846.5,5.0,872.0,16.0,,0.0,,0.0,,0.0,828.5,16.0,,0.0,,0.0,,0.0,,0.0
2023-04-27 22:49:56.0,1682606996000000000,912.5,912.5,898.0,681.0,6.0,54025.0,848.0,5.0,872.0,16.0,,0.0,,0.0,,0.0,828.5,16.0,,0.0,,0.0,,0.0,,0.0
2023-04-27 22:50:15.0,1682607015000000000,912.5,912.5,898.0,681.0,6.0,54025.0,846.5,5.0,872.0,16.0,,0.0,,0.0,,0.0,828.5,16.0,,0.0,,0.0,,0.0,,0.0
2023-04-27 22:50:19.5,1682607019500000000,912.5,912.5,898.0,681.0,6.0,54025.0,848.0,5.0,872.0,16.0,,0.0,,0.0,,0.0,828.5,16.0,,0.0,,0.0,,0.0,,0.0
2023-04-27 22:50:26.25,1682607026250000000,912.5,912.5,898.0,681.0,6.0,54025.0,846.5,5.0,872.0,16.0,,0.0,,0.0,,0.0,828.5,16.0,,0.0,,0.0,,0.0,,0.0
2023-04-27 22:50:48.75,1682607048750000000,912.5,912.5,898.0,681.0,6.0,54025.0,845.0,5.0,872.0,16.0,,0.0,,0.0,,0.0,828.5,16.0,,0.0,,0.0,,0.0,,0.0
2023-04-27 22:50:51.25,1682607051250000000,912.5,912.5,898.0,681.0,6.0,54025.0,843.0,5.0,872.0,16.0,,0.0,,0.0,,0.0,828.5,16.0,,0.0,,0.0,,0.0,,0.0
2023-04-27 22:50:56.25,1682607056250000000,912.5,912.5,898.0,681.0,6.0,54025.0,845.5,5.0,872.0,16.0,,0.0,,0.0,,0.0,828.5,16.0,,0.0,,0.0,,0.0,,0.0
2023-04-27 22:51:04.75,1682607064750000000,912.5,912.5,898.0,681.0,6.0,54025.0,847.5,5.0,872.0,16.0,,0.0,,0.0,,0.0,828.5,16.0,,0.0,,0.0,,0.0,,0.0
2023-04-27 22:51:14.25,1682607074250000000,912.5,912.5,898.0,681.0,6.0,54025.0,849.0,5.0,872.0,16.0,,0.0,,0.0,,0.0,828.5,16.0,,0.0,,0.0,,0.0,,0.0
2023-04-27 22:51:15.5,1682607075500000000,912.5,912.5,898.0,681.0,6.0,54025.0,847.5,5.0,872.0,16.0,,0.0,,0.0,,0.0,828.5,16.0,,0.0,,0.0,,0.0,,0.0
2023-04-27 22:51:18.0,1682607078000000000,912.5,912.5,898.0,681.0,6.0,54025.0,849.0,5.0,872.0,16.0,,0.0,,0.0,,0.0,828.5,16.0,,0.0,,0.0,,0.0,,0.0
2023-04-27 22:51:19.5,1682607079500000000,912.5,912.5,898.0,681.0,6.0,54025.0,847.5,5.0,872.0,16.0,,0.0,,0.0,,0.0,828.5,16.0,,0.0,,0.0,,0.0,,0.0
2023-04-27 22:51:21.25,1682607081250000000,912.5,912.5,898.0,681.0,6.0,54025.0,846.0,5.0,872.0,16.0,,0.0,,0.0,,0.0,828.5,16.0,,0.0,,0.0,,0.0,,0.0
2023-04-27 22:51:43.0,1682607103000000000,912.5,912.5,898.0,681.0,6.0,54025.0,844.5,5.0,872.0,16.0,,0.0,,0.0,,0.0,828.5,16.0,,0.0,,0.0,,0.0,,0.0
2023-04-27 22:51:43.75,1682607103750000000,912.5,912.5,898.0,681.0,6.0,54025.0,846.5,5.0,872.0,16.0,,0.0,,0.0,,0.0,828.5,16.0,,0.0,,0.0,,0.0,,0.0
2023-04-27 22:51:44.0,1682607104000000000,912.5,912.5,898.0,681.0,6.0,54025.0,845.0,5.0,872.0,16.0,,0.0,,0.0,,0.0,828.5,16.0,,0.0,,0.0,,0.0,,0.0
2023-04-27 22:51:47.5,1682607107500000000,912.5,912.5,898.0,681.0,6.0,54025.0,843.5,5.0,872.0,16.0,,0.0,,0.0,,0.0,828.5,16.0,,0.0,,0.0,,0.0,,0.0
2023-04-27 22:51:49.5,1682607109500000000,912.5,912.5,898.0,681.0,6.0,54025.0,842.0,5.0,872.0,16.0,,0.0,,0.0,,0.0,828.5,16.0,,0.0,,0.0,,0.0,,0.0
2023-04-27 22:52:00.5,1682607120500000000,912.5,912.5,898.0,681.0,6.0,54025.0,840.0,5.0,872.0,16.0,,0.0,,0.0,,0.0,828.5,16.0,,0.0,,0.0,,0.0,,0.0
2023-04-27 22:52:01.25,1682607121250000000,912.5,912.5,898.0,681.0,6.0,54025.0,838.5,5.0,872.0,16.0,,0.0,,0.0,,0.0,828.5,16.0,,0.0,,0.0,,0.0,,0.0
2023-04-27 22:52:03.25,1682607123250000000,912.5,912.5,898.0,681.0,6.0,54025.0,838.5,5.0,872.0,16.0,,0.0,,0.0,,0.0,804.0,16.0,,0.0,,0.0,,0.0,,0.0
2023-04-27 22:52:06.5,1682607126500000000,912.5,912.5,898.0,681.0,6.0,54025.0,837.0,5.0,872.0,16.0,,0.0,,0.0,,0.0,804.0,16.0,,0.0,,0.0,,0.0,,0.0
2023-04-27 22:52:08.25,1682607128250000000,912.5,912.5,898.0,681.0,6.0,54025.0,838.5,5.0,872.0,16.0,,0.0,,0.0,,0.0,804.0,16.0,,0.0,,0.0,,0.0,,0.0
2023-04-27 22:52:09.75,1682607129750000000,912.5,912.5,898.0,681.0,6.0,54025.0,840.0,5.0,872.0,16.0,,0.0,,0.0,,0.0,804.0,16.0,,0.0,,0.0,,0.0,,0.0
2023-04-27 22:52:14.5,1682607134500000000,912.5,912.5,898.0,681.0,6.0,54025.0,838.5,5.0,872.0,16.0,,0.0,,0.0,,0.0,804.0,16.0,,0.0,,0.0,,0.0,,0.0
2023-04-27 22:52:17.5,1682607137500000000,912.5,912.5,898.0,681.0,6.0,54025.0,840.0,5.0,872.0,16.0,,0.0,,0.0,,0.0,804.0,16.0,,0.0,,0.0,,0.0,,0.0
2023-04-27 22:52:22.75,1682607142750000000,912.5,912.5,898.0,681.0,6.0,54025.0,838.5,5.0,872.0,16.0,,0.0,,0.0,,0.0,804.0,16.0,,0.0,,0.0,,0.0,,0.0
2023-04-27 22:52:34.25,1682607154250000000,912.5,912.5,898.0,681.0,6.0,54025.0,840.0,5.0,872.0,16.0,,0.0,,0.0,,0.0,804.0,16.0,,0.0,,0.0,,0.0,,0.0
2023-04-27 22:52:38.0,1682607158000000000,912.5,912.5,898.0,681.0,6.0,54025.0,841.5,5.0,872.0,16.0,,0.0,,0.0,,0.0,804.0,16.0,,0.0,,0.0,,0.0,,0.0
2023-04-27 22:52:39.75,1682607159750000000,912.5,912.5,898.0,681.0,6.0,54025.0,843.0,5.0,872.0,16.0,,0.0,,0.0,,0.0,804.0,16.0,,0.0,,0.0,,0.0,,0.0
2023-04-27 22:53:03.25,1682607183250000000,912.5,912.5,898.0,681.0,6.0,54025.0,845.0,5.0,872.0,16.0,,0.0,,0.0,,0.0,804.0,16.0,,0.0,,0.0,,0.0,,0.0
2023-04-27 22:53:11.0,1682607191000000000,912.5,912.5,898.0,681.0,6.0,54025.0,846.5,5.0,872.0,16.0,,0.0,,0.0,,0.0,804.0,16.0,,0.0,,0.0,,0.0,,0.0
2023-04-27 22:53:12.25,1682607192250000000,912.5,912.5,898.0,681.0,6.0,54025.0,845.0,5.0,872.0,16.0,,0.0,,0.0,,0.0,804.0,16.0,,0.0,,0.0,,0.0,,0.0
2023-04-27 22:53:21.25,1682607201250000000,912.5,912.5,898.0,681.0,6.0,54025.0,843.5,5.0,872.0,16.0,,0.0,,0.0,,0.0,804.0,16.0,,0.0,,0.0,,0.0,,0.0
2023-04-27 22:53:27.75,1682607207750000000,912.5,912.5,898.0,681.0,6.0,54025.0,846.5,5.0,872.0,16.0,,0.0,,0.0,,0.0,804.0,16.0,,0.0,,0.0,,0.0,,0.0
2023-04-27 22:53:33.75,1682607213750000000,912.5,912.5,898.0,681.0,6.0,54025.0,845.0,5.0,872.0,16.0,,0.0,,0.0,,0.0,804.0,16.0,,0.0,,0.0,,0.0,,0.0
2023-04-27 22:53:36.5,1682607216500000000,912.5,912.5,898.0,681.0,6.0,54025.0,847.0,5.0,872.0,16.0,,0.0,,0.0,,0.0,804.0,16.0,,0.0,,0.0,,0.0,,0.0
2023-04-27 22:53:47.75,1682607227750000000,912.5,912.5,898.0,681.0,6.0,54025.0,848.5,5.0,872.0,16.0,,0.0,,0.0,,0.0,804.0,16.0,,0.0,,0.0,,0.0,,0.0
2023-04-27 22:53:48.5,1682607228500000000,912.5,912.5,898.0,681.0,6.0,54025.0,847.0,5.0,872.0,16.0,,0.0,,0.0,,0.0,804.0,16.0,,0.0,,0.0,,0.0,,0.0
2023-04-27 22:53:49.25,1682607229250000000,912.5,912.5,898.0,681.0,6.0,54025.0,848.5,5.0,872.0,16.0,,0.0,,0.0,,0.0,804.0,16.0,,0.0,,0.0,,0.0,,0.0
2023-04-27 22:53:58.25,1682607238250000000,912.5,912.5,898.0,681.0,6.0,54025.0,850.0,5.0,872.0,16.0,,0.0,,0.0,,0.0,804.0,16.0,,0.0,,0.0,,0.0,,0.0
2023-04-27 22:54:02.0,1682607242000000000,912.5,912.5,898.0,681.0,6.0,54025.0,851.5,5.0,872.0,16.0,,0.0,,0.0,,0.0,804.0,16.0,,0.0,,0.0,,0.0,,0.0
2023-04-27 22:54:12.0,1682607252000000000,912.5,912.5,898.0,681.0,6.0,54025.0,853.5,5.0,872.0,16.0,,0.0,,0.0,,0.0,804.0,16.0,,0.0,,0.0,,0.0,,0.0
2023-04-27 22:54:16.25,1682607256250000000,912.5,912.5,898.0,681.0,6.0,54025.0,855.0,5.0,872.0,16.0,,0.0,,0.0,,0.0,804.0,16.0,,0.0,,0.0,,0.0,,0.0
2023-04-27 22:54:18.75,1682607258750000000,912.5,912.5,898.0,681.0,6.0,54025.0,857.5,5.0,872.0,16.0,,0.0,,0.0,,0.0,804.0,16.0,,0.0,,0.0,,0.0,,0.0
2023-04-27 22:54:33.25,1682607273250000000,912.5,912.5,898.0,681.0,6.0,54025.0,856.0,5.0,872.0,16.0,,0.0,,0.0,,0.0,804.0,16.0,,0.0,,0.0,,0.0,,0.0
2023-04-27 22:54:36.0,1682607276000000000,912.5,912.5,898.0,681.0,6.0,54025.0,854.0,5.0,872.0,16.0,,0.0,,0.0,,0.0,804.0,16.0,,0.0,,0.0,,0.0,,0.0
2023-04-27 22:54:39.25,1682607279250000000,912.5,912.5,898.0,681.0,6.0,54025.0,855.5,5.0,872.0,16.0,,0.0,,0.0,,0.0,804.0,16.0,,0.0,,0.0,,0.0,,0.0
2023-04-27 22:54:42.5,1682607282500000000,912.5,912.5,898.0,681.0,6.0,54025.0,854.0,5.0,872.0,16.0,,0.0,,0.0,,0.0,804.0,16.0,,0.0,,0.0,,0.0,,0.0
2023-04-27 22:54:44.5,1682607284500000000,912.5,912.5,898.0,681.0,6.0,54025.0,852.0,5.0,872.0,16.0,,0.0,,0.0,,0.0,804.0,16.0,,0.0,,0.0,,0.0,,0.0
2023-04-27 22:54:52.75,1682607292750000000,912.5,912.5,898.0,681.0,6.0,54025.0,854.0,5.0,872.0,16.0,,0.0,,0.0,,0.0,804.0,16.0,,0.0,,0.0,,0.0,,0.0
2023-04-27 22:55:01.75,1682607301750000000,912.5,912.5,898.0,681.0,6.0,54025.0,852.5,5.0,872.0,16.0,,0.0,,0.0,,0.0,804.0,16.0,,0.0,,0.0,,0.0,,0.0
2023-04-27 22:55:12.5,1682607312500000000,912.5,912.5,898.0,681.0,6.0,54025.0,854.0,5.0,872.0,16.0,,0.0,,0.0,,0.0,804.0,16.0,,0.0,,0.0,,0.0,,0.0
2023-04-27 22:55:16.25,1682607316250000000,912.5,912.5,898.0,681.0,6.0,54025.0,852.5,5.0,872.0,16.0,,0.0,,0.0,,0.0,804.0,16.0,,0.0,,0.0,,0.0,,0.0
2023-04-27 22:55:25.0,1682607325000000000,912.5,912.5,898.0,681.0,6.0,54025.0,854.0,5.0,872.0,16.0,,0.0,,0.0,,0.0,804.0,16.0,,0.0,,0.0,,0.0,,0.0
2023-04-27 22:55:35.5,1682607335500000000,912.5,912.5,898.0,681.0,6.0,54025.0,852.0,5.0,872.0,16.0,,0.0,,0.0,,0.0,804.0,16.0,,0.0,,0.0,,0.0,,0.0
2023-04-27 22:56:06.0,1682607366000000000,912.5,912.5,898.0,681.0,6.0,54025.0,850.5,5.0,872.0,16.0,,0.0,,0.0,,0.0,804.0,16.0,,0.0,,0.0,,0.0,,0.0
2023-04-27 22:56:08.25,1682607368250000000,912.5,912.5,898.0,681.0,6.0,54025.0,848.5,5.0,872.0,16.0,,0.0,,0.0,,0.0,804.0,16.0,,0.0,,0.0,,0.0,,0.0
2023-04-27 22:56:12.75,1682607372750000000,912.5,912.5,898.0,681.0,6.0,54025.0,850.5,5.0,872.0,16.0,,0.0,,0.0,,0.0,804.0,16.0,,0.0,,0.0,,0.0,,0.0
2023-04-27 22:56:15.0,1682607375000000000,912.5,912.5,898.0,681.0,6.0,54025.0,849.0,5.0,872.0,16.0,,0.0,,0.0,,0.0,804.0,16.0,,0.0,,0.0,,0.0,,0.0
2023-04-27 22:56:18.5,1682607378500000000,912.5,912.5,898.0,681.0,6.0,54025.0,850.5,5.0,872.0,16.0,,0.0,,0.0,,0.0,804.0,16.0,,0.0,,0.0,,0.0,,0.0
2023-04-27 22:56:24.0,1682607384000000000,912.5,912.5,898.0,681.0,6.0,54025.0,848.5,5.0,872.0,16.0,,0.0,,0.0,,0.0,804.0,16.0,,0.0,,0.0,,0.0,,0.0
2023-04-27 22:56:36.25,1682607396250000000,912.5,912.5,898.0,681.0,6.0,54025.0,848.5,5.0,,0.0,,0.0,,0.0,,0.0,,0.0,,0.0,,0.0,,0.0,,0.0
2023-04-27 22:56:36.5,1682607396500000000,912.5,912.5,898.0,681.0,6.0,54025.0,848.5,5.0,,0.0,,0.0,,0.0,,0.0,258.0,1.0,,0.0,,0.0,,0.0,,0.0
2023-04-27 22:56:36.75,1682607396750000000,912.5,912.5,898.0,681.0,6.0,54025.0,848.5,5.0,,0.0,,0.0,,0.0,,0.0,258.0,1.0,257.0,1.0,,0.0,,0.0,,0.0
2023-04-27 22:56:37.0,1682607397000000000,912.5,912.5,898.0,681.0,6.0,54025.0,848.5,5.0,,0.0,,0.0,,0.0,,0.0,259.0,6.0,258.0,1.0,257.0,1.0,,0.0,,0.0
2023-04-27 22:56:37.25,1682607397250000000,912.5,912.5,898.0,681.0,6.0,54025.0,848.5,5.0,,0.0,,0.0,,0.0,,0.0,259.0,6.0,258.5,1.0,258.0,1.0,,0.0,,0.0
2023-04-27 22:56:37.5,1682607397500000000,912.5,912.5,898.0,681.0,6.0,54025.0,848.5,5.0,,0.0,,0.0,,0.0,,0.0,259.0,6.0,258.5,1.0,,0.0,,0.0,,0.0
2023-04-27 22:56:37.75,1682607397750000000,912.5,912.5,898.0,681.0,6.0,54025.0,848.5,5.0,,0.0,,0.0,,0.0,,0.0,259.0,6.0,,0.0,,0.0,,0.0,,0.0
2023-04-27 22:56:38.0,1682607398000000000,912.5,912.5,898.0,681.0,6.0,54025.0,848.5,5.0,,0.0,,0.0,,0.0,,0.0,259.5,1.0,259.0,6.0,,0.0,,0.0,,0.0
2023-04-27 22:56:38.5,1682607398500000000,912.5,912.5,898.0,681.0,6.0,54025.0,848.5,5.0,,0.0,,0.0,,0.0,,0.0,260.5,6.0,259.5,1.0,,0.0,,0.0,,0.0
2023-04-27 22:56:39.25,1682607399250000000,912.5,912.5,898.0,681.0,6.0,54025.0,848.5,5.0,,0.0,,0.0,,0.0,,0.0,260.5,6.0,,0.0,,0.0,,0.0,,0.0
2023-04-27 22:56:39.5,1682607399500000000,912.5,912.5,898.0,681.0,6.0,54025.0,848.5,5.0,,0.0,,0.0,,0.0,,0.0,261.0,1.0,260.5,6.0,,0.0,,0.0,,0.0
2023-04-27 22:56:40.0,1682607400000000000,912.5,912.5,898.0,681.0,6.0,54025.0,848.5,5.0,,0.0,,0.0,,0.0,,0.0,262.0,6.0,261.0,1.0,,0.0,,0.0,,0.0
2023-04-27 22:56:40.75,1682607400750000000,912.5,912.5,898.0,681.0,6.0,54025.0,848.5,5.0,,0.0,,0.0,,0.0,,0.0,262.0,6.0,,0.0,,0.0,,0.0,,0.0
2023-04-27 22:56:41.0,1682607401000000000,912.5,912.5,898.0,681.0,6.0,54025.0,848.5,5.0,,0.0,,0.0,,0.0,,0.0,262.5,1.0,262.0,6.0,,0.0,,0.0,,0.0
2023-04-27 22:56:41.5,1682607401500000000,912.5,912.5,898.0,681.0,6.0,54025.0,848.5,5.0,,0.0,,0.0,,0.0,,0.0,263.5,6.0,262.5,1.0,,0.0,,0.0,,0.0
2023-04-27 22:56:42.0,1682607402000000000,912.5,912.5,898.0,681.0,6.0,54025.0,848.5,5.0,,0.0,,0.0,,0.0,,0.0,265.0,1.0,263.5,6.0,262.5,1.0,,0.0,,0.0
2023-04-27 22:56:42.5,1682607402500000000,912.5,912.5,898.0,681.0,6.0,54025.0,848.5,5.0,,0.0,,0.0,,0.0,,0.0,266.0,6.0,265.0,1.0,,0.0,,0.0,,0.0
2023-04-27 22:56:42.75,1682607402750000000,912.5,912.5,898.0,681.0,6.0,54025.0,848.5,5.0,,0.0,,0.0,,0.0,,0.0,266.0,6.0,265.5,1.0,265.0,1.0,,0.0,,0.0
2023-04-27 22:56:43.0,1682607403000000000,912.5,912.5,898.0,681.0,6.0,54025.0,848.5,5.0,,0.0,,0.0,,0.0,,0.0,266.0,6.0,265.5,1.0,,0.0,,0.0,,0.0
2023-04-27 22:56:43.25,1682607403250000000,912.5,912.5,898.0,681.0,6.0,54025.0,848.5,5.0,,0.0,,0.0,,0.0,,0.0,266.0,6.0,,0.0,,0.0,,0.0,,0.0
2023-04-27 22:56:43.5,1682607403500000000,912.5,912.5,898.0,681.0,6.0,54025.0,848.5,5.0,,0.0,,0.0,,0.0,,0.0,266.5,1.0,266.0,6.0,,0.0,,0.0,,0.0
2023-04-27 22:56:44.0,1682607404000000000,912.5,912.5,898.0,681.0,6.0,54025.0,848.5,5.0,,0.0,,0.0,,0.0,,0.0,267.5,6.0,266.5,1.0,,0.0,,0.0,,0.0
2023-04-27 22:56:44.5,1682607404500000000,912.5,912.5,898.0,681.0,6.0,54025.0,848.5,5.0,,0.0,,0.0,,0.0,,0.0,269.0,1.0,267.5,6.0,,0.0,,0.0,,0.0
2023-04-27 22:56:44.75,1682607404750000000,912.5,912.5,898.0,681.0,6.0,54025.0,847.0,5.0,,0.0,,0.0,,0.0,,0.0,269.0,1.0,267.5,6.0,,0.0,,0.0,,0.0
2023-04-27 22:56:45.0,1682607405000000000,912.5,912.5,898.0,681.0,6.0,54025.0,847.0,5.0,,0.0,,0.0,,0.0,,0.0,270.0,6.0,269.0,1.0,268.0,1.0,,0.0,,0.0
2023-04-27 22:56:45.5,1682607405500000000,912.5,912.5,898.0,681.0,6.0,54025.0,847.0,5.0,,0.0,,0.0,,0.0,,0.0,270.0,6.0,268.0,1.0,,0.0,,0.0,,0.0
2023-04-27 22:56:45.75,1682607405750000000,912.5,912.5,898.0,681.0,6.0,54025.0,847.0,5.0,,0.0,,0.0,,0.0,,0.0,270.0,6.0,,0.0,,0.0,,0.0,,0.0
2023-04-27 22:56:46.0,1682607406000000000,912.5,912.5,898.0,681.0,6.0,54025.0,847.0,5.0,,0.0,,0.0,,0.0,,0.0,270.5,1.0,270.0,6.0,,0.0,,0.0,,0.0
2023-04-27 22:56:46.5,1682607406500000000,912.5,912.5,898.0,681.0,6.0,54025.0,847.0,5.0,,0.0,,0.0,,0.0,,0.0,271.5,6.0,270.5,1.0,,0.0,,0.0,,0.0
2023-04-27 22:56:47.0,1682607407000000000,912.5,912.5,898.0,681.0,6.0,54025.0,845.5,5.0,,0.0,,0.0,,0.0,,0.0,273.0,1.0,271.5,6.0,270.5,1.0,,0.0,,0.0
2023-04-27 22:56:47.5,1682607407500000000,912.5,912.5,898.0,681.0,6.0,54025.0,845.5,5.0,,0.0,,0.0,,0.0,,0.0,274.0,6.0,273.0,1.0,,0.0,,0.0,,0.0
2023-04-27 22:56:47.75,1682607407750000000,912.5,912.5,898.0,681.0,6.0,54025.0,845.5,5.0,,0.0,,0.0,,0.0,,0.0,274.0,6.0,273.0,1.0,272.0,1.0,,0.0,,0.0
2023-04-27 22:56:48.0,1682607408000000000,912.5,912.5,898.0,681.0,6.0,54025.0,845.5,5.0,,0.0,,0.0,,0.0,,0.0,274.0,6.0,272.0,1.0,,0.0,,0.0,,0.0
2023-04-27 22:56:48.25,1682607408250000000,912.5,912.5,898.0,681.0,6.0,54025.0,845.5,5.0,,0.0,,0.0,,0.0,,0.0,274.0,6.0,,0.0,,0.0,,0.0,,0.0
2023-04-27 22:56:48.5,1682607408500000000,912.5,912.5,898.0,681.0,6.0,54025.0,845.5,5.0,,0.0,,0.0,,0.0,,0.0,274.5,1.0,274.0,6.0,,0.0,,0.0,,0.0
2023-04-27 22:56:49.0,1682607409000000000,912.5,912.5,898.0,681.0,6.0,54025.0,845.5,5.0,,0.0,,0.0,,0.0,,0.0,275.5,6.0,274.5,1.0,,0.0,,0.0,,0.0
2023-04-27 22:56:49.5,1682607409500000000,912.5,912.5,898.0,681.0,6.0,54025.0,845.5,5.0,,0.0,,0.0,,0.0,,0.0,277.0,1.0,275.5,6.0,274.5,1.0,,0.0,,0.0
2023-04-27 22:56:50.0,1682607410000000000,912.5,912.5,898.0,681.0,6.0,54025.0,845.5,5.0,,0.0,,0.0,,0.0,,0.0,278.0,6.0,277.0,1.0,,0.0,,0.0,,0.0
2023-04-27 22:56:50.25,1682607410250000000,912.5,912.5,898.0,681.0,6.0,54025.0,845.5,5.0,,0.0,,0.0,,0.0,,0.0,278.0,6.0,277.5,1.0,277.0,1.0,,0.0,,0.0
2023-04-27 22:56:50.5,1682607410500000000,912.5,912.5,898.0,681.0,6.0,54025.0,845.5,5.0,,0.0,,0.0,,0.0,,0.0,279.5,1.0,278.0,6.0,277.5,1.0,,0.0,,0.0
2023-04-27 22:56:51.0,1682607411000000000,912.5,912.5,898.0,681.0,6.0,54025.0,845.5,5.0,,0.0,,0.0,,0.0,,0.0,280.5,6.0,279.5,1.0,277.5,1.0,,0.0,,0.0
2023-04-27 22:56:51.5,1682607411500000000,912.5,912.5,898.0,681.0,6.0,54025.0,845.5,5.0,,0.0,,0.0,,0.0,,0.0,280.5,6.0,280.0,1.0,,0.0,,0.0,,0.0
2023-04-27 22:56:52.0,1682607412000000000,912.5,912.5,898.0,681.0,6.0,54025.0,845.5,5.0,,0.0,,0.0,,0.0,,0.0,280.5,6.0,,0.0,,0.0,,0.0,,0.0
2023-04-27 22:56:52.25,1682607412250000000,912.5,912.5,898.0,681.0,6.0,54025.0,845.5,5.0,,0.0,,0.0,,0.0,,0.0,281.0,1.0,280.5,6.0,,0.0,,0.0,,0.0
2023-04-27 22:56:52.5,1682607412500000000,912.5,912.5,898.0,681.0,6.0,54025.0,845.5,5.0,,0.0,,0.0,,0.0,,0.0,282.0,6.0,281.0,1.0,,0.0,,0.0,,0.0
2023-04-27 22:56:53.0,1682607413000000000,912.5,912.5,898.0,681.0,6.0,54025.0,847.0,5.0,,0.0,,0.0,,0.0,,0.0,283.5,1.0,282.0,6.0,281.0,1.0,,0.0,,0.0
2023-04-27 22:56:53.25,1682607413250000000,912.5,912.5,898.0,681.0,6.0,54025.0,847.0,5.0,,0.0,,0.0,,0.0,,0.0,283.5,1.0,282.0,6.0,,0.0,,0.0,,0.0
2023-04-27 22:56:53.5,1682607413500000000,912.5,912.5,898.0,681.0,6.0,54025.0,847.0,5.0,,0.0,,0.0,,0.0,,0.0,284.5,6.0,283.5,1.0,282.5,1.0,,0.0,,0.0
2023-04-27 22:56:54.0,1682607414000000000,912.5,912.5,898.0,681.0,6.0,54025.0,847.0,5.0,,0.0,,0.0,,0.0,,0.0,284.5,6.0,282.5,1.0,,0.0,,0.0,,0.0
2023-04-27 22:56:54.25,1682607414250000000,912.5,912.5,898.0,681.0,6.0,54025.0,847.0,5.0,,0.0,,0.0,,0.0,,0.0,284.5,6.0,,0.0,,0.0,,0.0,,0.0
2023-04-27 22:56:54.5,1682607414500000000,912.5,912.5,898.0,681.0,6.0,54025.0,847.0,5.0,,0.0,,0.0,,0.0,,0.0,285.0,1.0,284.5,6.0,,0.0,,0.0,,0.0
2023-04-27 22:56:55.0,1682607415000000000,912.5,912.5,898.0,681.0,6.0,54025.0,847.0,5.0,,0.0,,0.0,,0.0,,0.0,286.5,1.0,286.0,6.0,285.0,1.0,,0.0,,0.0
2023-04-27 22:56:55.5,1682607415500000000,912.5,912.5,898.0,681.0,6.0,54025.0,847.0,5.0,,0.0,,0.0,,0.0,,0.0,287.5,6.0,286.5,1.0,285.0,1.0,,0.0,,0.0
2023-04-27 22:56:56.0,1682607416000000000,912.5,912.5,898.0,681.0,6.0,54025.0,845.5,5.0,,0.0,,0.0,,0.0,,0.0,287.5,6.0,,0.0,,0.0,,0.0,,0.0
2023-04-27 22:56:56.25,1682607416250000000,912.5,912.5,898.0,681.0,6.0,54025.0,845.5,5.0,,0.0,,0.0,,0.0,,0.0,288.0,1.0,287.5,6.0,,0.0,,0.0,,0.0
2023-04-27 22:56:56.5,1682607416500000000,912.5,912.5,898.0,681.0,6.0,54025.0,845.5,5.0,,0.0,,0.0,,0.0,,0.0,289.5,1.0,289.0,6.0,288.0,1.0,,0.0,,0.0
2023-04-27 22:56:57.0,1682607417000000000,912.5,912.5,898.0,681.0,6.0,54025.0,845.5,5.0,,0.0,,0.0,,0.0,,0.0,289.5,1.0,288.0,1.0,,0.0,,0.0,,0.0
2023-04-27 22:56:57.25,1682607417250000000,912.5,912.5,898.0,681.0,6.0,54025.0,845.5,5.0,,0.0,,0.0,,0.0,,0.0,290.5,6.0,289.5,1.0,,0.0,,0.0,,0.0
2023-04-27 22:56:57.5,1682607417500000000,912.5,912.5,898.0,681.0,6.0,54025.0,845.5,5.0,,0.0,,0.0,,0.0,,0.0,292.0,1.0,290.5,6.0,,0.0,,0.0,,0.0
2023-04-27 22:56:57.75,1682607417750000000,912.5,912.5,898.0,681.0,6.0,54025.0,845.5,5.0,,0.0,,0.0,,0.0,,0.0,292.0,1.0,291.0,1.0,290.5,6.0,,0.0,,0.0
2023-04-27 22:56:58.0,1682607418000000000,912.5,912.5,898.0,681.0,6.0,54025.0,845.5,5.0,,0.0,,0.0,,0.0,,0.0,293.0,6.0,292.0,1.0,291.0,1.0,,0.0,,0.0
2023-04-27 22:56:58.25,1682607418250000000,912.5,912.5,898.0,681.0,6.0,54025.0,847.0,5.0,,0.0,,0.0,,0.0,,0.0,293.0,6.0,292.0,1.0,,0.0,,0.0,,0.0
2023-04-27 22:56:58.5,1682607418500000000,912.5,912.5,898.0,681.0,6.0,54025.0,847.0,5.0,,0.0,,0.0,,0.0,,0.0,293.0,6.0,292.5,1.0,,0.0,,0.0,,0.0
2023-04-27 22:56:58.75,1682607418750000000,912.5,912.5,898.0,681.0,6.0,54025.0,847.0,5.0,,0.0,,0.0,,0.0,,0.0,293.0,6.0,,0.0,,0.0,,0.0,,0.0
2023-04-27 22:56:59.0,1682607419000000000,912.5,912.5,898.0,681.0,6.0,54025.0,847.0,5.0,,0.0,,0.0,,0.0,,0.0,293.5,1.0,293.0,6.0,,0.0,,0.0,,0.0
2023-04-27 22:56:59.5,1682607419500000000,912.5,912.5,898.0,681.0,6.0,54025.0,847.0,5.0,,0.0,,0.0,,0.0,,0.0,295.0,1.0,293.5,1.0,293.0,6.0,,0.0,,0.0
2023-04-27 22:56:59.75,1682607419750000000,912.5,912.5,898.0,681.0,6.0,54025.0,847.0,5.0,,0.0,,0.0,,0.0,,0.0,295.0,1.0,294.5,6.0,293.5,1.0,,0.0,,0.0
2023-04-27 22:57:00.25,1682607420250000000,912.5,912.5,898.0,681.0,6.0,54025.0,847.0,5.0,,0.0,,0.0,,0.0,,0.0,296.0,6.0,295.0,1.0,,0.0,,0.0,,0.0
2023-04-27 22:57:00.5,1682607420500000000,912.5,912.5,898.0,681.0,6.0,54025.0,847.0,5.0,,0.0,,0.0,,0.0,,0.0,297.5,1.0,296.0,6.0,295.5,1.0,,0.0,,0.0
2023-04-27 22:57:00.75,1682607420750000000,912.5,912.5,898.0,681.0,6.0,54025.0,847.0,5.0,,0.0,,0.0,,0.0,,0.0,297.5,1.0,296.0,6.0,,0.0,,0.0,,0.0
2023-04-27 22:57:01.0,1682607421000000000,912.5,912.5,898.0,681.0,6.0,54025.0,847.0,5.0,,0.0,,0.0,,0.0,,0.0,297.5,1.0,296.5,1.0,296.0,6.0,,0.0,,0.0
2023-04-27 22:57:01.25,1682607421250000000,912.5,912.5,898.0,681.0,6.0,54025.0,847.0,5.0,,0.0,,0.0,,0.0,,0.0,298.5,6.0,297.5,1.0,,0.0,,0.0,,0.0
2023-04-27 22:57:01.5,1682607421500000000,912.5,912.5,898.0,681.0,6.0,54025.0,847.0,5.0,,0.0,,0.0,,0.0,,0.0,300.0,1.0,298.5,6.0,298.0,1.0,,0.0,,0.0
2023-04-27 22:57:02.0,1682607422000000000,912.5,912.5,898.0,681.0,6.0,54025.0,847.0,5.0,,0.0,,0.0,,0.0,,0.0,300.0,1.0,298.5,6.0,,0.0,,0.0,,0.0
2023-04-27 22:57:02.25,1682607422250000000,912.5,912.5,898.0,681.0,6.0,54025.0,847.0,5.0,,0.0,,0.0,,0.0,,0.0,301.0,6.0,300.5,1.0,300.0,1.0,,0.0,,0.0
2023-04-27 22:57:02.5,1682607422500000000,912.5,912.5,898.0,681.0,6.0,54025.0,847.0,5.0,,0.0,,0.0,,0.0,,0.0,301.0,6.0,300.5,1.0,,0.0,,0.0,,0.0
2023-04-27 22:57:03.0,1682607423000000000,912.5,912.5,898.0,681.0,6.0,54025.0,847.0,5.0,,0.0,,0.0,,0.0,,0.0,301.5,1.0,301.0,6.0,,0.0,,0.0,,0.0
2023-04-27 22:57:03.75,1682607423750000000,912.5,912.5,898.0,681.0,6.0,54025.0,847.0,5.0,,0.0,,0.0,,0.0,,0.0,302.5,6.0,301.5,1.0,,0.0,,0.0,,0.0
2023-04-27 22:57:04.25,1682607424250000000,912.5,912.5,898.0,681.0,6.0,54025.0,847.0,5.0,,0.0,,0.0,,0.0,,0.0,302.5,6.0,,0.0,,0.0,,0.0,,0.0
2023-04-27 22:57:04.5,1682607424500000000,912.5,912.5,898.0,681.0,6.0,54025.0,847.0,5.0,,0.0,,0.0,,0.0,,0.0,303.0,1.0,302.5,6.0,,0.0,,0.0,,0.0
2023-04-27 22:57:05.0,1682607425000000000,912.5,912.5,898.0,681.0,6.0,54025.0,847.0,5.0,,0.0,,0.0,,0.0,,0.0,304.5,1.0,304.0,6.0,303.0,1.0,,0.0,,0.0
2023-04-27 22:57:05.5,1682607425500000000,912.5,912.5,898.0,681.0,6.0,54025.0,847.0,5.0,,0.0,,0.0,,0.0,,0.0,305.5,6.0,304.5,1.0,303.0,1.0,,0.0,,0.0
2023-04-27 22:57:05.75,1682607425750000000,912.5,912.5,898.0,681.0,6.0,54025.0,847.0,5.0,,0.0,,0.0,,0.0,,0.0,305.5,6.0,305.0,1.0,304.5,1.0,,0.0,,0.0
2023-04-27 22:57:06.0,1682607426000000000,912.5,912.5,898.0,681.0,6.0,54025.0,847.0,5.0,,0.0,,0.0,,0.0,,0.0,305.5,6.0,305.0,1.0,,0.0,,0.0,,0.0
2023-04-27 22:57:06.25,1682607426250000000,912.5,912.5,898.0,681.0,6.0,54025.0,847.0,5.0,,0.0,,0.0,,0.0,,0.0,307.0,1.0,305.5,6.0,,0.0,,0.0,,0.0
2023-04-27 22:57:06.5,1682607426500000000,912.5,912.5,898.0,681.0,6.0,54025.0,847.0,5.0,,0.0,,0.0,,0.0,,0.0,307.0,1.0,306.0,1.0,305.5,6.0,,0.0,,0.0
2023-04-27 22:57:06.75,1682607426750000000,912.5,912.5,898.0,681.0,6.0,54025.0,847.0,5.0,,0.0,,0.0,,0.0,,0.0,307.0,1.0,305.5,6.0,,0.0,,0.0,,0.0
2023-04-27 22:57:07.0,1682607427000000000,912.5,912.5,898.0,681.0,6.0,54025.0,845.5,5.0,,0.0,,0.0,,0.0,,0.0,308.0,6.0,307.5,1.0,307.0,1.0,,0.0,,0.0
2023-04-27 22:57:07.5,1682607427500000000,912.5,912.5,898.0,681.0,6.0,54025.0,845.5,5.0,,0.0,,0.0,,0.0,,0.0,309.5,1.0,308.0,6.0,,0.0,,0.0,,0.0
2023-04-27 22:57:07.75,1682607427750000000,912.5,912.5,898.0,681.0,6.0,54025.0,845.5,5.0,,0.0,,0.0,,0.0,,0.0,309.5,1.0,308.5,1.0,308.0,6.0,,0.0,,0.0
2023-04-27 22:57:08.0,1682607428000000000,912.5,912.5,898.0,681.0,6.0,54025.0,845.5,5.0,,0.0,,0.0,,0.0,,0.0,310.5,6.0,309.5,1.0,308.5,1.0,,0.0,,0.0
2023-04-27 22:57:08.5,1682607428500000000,912.5,912.5,898.0,681.0,6.0,54025.0,845.5,5.0,,0.0,,0.0,,0.0,,0.0,312.0,1.0,310.5,6.0,308.5,1.0,,0.0,,0.0
2023-04-27 22:57:09.0,1682607429000000000,912.5,912.5,898.0,681.0,6.0,54025.0,845.5,5.0,,0.0,,0.0,,0.0,,0.0,313.0,6.0,312.0,1.0,308.5,1.0,,0.0,,0.0
2023-04-27 22:57:09.5,1682607429500000000,912.5,912.5,898.0,681.0,6.0,54025.0,845.5,5.0,,0.0,,0.0,,0.0,,0.0,313.0,6.0,308.5,1.0,,0.0,,0.0,,0.0
2023-04-27 22:57:10.5,1682607430500000000,912.5,912.5,898.0,681.0,6.0,54025.0,845.5,5.0,,0.0,,0.0,,0.0,,0.0,314.5,1.0,313.0,6.0,308.5,1.0,,0.0,,0.0
2023-04-27 22:57:11.0,1682607431000000000,912.5,912.5,898.0,681.0,6.0,54025.0,845.5,5.0,,0.0,,0.0,,0.0,,0.0,315.5,6.0,314.5,1.0,308.5,1.0,,0.0,,0.0
2023-04-27 22:57:11.5,1682607431500000000,912.5,912.5,898.0,681.0,6.0,54025.0,845.5,5.0,,0.0,,0.0,,0.0,,0.0,317.0,1.0,315.5,6.0,308.5,1.0,,0.0,,0.0
2023-04-27 22:57:12.0,1682607432000000000,912.5,912.5,898.0,681.0,6.0,54025.0,845.5,5.0,,0.0,,0.0,,0.0,,0.0,318.0,6.0,317.0,1.0,308.5,1.0,,0.0,,0.0
2023-04-27 22:57:12.5,1682607432500000000,912.5,912.5,898.0,681.0,6.0,54025.0,845.5,5.0,,0.0,,0.0,,0.0,,0.0,318.0,6.0,308.5,1.0,,0.0,,0.0,,0.0
2023-04-27 22:57:13.25,1682607433250000000,912.5,912.5,898.0,681.0,6.0,54025.0,845.5,5.0,,0.0,,0.0,,0.0,,0.0,318.0,6.0,,0.0,,0.0,,0.0,,0.0
