datetime,datetime_nano,highest,last_price,lowest,open_interest,volume,amount,ask_price1,ask_volume1,ask_price2,ask_volume2,ask_price3,ask_volume3,ask_price4,ask_volume4,ask_price5,ask_volume5,bid_price1,bid_volume1,bid_price2,bid_volume2,bid_price3,bid_volume3,bid_price4,bid_volume4,bid_price5,bid_volume5
2023-04-27 20:55:52.25,1682600152250000000,,,,20.0,0.0,0.0,,0.0,,0.0,,0.0,,0.0,,0.0,,0.0,,0.0,,0.0,,0.0,,0.0
2023-04-27 20:59:00.0,1682600340000000000,,,,20.0,0.0,0.0,,0.0,,0.0,,0.0,,0.0,,0.0,160.0,1.0,111.0,6.0,55.0,1.0,0.5,1.0,,0.0
2023-04-27 21:00:00.25,1682600400250000000,,,,20.0,0.0,0.0,,0.0,,0.0,,0.0,,0.0,,0.0,160.0,2.0,111.0,6.0,55.0,1.0,0.5,1.0,,0.0
2023-04-27 21:00:01.25,1682600401250000000,,,,20.0,0.0,0.0,,0.0,,0.0,,0.0,,0.0,,0.0,168.0,2.0,160.0,2.0,111.0,6.0,55.0,1.0,0.5,1.0
2023-04-27 21:00:02.0,1682600402000000000,,,,20.0,0.0,0.0,1098.5,1.0,,0.0,,0.0,,0.0,,0.0,168.0,2.0,161.5,1.0,160.0,2.0,111.0,6.0,55.0,1.0
2023-04-27 21:00:03.25,1682600403250000000,,,,20.0,0.0,0.0,1098.5,1.0,,0.0,,0.0,,0.0,,0.0,168.0,2.0,160.0,2.0,111.0,6.0,55.0,1.0,0.5,1.0
2023-04-27 21:00:04.25,1682600404250000000,,,,20.0,0.0,0.0,1098.5,1.0,,0.0,,0.0,,0.0,,0.0,169.5,1.0,168.0,2.0,160.0,2.0,111.0,6.0,55.0,1.0
2023-04-27 21:00:05.5,1682600405500000000,,,,20.0,0.0,0.0,1098.5,1.0,,0.0,,0.0,,0.0,,0.0,334.0,1.0,169.5,1.0,160.0,2.0,111.0,6.0,55.0,1.0
2023-04-27 21:00:06.0,1682600406000000000,,,,20.0,0.0,0.0,1098.5,1.0,,0.0,,0.0,,0.0,,0.0,334.0,1.0,170.0,2.0,169.5,1.0,160.0,2.0,111.0,6.0
2023-04-27 21:00:06.25,1682600406250000000,,,,20.0,0.0,0.0,1098.5,1.0,,0.0,,0.0,,0.0,,0.0,334.0,1.0,170.0,2.0,160.0,2.0,111.0,6.0,55.0,1.0
2023-04-27 21:00:06.5,1682600406500000000,,,,20.0,0.0,0.0,1098.5,1.0,,0.0,,0.0,,0.0,,0.0,334.0,1.0,160.0,2.0,111.0,6.0,55.0,1.0,0.5,1.0
2023-04-27 21:00:08.0,1682600408000000000,,,,20.0,0.0,0.0,617.5,1.0,1098.5,1.0,,0.0,,0.0,,0.0,334.0,1.0,160.0,2.0,111.0,6.0,55.0,1.0,0.5,1.0
2023-04-27 21:00:08.25,1682600408250000000,,,,20.0,0.0,0.0,617.5,1.0,,0.0,,0.0,,0.0,,0.0,334.0,1.0,160.0,2.0,111.0,6.0,55.0,1.0,10.5,1.0
2023-04-27 21:00:08.75,1682600408750000000,,,,20.0,0.0,0.0,616.0,1.0,617.5,1.0,,0.0,,0.0,,0.0,335.5,1.0,334.0,1.0,160.0,2.0,111.0,6.0,55.0,1.0
2023-04-27 21:00:09.0,1682600409000000000,,,,20.0,0.0,0.0,616.0,1.0,617.5,1.0,,0.0,,0.0,,0.0,369.5,1.0,335.5,1.0,160.0,2.0,111.0,6.0,55.0,1.0
2023-04-27 21:00:09.25,1682600409250000000,,,,20.0,0.0,0.0,616.0,1.0,617.5,1.0,,0.0,,0.0,,0.0,369.5,1.0,160.0,2.0,111.0,6.0,55.0,1.0,10.5,1.0
2023-04-27 21:00:09.75,1682600409750000000,,,,20.0,0.0,0.0,582.0,1.0,616.0,1.0,,0.0,,0.0,,0.0,369.5,1.0,160.0,2.0,111.0,6.0,55.0,1.0,10.5,1.0
2023-04-27 21:00:10.25,1682600410250000000,,,,20.0,0.0,0.0,582.0,1.0,,0.0,,0.0,,0.0,,0.0,373.5,2.0,369.5,1.0,160.0,2.0,111.0,6.0,55.0,1.0
2023-04-27 21:00:12.75,1682600412750000000,,,,20.0,0.0,0.0,582.0,1.0,,0.0,,0.0,,0.0,,0.0,375.0,1.0,373.5,2.0,369.5,1.0,160.0,2.0,111.0,6.0
2023-04-27 21:00:13.25,1682600413250000000,,,,20.0,0.0,0.0,580.5,1.0,582.0,1.0,,0.0,,0.0,,0.0,375.0,1.0,373.5,2.0,369.5,1.0,160.0,2.0,111.0,6.0
2023-04-27 21:00:13.5,1682600413500000000,,,,20.0,0.0,0.0,546.5,1.0,580.5,1.0,,0.0,,0.0,,0.0,409.0,1.0,375.0,1.0,160.0,2.0,111.0,6.0,55.0,1.0
2023-04-27 21:00:13.75,1682600413750000000,,,,20.0,0.0,0.0,546.5,1.0,,0.0,,0.0,,0.0,,0.0,409.0,1.0,375.5,2.0,160.0,2.0,111.0,6.0,55.0,1.0
2023-04-27 21:00:14.0,1682600414000000000,,,,20.0,0.0,0.0,546.5,1.0,,0.0,,0.0,,0.0,,0.0,409.0,1.0,160.0,2.0,111.0,6.0,55.0,1.0,10.5,1.0
2023-04-27 21:00:18.25,1682600418250000000,,,,20.0,0.0,0.0,546.5,1.0,,0.0,,0.0,,0.0,,0.0,409.0,1.0,160.0,1.0,111.0,6.0,55.0,1.0,10.5,1.0
2023-04-27 21:00:19.25,1682600419250000000,,,,20.0,0.0,0.0,546.5,1.0,,0.0,,0.0,,0.0,,0.0,345.5,1.0,160.0,1.0,111.0,6.0,55.0,1.0,10.5,1.0
2023-04-27 21:00:19.75,1682600419750000000,,,,20.0,0.0,0.0,546.5,1.0,,0.0,,0.0,,0.0,,0.0,353.5,2.0,347.0,1.0,345.5,1.0,160.0,1.0,111.0,6.0
2023-04-27 21:00:20.0,1682600420000000000,,,,20.0,0.0,0.0,546.5,1.0,,0.0,,0.0,,0.0,,0.0,387.5,1.0,353.5,2.0,347.0,1.0,160.0,1.0,111.0,6.0
2023-04-27 21:00:20.25,1682600420250000000,,,,20.0,0.0,0.0,546.5,1.0,,0.0,,0.0,,0.0,,0.0,387.5,1.0,353.5,2.0,160.0,1.0,111.0,6.0,55.0,1.0
2023-04-27 21:00:20.5,1682600420500000000,,,,20.0,0.0,0.0,546.5,1.0,,0.0,,0.0,,0.0,,0.0,387.5,1.0,160.0,1.0,111.0,6.0,55.0,1.0,10.5,1.0
2023-04-27 21:00:20.75,1682600420750000000,,,,20.0,0.0,0.0,546.5,1.0,,0.0,,0.0,,0.0,,0.0,388.0,2.0,387.5,1.0,160.0,1.0,111.0,6.0,55.0,1.0
2023-04-27 21:00:21.0,1682600421000000000,,,,20.0,0.0,0.0,546.5,1.0,,0.0,,0.0,,0.0,,0.0,422.0,1.0,388.0,2.0,160.0,1.0,111.0,6.0,55.0,1.0
2023-04-27 21:00:21.5,1682600421500000000,,,,20.0,0.0,0.0,546.5,1.0,,0.0,,0.0,,0.0,,0.0,422.0,1.0,160.0,1.0,111.0,6.0,55.0,1.0,10.5,1.0
2023-04-27 21:00:26.75,1682600426750000000,,,,20.0,0.0,0.0,546.5,1.0,,0.0,,0.0,,0.0,,0.0,340.0,1.0,160.0,1.0,111.0,6.0,55.0,1.0,10.5,1.0
2023-04-27 21:00:27.5,1682600427500000000,,,,20.0,0.0,0.0,546.5,1.0,,0.0,,0.0,,0.0,,0.0,348.0,2.0,340.0,1.0,160.0,1.0,111.0,6.0,55.0,1.0
2023-04-27 21:00:27.75,1682600427750000000,,,,20.0,0.0,0.0,546.5,1.0,,0.0,,0.0,,0.0,,0.0,382.0,1.0,348.0,2.0,160.0,1.0,111.0,6.0,55.0,1.0
2023-04-27 21:00:28.25,1682600428250000000,,,,20.0,0.0,0.0,546.5,1.0,,0.0,,0.0,,0.0,,0.0,383.5,1.0,382.0,1.0,160.0,1.0,111.0,6.0,55.0,1.0
2023-04-27 21:00:28.5,1682600428500000000,,,,20.0,0.0,0.0,546.5,1.0,,0.0,,0.0,,0.0,,0.0,417.5,1.0,386.0,2.0,383.5,1.0,160.0,1.0,111.0,6.0
2023-04-27 21:00:28.75,1682600428750000000,,,,20.0,0.0,0.0,546.5,1.0,,0.0,,0.0,,0.0,,0.0,417.5,1.0,160.0,1.0,111.0,6.0,55.0,1.0,10.5,1.0
2023-04-27 21:00:34.0,1682600434000000000,,,,20.0,0.0,0.0,546.5,1.0,,0.0,,0.0,,0.0,,0.0,342.5,1.0,160.0,1.0,111.0,6.0,55.0,1.0,10.5,1.0
2023-04-27 21:00:34.25,1682600434250000000,,,,20.0,0.0,0.0,546.5,1.0,,0.0,,0.0,,0.0,,0.0,350.5,2.0,342.5,1.0,160.0,1.0,111.0,6.0,55.0,1.0
2023-04-27 21:00:34.5,1682600434500000000,,,,20.0,0.0,0.0,546.5,1.0,,0.0,,0.0,,0.0,,0.0,384.5,1.0,350.5,2.0,160.0,1.0,111.0,6.0,55.0,1.0
2023-04-27 21:00:34.75,1682600434750000000,,,,20.0,0.0,0.0,546.5,1.0,,0.0,,0.0,,0.0,,0.0,386.0,1.0,384.5,1.0,350.5,2.0,160.0,1.0,111.0,6.0
2023-04-27 21:00:35.0,1682600435000000000,,,,20.0,0.0,0.0,546.5,1.0,,0.0,,0.0,,0.0,,0.0,420.0,1.0,386.0,1.0,385.0,2.0,160.0,1.0,111.0,6.0
2023-04-27 21:00:35.25,1682600435250000000,,,,20.0,0.0,0.0,546.5,1.0,,0.0,,0.0,,0.0,,0.0,420.0,1.0,160.0,1.0,111.0,6.0,55.0,1.0,10.5,1.0
2023-04-27 21:00:40.75,1682600440750000000,,,,20.0,0.0,0.0,546.5,1.0,,0.0,,0.0,,0.0,,0.0,345.0,1.0,160.0,1.0,111.0,6.0,55.0,1.0,10.5,1.0
2023-04-27 21:00:41.25,1682600441250000000,,,,20.0,0.0,0.0,546.5,1.0,,0.0,,0.0,,0.0,,0.0,353.0,2.0,345.0,1.0,160.0,1.0,111.0,6.0,55.0,1.0
2023-04-27 21:00:41.5,1682600441500000000,,,,20.0,0.0,0.0,546.5,1.0,,0.0,,0.0,,0.0,,0.0,387.0,1.0,353.0,2.0,160.0,1.0,111.0,6.0,55.0,1.0
2023-04-27 21:00:41.75,1682600441750000000,,,,20.0,0.0,0.0,546.5,1.0,,0.0,,0.0,,0.0,,0.0,388.5,1.0,387.0,1.0,353.0,2.0,160.0,1.0,111.0,6.0
2023-04-27 21:00:42.0,1682600442000000000,,,,20.0,0.0,0.0,546.5,1.0,,0.0,,0.0,,0.0,,0.0,422.5,1.0,388.5,1.0,160.0,1.0,111.0,6.0,55.0,1.0
2023-04-27 21:00:42.25,1682600442250000000,,,,20.0,0.0,0.0,546.5,1.0,,0.0,,0.0,,0.0,,0.0,422.5,1.0,160.0,1.0,111.0,6.0,55.0,1.0,10.5,1.0
2023-04-27 21:00:47.5,1682600447500000000,,,,20.0,0.0,0.0,546.5,1.0,,0.0,,0.0,,0.0,,0.0,347.0,1.0,160.0,1.0,111.0,6.0,55.0,1.0,10.5,1.0
2023-04-27 21:00:48.0,1682600448000000000,,,,20.0,0.0,0.0,546.5,1.0,,0.0,,0.0,,0.0,,0.0,355.0,2.0,347.0,1.0,160.0,1.0,111.0,6.0,55.0,1.0
2023-04-27 21:00:48.25,1682600448250000000,,,,20.0,0.0,0.0,546.5,1.0,,0.0,,0.0,,0.0,,0.0,389.0,1.0,355.0,2.0,160.0,1.0,111.0,6.0,55.0,1.0
2023-04-27 21:00:48.75,1682600448750000000,,,,20.0,0.0,0.0,546.5,1.0,,0.0,,0.0,,0.0,,0.0,390.5,1.0,389.0,1.0,355.0,2.0,160.0,1.0,111.0,6.0
2023-04-27 21:00:49.0,1682600449000000000,,,,20.0,0.0,0.0,546.5,1.0,,0.0,,0.0,,0.0,,0.0,424.5,1.0,390.5,1.0,160.0,1.0,111.0,6.0,55.0,1.0
2023-04-27 21:00:49.25,1682600449250000000,,,,20.0,0.0,0.0,546.5,1.0,,0.0,,0.0,,0.0,,0.0,424.5,1.0,160.0,1.0,111.0,6.0,55.0,1.0,10.5,1.0
2023-04-27 21:00:55.0,1682600455000000000,,,,20.0,0.0,0.0,546.5,1.0,,0.0,,0.0,,0.0,,0.0,347.0,1.0,160.0,1.0,111.0,6.0,55.0,1.0,10.5,1.0
2023-04-27 21:00:55.25,1682600455250000000,,,,20.0,0.0,0.0,546.5,1.0,,0.0,,0.0,,0.0,,0.0,355.0,2.0,347.0,1.0,160.0,1.0,111.0,6.0,55.0,1.0
2023-04-27 21:00:55.5,1682600455500000000,,,,20.0,0.0,0.0,546.5,1.0,,0.0,,0.0,,0.0,,0.0,389.0,1.0,355.0,2.0,160.0,1.0,111.0,6.0,55.0,1.0
2023-04-27 21:00:55.75,1682600455750000000,,,,20.0,0.0,0.0,546.5,1.0,,0.0,,0.0,,0.0,,0.0,389.0,1.0,160.0,1.0,111.0,6.0,55.0,1.0,10.5,1.0
2023-04-27 21:00:56.0,1682600456000000000,,,,20.0,0.0,0.0,546.5,1.0,,0.0,,0.0,,0.0,,0.0,389.5,2.0,389.0,1.0,160.0,1.0,111.0,6.0,55.0,1.0
2023-04-27 21:00:56.25,1682600456250000000,,,,20.0,0.0,0.0,546.5,1.0,,0.0,,0.0,,0.0,,0.0,423.5,1.0,391.0,1.0,389.5,2.0,160.0,1.0,111.0,6.0
2023-04-27 21:00:56.75,1682600456750000000,,,,20.0,0.0,0.0,546.5,1.0,,0.0,,0.0,,0.0,,0.0,423.5,1.0,160.0,1.0,111.0,6.0,55.0,1.0,10.5,1.0
2023-04-27 21:01:46.25,1682600506250000000,,,,20.0,0.0,0.0,546.5,1.0,,0.0,,0.0,,0.0,,0.0,423.5,1.0,160.0,1.0,111.0,6.0,88.5,1.0,55.0,1.0
2023-04-27 21:07:19.0,1682600839000000000,,,,20.0,0.0,0.0,546.5,1.0,,0.0,,0.0,,0.0,,0.0,423.5,1.0,111.0,6.0,88.5,1.0,55.0,1.0,10.5,1.0
2023-04-27 21:09:22.0,1682600962000000000,,,,20.0,0.0,0.0,487.5,20.0,546.5,1.0,,0.0,,0.0,,0.0,423.5,1.0,111.0,6.0,88.5,1.0,55.0,1.0,10.5,1.0
2023-04-27 21:09:23.5,1682600963500000000,,,,20.0,0.0,0.0,546.5,1.0,,0.0,,0.0,,0.0,,0.0,423.5,1.0,111.0,6.0,88.5,1.0,55.0,1.0,10.5,1.0
2023-04-27 21:13:51.75,1682601231750000000,,,,20.0,0.0,0.0,546.5,1.0,,0.0,,0.0,,0.0,,0.0,423.5,1.0,111.0,6.0,88.5,1.0,55.0,1.0,10.5,1.0
2023-04-27 21:26:21.5,1682601981500000000,,,,20.0,0.0,0.0,546.5,1.0,,0.0,,0.0,,0.0,,0.0,491.5,20.0,423.5,1.0,111.0,6.0,88.5,1.0,55.0,1.0
2023-04-27 21:26:21.75,1682601981750000000,491.5,491.5,491.5,30.0,10.0,49150.0,546.5,1.0,,0.0,,0.0,,0.0,,0.0,491.5,10.0,423.5,1.0,111.0,6.0,88.5,1.0,55.0,1.0
2023-04-27 21:26:22.0,1682601982000000000,491.5,491.5,491.5,30.0,10.0,49150.0,546.0,1.0,546.5,1.0,,0.0,,0.0,,0.0,491.5,10.0,423.5,1.0,111.0,6.0,88.5,1.0,55.0,1.0
2023-04-27 21:26:22.25,1682601982250000000,491.5,491.5,491.5,30.0,10.0,49150.0,513.0,1.0,546.0,1.0,,0.0,,0.0,,0.0,491.5,10.0,423.5,1.0,111.0,6.0,88.5,1.0,55.0,1.0
2023-04-27 21:26:22.5,1682601982500000000,491.5,491.5,491.5,30.0,10.0,49150.0,512.5,1.0,513.0,1.0,546.0,1.0,,0.0,,0.0,491.5,10.0,423.5,1.0,111.0,6.0,88.5,1.0,55.0,1.0
2023-04-27 21:26:25.75,1682601985750000000,491.5,491.5,491.5,30.0,10.0,49150.0,512.5,1.0,513.0,1.0,546.0,1.0,,0.0,,0.0,423.5,1.0,111.0,6.0,88.5,1.0,55.0,1.0,10.5,1.0
2023-04-27 21:26:26.0,1682601986000000000,491.5,491.5,491.5,30.0,10.0,49150.0,512.5,1.0,513.0,1.0,546.0,1.0,,0.0,,0.0,424.0,1.0,423.5,1.0,111.0,6.0,88.5,1.0,55.0,1.0
2023-04-27 21:26:26.25,1682601986250000000,491.5,491.5,491.5,30.0,10.0,49150.0,512.5,1.0,513.0,1.0,546.0,1.0,,0.0,,0.0,476.0,1.0,424.0,1.0,111.0,6.0,88.5,1.0,55.0,1.0
2023-04-27 21:27:20.5,1682602040500000000,491.5,491.5,491.5,30.0,10.0,49150.0,512.5,1.0,513.0,1.0,546.0,1.0,,0.0,,0.0,476.0,1.0,424.0,1.0,111.0,6.0,88.5,1.0,74.0,1.0
2023-04-27 21:28:14.25,1682602094250000000,491.5,491.5,491.5,30.0,10.0,49150.0,512.5,1.0,513.0,1.0,546.0,1.0,,0.0,,0.0,476.0,1.0,424.0,1.0,111.0,6.0,88.5,1.0,74.0,1.0
2023-04-27 21:32:11.75,1682602331750000000,491.5,491.5,491.5,30.0,10.0,49150.0,502.0,1.0,512.5,1.0,546.0,1.0,,0.0,,0.0,476.0,1.0,424.0,1.0,111.0,6.0,88.5,1.0,74.0,1.0
2023-04-27 21:54:36.5,1682603676500000000,491.5,491.5,491.5,30.0,10.0,49150.0,502.0,1.0,512.5,1.0,546.0,1.0,,0.0,,0.0,476.5,1.0,476.0,1.0,424.0,1.0,111.0,6.0,88.5,1.0
2023-04-27 21:54:55.75,1682603695750000000,491.5,491.5,491.5,30.0,10.0,49150.0,502.0,1.0,512.5,1.0,546.0,1.0,,0.0,,0.0,476.0,1.0,424.0,1.0,111.0,6.0,88.5,1.0,74.0,1.0
2023-04-27 22:00:53.25,1682604053250000000,491.5,491.5,491.5,30.0,10.0,49150.0,502.0,1.0,512.5,1.0,,0.0,,0.0,,0.0,476.0,1.0,424.0,1.0,111.0,6.0,88.5,1.0,74.0,1.0
2023-04-27 22:06:13.0,1682604373000000000,491.5,491.5,491.5,30.0,10.0,49150.0,502.0,1.0,512.5,1.0,,0.0,,0.0,,0.0,483.5,1.0,476.0,1.0,424.0,1.0,111.0,6.0,88.5,1.0
2023-04-27 22:06:16.25,1682604376250000000,491.5,491.5,491.5,30.0,10.0,49150.0,502.0,1.0,512.5,1.0,,0.0,,0.0,,0.0,489.0,1.0,483.5,1.0,476.0,1.0,424.0,1.0,111.0,6.0
2023-04-27 22:06:16.5,1682604376500000000,491.5,489.0,489.0,30.0,11.0,54040.0,502.0,1.0,512.5,1.0,,0.0,,0.0,,0.0,483.5,1.0,476.0,1.0,424.0,1.0,111.0,6.0,88.5,1.0
2023-04-27 22:06:19.25,1682604379250000000,491.5,489.0,489.0,30.0,11.0,54040.0,502.0,1.0,512.5,1.0,,0.0,,0.0,,0.0,488.5,1.0,483.5,1.0,476.0,1.0,424.0,1.0,111.0,6.0
2023-04-27 22:06:19.5,1682604379500000000,491.5,488.5,488.5,30.0,12.0,58925.0,502.0,1.0,512.5,1.0,,0.0,,0.0,,0.0,483.5,1.0,476.0,1.0,424.0,1.0,111.0,6.0,88.5,1.0
2023-04-27 22:06:22.25,1682604382250000000,491.5,488.5,488.5,30.0,12.0,58925.0,502.0,1.0,512.5,1.0,,0.0,,0.0,,0.0,487.5,1.0,483.5,1.0,476.0,1.0,424.0,1.0,111.0,6.0
2023-04-27 22:06:22.5,1682604382500000000,491.5,487.5,487.5,30.0,13.0,63800.0,502.0,1.0,512.5,1.0,,0.0,,0.0,,0.0,483.5,1.0,476.0,1.0,424.0,1.0,111.0,6.0,88.5,1.0
2023-04-27 22:06:23.25,1682604383250000000,491.5,487.5,487.5,30.0,13.0,63800.0,502.0,1.0,512.5,1.0,,0.0,,0.0,,0.0,476.0,1.0,424.0,1.0,111.0,6.0,88.5,1.0,74.0,1.0
2023-04-27 22:07:15.25,1682604435250000000,491.5,487.5,487.5,30.0,13.0,63800.0,501.5,13.0,502.0,1.0,512.5,1.0,,0.0,,0.0,476.0,1.0,424.0,1.0,111.0,6.0,88.5,1.0,74.0,1.0
2023-04-27 22:09:38.5,1682604578500000000,491.5,487.5,487.5,30.0,13.0,63800.0,501.5,12.0,502.0,1.0,512.5,1.0,,0.0,,0.0,476.0,1.0,424.0,1.0,111.0,6.0,88.5,1.0,74.0,1.0
2023-04-27 22:10:13.0,1682604613000000000,491.5,487.5,487.5,30.0,13.0,63800.0,501.0,1.0,501.5,12.0,502.0,1.0,512.5,1.0,,0.0,476.0,1.0,424.0,1.0,111.0,6.0,88.5,1.0,74.0,1.0
2023-04-27 22:10:34.5,1682604634500000000,491.5,487.5,487.5,30.0,13.0,63800.0,501.0,1.0,502.0,1.0,512.5,1.0,,0.0,,0.0,476.0,1.0,424.0,1.0,111.0,6.0,88.5,1.0,74.0,1.0
2023-04-27 22:10:35.0,1682604635000000000,491.5,487.5,487.5,30.0,13.0,63800.0,500.5,11.0,501.0,1.0,502.0,1.0,512.5,1.0,,0.0,476.0,1.0,424.0,1.0,111.0,6.0,88.5,1.0,74.0,1.0
2023-04-27 22:10:35.75,1682604635750000000,491.5,487.5,487.5,30.0,13.0,63800.0,500.0,1.0,500.5,11.0,502.0,1.0,512.5,1.0,,0.0,476.0,1.0,424.0,1.0,111.0,6.0,88.5,1.0,74.0,1.0
2023-04-27 22:10:36.25,1682604636250000000,491.5,487.5,487.5,30.0,13.0,63800.0,500.0,1.0,502.0,1.0,512.5,1.0,,0.0,,0.0,476.0,1.0,424.0,1.0,111.0,6.0,88.5,1.0,74.0,1.0
2023-04-27 22:10:36.5,1682604636500000000,491.5,487.5,487.5,30.0,13.0,63800.0,499.5,11.0,500.0,1.0,502.0,1.0,512.5,1.0,,0.0,476.0,1.0,424.0,1.0,111.0,6.0,88.5,1.0,74.0,1.0
2023-04-27 22:10:37.25,1682604637250000000,491.5,487.5,487.5,30.0,13.0,63800.0,499.5,11.0,502.0,1.0,512.5,1.0,,0.0,,0.0,476.0,1.0,424.0,1.0,111.0,6.0,88.5,1.0,74.0,1.0
2023-04-27 22:10:37.5,1682604637500000000,491.5,487.5,487.5,30.0,13.0,63800.0,499.0,1.0,499.5,11.0,502.0,1.0,512.5,1.0,,0.0,476.0,1.0,424.0,1.0,111.0,6.0,88.5,1.0,74.0,1.0
2023-04-27 22:10:38.0,1682604638000000000,491.5,487.5,487.5,30.0,13.0,63800.0,499.0,1.0,502.0,1.0,512.5,1.0,,0.0,,0.0,476.0,1.0,424.0,1.0,111.0,6.0,88.5,1.0,74.0,1.0
2023-04-27 22:10:38.5,1682604638500000000,491.5,487.5,487.5,30.0,13.0,63800.0,498.5,11.0,499.0,1.0,502.0,1.0,512.5,1.0,,0.0,476.0,1.0,424.0,1.0,111.0,6.0,88.5,1.0,74.0,1.0
2023-04-27 22:10:39.0,1682604639000000000,491.5,487.5,487.5,30.0,13.0,63800.0,498.5,11.0,502.0,1.0,512.5,1.0,,0.0,,0.0,476.0,1.0,424.0,1.0,111.0,6.0,88.5,1.0,74.0,1.0
2023-04-27 22:10:39.5,1682604639500000000,491.5,487.5,487.5,30.0,13.0,63800.0,498.0,1.0,498.5,11.0,502.0,1.0,512.5,1.0,,0.0,476.0,1.0,424.0,1.0,111.0,6.0,88.5,1.0,74.0,1.0
2023-04-27 22:10:40.0,1682604640000000000,491.5,487.5,487.5,30.0,13.0,63800.0,498.0,1.0,502.0,1.0,512.5,1.0,,0.0,,0.0,476.0,1.0,424.0,1.0,111.0,6.0,88.5,1.0,74.0,1.0
2023-04-27 22:10:40.5,1682604640500000000,491.5,487.5,487.5,30.0,13.0,63800.0,497.5,11.0,502.0,1.0,512.5,1.0,,0.0,,0.0,476.0,1.0,424.0,1.0,111.0,6.0,88.5,1.0,74.0,1.0
2023-04-27 22:10:41.0,1682604641000000000,491.5,487.5,487.5,30.0,13.0,63800.0,497.5,12.0,502.0,1.0,512.5,1.0,,0.0,,0.0,476.0,1.0,424.0,1.0,111.0,6.0,88.5,1.0,74.0,1.0
2023-04-27 22:10:53.75,1682604653750000000,491.5,487.5,487.5,30.0,13.0,63800.0,497.5,11.0,502.0,1.0,512.5,1.0,,0.0,,0.0,476.0,1.0,424.0,1.0,111.0,6.0,88.5,1.0,74.0,1.0
2023-04-27 22:10:54.0,1682604654000000000,491.5,487.5,487.5,30.0,13.0,63800.0,497.0,1.0,497.5,11.0,502.0,1.0,512.5,1.0,,0.0,476.0,1.0,424.0,1.0,111.0,6.0,88.5,1.0,74.0,1.0
2023-04-27 22:11:15.25,1682604675250000000,491.5,487.5,487.5,30.0,13.0,63800.0,497.5,11.0,502.0,1.0,512.5,1.0,,0.0,,0.0,476.0,1.0,424.0,1.0,111.0,6.0,88.5,1.0,74.0,1.0
2023-04-27 22:11:15.5,1682604675500000000,491.5,487.5,487.5,30.0,13.0,63800.0,497.5,10.0,502.0,1.0,512.5,1.0,,0.0,,0.0,476.0,1.0,424.0,1.0,111.0,6.0,88.5,1.0,74.0,1.0
2023-04-27 22:11:20.5,1682604680500000000,491.5,487.5,487.5,30.0,13.0,63800.0,497.5,2.0,502.0,1.0,512.5,1.0,,0.0,,0.0,476.0,1.0,424.0,1.0,111.0,6.0,88.5,1.0,74.0,1.0
2023-04-27 22:11:20.75,1682604680750000000,491.5,487.5,487.5,30.0,13.0,63800.0,502.0,1.0,512.5,1.0,,0.0,,0.0,,0.0,476.0,1.0,424.0,1.0,111.0,6.0,88.5,1.0,74.0,1.0
2023-04-27 22:11:58.75,1682604718750000000,491.5,487.5,487.5,30.0,13.0,63800.0,502.0,1.0,512.5,1.0,,0.0,,0.0,,0.0,476.0,1.0,424.0,1.0,111.0,6.0,88.5,1.0,55.0,1.0
2023-04-27 22:12:46.5,1682604766500000000,491.5,487.5,487.5,30.0,13.0,63800.0,502.0,1.0,512.5,1.0,,0.0,,0.0,,0.0,476.0,1.0,424.0,1.0,111.0,6.0,88.5,1.0,71.0,1.0
2023-04-27 22:14:41.75,1682604881750000000,491.5,487.5,487.5,30.0,13.0,63800.0,487.5,20.0,502.0,1.0,512.5,1.0,,0.0,,0.0,476.0,1.0,424.0,1.0,111.0,6.0,88.5,1.0,71.0,1.0
2023-04-27 22:14:42.25,1682604882250000000,491.5,487.5,487.5,30.0,13.0,63800.0,502.0,1.0,512.5,1.0,,0.0,,0.0,,0.0,476.0,1.0,424.0,1.0,111.0,6.0,88.5,1.0,71.0,1.0
2023-04-27 22:15:03.25,1682604903250000000,491.5,487.5,487.5,30.0,13.0,63800.0,501.5,9.0,502.0,1.0,512.5,1.0,,0.0,,0.0,476.0,1.0,424.0,1.0,111.0,6.0,88.5,1.0,71.0,1.0
2023-04-27 22:15:14.5,1682604914500000000,491.5,487.5,487.5,30.0,13.0,63800.0,501.5,9.0,502.0,1.0,512.5,1.0,,0.0,,0.0,478.5,1.0,476.0,1.0,424.0,1.0,111.0,6.0,88.5,1.0
2023-04-27 22:15:17.25,1682604917250000000,491.5,487.5,487.5,30.0,13.0,63800.0,501.5,9.0,502.0,1.0,512.5,1.0,,0.0,,0.0,480.5,1.0,478.5,1.0,476.0,1.0,424.0,1.0,111.0,6.0
2023-04-27 22:15:18.0,1682604918000000000,491.5,487.5,487.5,30.0,13.0,63800.0,501.5,9.0,502.0,1.0,512.5,1.0,,0.0,,0.0,480.5,1.0,476.0,1.0,424.0,1.0,111.0,6.0,88.5,1.0
2023-04-27 22:15:18.25,1682604918250000000,491.5,487.5,487.5,30.0,13.0,63800.0,501.5,9.0,502.0,1.0,512.5,1.0,,0.0,,0.0,476.0,1.0,424.0,1.0,111.0,6.0,88.5,1.0,71.0,1.0
2023-04-27 22:15:19.75,1682604919750000000,491.5,487.5,487.5,30.0,13.0,63800.0,501.5,9.0,502.0,1.0,512.5,1.0,,0.0,,0.0,482.0,1.0,476.0,1.0,424.0,1.0,111.0,6.0,88.5,1.0
2023-04-27 22:15:26.0,1682604926000000000,491.5,487.5,487.5,30.0,13.0,63800.0,501.5,9.0,502.0,1.0,512.5,1.0,,0.0,,0.0,476.0,1.0,424.0,1.0,111.0,6.0,88.5,1.0,71.0,1.0
2023-04-27 22:15:47.5,1682604947500000000,491.5,487.5,487.5,30.0,13.0,63800.0,501.5,9.0,502.0,1.0,512.5,1.0,,0.0,,0.0,483.0,1.0,476.0,1.0,424.0,1.0,111.0,6.0,88.5,1.0
2023-04-27 22:15:51.75,1682604951750000000,491.5,487.5,487.5,30.0,13.0,63800.0,501.5,9.0,502.0,1.0,512.5,1.0,,0.0,,0.0,483.5,1.0,483.0,1.0,476.0,1.0,424.0,1.0,111.0,6.0
2023-04-27 22:15:52.5,1682604952500000000,491.5,487.5,487.5,30.0,13.0,63800.0,501.5,9.0,502.0,1.0,512.5,1.0,,0.0,,0.0,476.0,1.0,424.0,1.0,111.0,6.0,88.5,1.0,71.0,1.0
2023-04-27 22:15:54.25,1682604954250000000,491.5,487.5,487.5,30.0,13.0,63800.0,501.5,9.0,502.0,1.0,512.5,1.0,,0.0,,0.0,484.0,1.0,476.0,1.0,424.0,1.0,111.0,6.0,88.5,1.0
2023-04-27 22:15:55.75,1682604955750000000,491.5,487.5,487.5,30.0,13.0,63800.0,501.5,9.0,502.0,1.0,512.5,1.0,,0.0,,0.0,476.0,1.0,424.0,1.0,111.0,6.0,88.5,1.0,71.0,1.0
2023-04-27 22:15:57.0,1682604957000000000,491.5,487.5,487.5,30.0,13.0,63800.0,501.5,9.0,502.0,1.0,512.5,1.0,,0.0,,0.0,484.5,1.0,476.0,1.0,424.0,1.0,111.0,6.0,88.5,1.0
2023-04-27 22:15:58.0,1682604958000000000,491.5,487.5,487.5,30.0,13.0,63800.0,501.5,9.0,502.0,1.0,512.5,1.0,,0.0,,0.0,476.0,1.0,424.0,1.0,111.0,6.0,88.5,1.0,71.0,1.0
2023-04-27 22:15:59.75,1682604959750000000,491.5,487.5,487.5,30.0,13.0,63800.0,501.5,9.0,502.0,1.0,512.5,1.0,,0.0,,0.0,485.0,1.0,476.0,1.0,424.0,1.0,111.0,6.0,88.5,1.0
2023-04-27 22:16:01.0,1682604961000000000,491.5,487.5,487.5,30.0,13.0,63800.0,501.5,9.0,502.0,1.0,512.5,1.0,,0.0,,0.0,476.0,1.0,424.0,1.0,111.0,6.0,88.5,1.0,71.0,1.0
2023-04-27 22:16:04.25,1682604964250000000,491.5,487.5,487.5,30.0,13.0,63800.0,501.0,1.0,501.5,9.0,502.0,1.0,512.5,1.0,,0.0,476.0,1.0,424.0,1.0,111.0,6.0,88.5,1.0,71.0,1.0
2023-04-27 22:16:07.75,1682604967750000000,491.5,487.5,487.5,30.0,13.0,63800.0,501.0,1.0,501.5,9.0,502.0,1.0,512.5,1.0,,0.0,486.0,1.0,476.0,1.0,424.0,1.0,111.0,6.0,88.5,1.0
2023-04-27 22:16:10.25,1682604970250000000,491.5,487.5,487.5,30.0,13.0,63800.0,501.0,1.0,501.5,9.0,502.0,1.0,512.5,1.0,,0.0,476.0,1.0,424.0,1.0,111.0,6.0,88.5,1.0,71.0,1.0
2023-04-27 22:16:10.75,1682604970750000000,491.5,487.5,487.5,30.0,13.0,63800.0,501.0,1.0,501.5,9.0,502.0,1.0,512.5,1.0,,0.0,487.0,1.0,476.0,1.0,424.0,1.0,111.0,6.0,88.5,1.0
2023-04-27 22:16:13.25,1682604973250000000,491.5,487.5,487.5,30.0,13.0,63800.0,501.0,1.0,501.5,9.0,502.0,1.0,512.5,1.0,,0.0,487.5,1.0,487.0,1.0,476.0,1.0,424.0,1.0,111.0,6.0
2023-04-27 22:16:14.5,1682604974500000000,491.5,487.5,487.5,30.0,13.0,63800.0,501.0,1.0,501.5,9.0,502.0,1.0,512.5,1.0,,0.0,476.0,1.0,424.0,1.0,111.0,6.0,88.5,1.0,71.0,1.0
2023-04-27 22:16:27.5,1682604987500000000,491.5,487.5,487.5,30.0,13.0,63800.0,501.0,1.0,501.5,9.0,502.0,1.0,512.5,1.0,,0.0,488.0,1.0,476.0,1.0,424.0,1.0,111.0,6.0,88.5,1.0
2023-04-27 22:16:30.5,1682604990500000000,491.5,487.5,487.5,30.0,13.0,63800.0,501.0,1.0,501.5,9.0,502.0,1.0,512.5,1.0,,0.0,476.0,1.0,424.0,1.0,111.0,6.0,88.5,1.0,71.0,1.0
2023-04-27 22:17:31.5,1682605051500000000,491.5,487.5,487.5,30.0,13.0,63800.0,501.0,1.0,501.5,9.0,502.0,1.0,512.5,1.0,,0.0,489.0,1.0,476.0,1.0,424.0,1.0,111.0,6.0,88.5,1.0
2023-04-27 22:17:34.25,1682605054250000000,491.5,487.5,487.5,30.0,13.0,63800.0,501.0,1.0,501.5,9.0,502.0,1.0,512.5,1.0,,0.0,490.0,1.0,489.0,1.0,476.0,1.0,424.0,1.0,111.0,6.0
2023-04-27 22:17:34.5,1682605054500000000,491.5,490.0,487.5,30.0,14.0,68700.0,501.0,1.0,501.5,9.0,502.0,1.0,512.5,1.0,,0.0,489.0,1.0,476.0,1.0,424.0,1.0,111.0,6.0,88.5,1.0
2023-04-27 22:17:35.25,1682605055250000000,491.5,490.0,487.5,30.0,14.0,68700.0,501.0,1.0,501.5,9.0,502.0,1.0,512.5,1.0,,0.0,476.0,1.0,424.0,1.0,111.0,6.0,88.5,1.0,71.0,1.0
2023-04-27 22:17:35.5,1682605055500000000,491.5,490.0,487.5,30.0,14.0,68700.0,501.5,8.0,502.0,1.0,512.5,1.0,,0.0,,0.0,476.0,1.0,424.0,1.0,111.0,6.0,88.5,1.0,71.0,1.0
2023-04-27 22:17:35.75,1682605055750000000,491.5,490.0,487.5,30.0,14.0,68700.0,502.0,1.0,512.5,1.0,,0.0,,0.0,,0.0,476.0,1.0,424.0,1.0,111.0,6.0,88.5,1.0,71.0,1.0
2023-04-27 22:21:09.75,1682605269750000000,491.5,490.0,487.5,30.0,14.0,68700.0,501.5,11.0,502.0,1.0,512.5,1.0,,0.0,,0.0,476.0,1.0,424.0,1.0,111.0,6.0,88.5,1.0,71.0,1.0
2023-04-27 22:21:23.0,1682605283000000000,491.5,490.0,487.5,30.0,14.0,68700.0,501.5,8.0,502.0,1.0,512.5,1.0,,0.0,,0.0,476.0,1.0,424.0,1.0,111.0,6.0,88.5,1.0,71.0,1.0
2023-04-27 22:21:27.75,1682605287750000000,491.5,490.0,487.5,30.0,14.0,68700.0,501.5,7.0,502.0,1.0,512.5,1.0,,0.0,,0.0,476.0,1.0,424.0,1.0,111.0,6.0,88.5,1.0,71.0,1.0
2023-04-27 22:21:42.25,1682605302250000000,491.5,490.0,487.5,30.0,14.0,68700.0,501.0,2.0,501.5,8.0,502.0,1.0,512.5,1.0,,0.0,476.0,1.0,424.0,1.0,111.0,6.0,88.5,1.0,71.0,1.0
2023-04-27 22:21:45.75,1682605305750000000,491.5,490.0,487.5,30.0,14.0,68700.0,502.0,1.0,512.5,1.0,,0.0,,0.0,,0.0,476.0,1.0,424.0,1.0,111.0,6.0,88.5,1.0,71.0,1.0
2023-04-27 22:31:05.5,1682605865500000000,491.5,490.0,487.5,30.0,14.0,68700.0,512.5,1.0,513.5,1.0,,0.0,,0.0,,0.0,476.0,1.0,424.0,1.0,111.0,6.0,88.5,1.0,71.0,1.0
2023-04-27 22:31:05.75,1682605865750000000,491.5,490.0,487.5,30.0,14.0,68700.0,513.5,1.0,,0.0,,0.0,,0.0,,0.0,476.0,1.0,424.0,1.0,111.0,6.0,88.5,1.0,71.0,1.0
2023-04-27 22:31:54.25,1682605914250000000,491.5,490.0,487.5,30.0,14.0,68700.0,513.5,1.0,647.5,1.0,,0.0,,0.0,,0.0,476.0,1.0,424.0,1.0,111.0,6.0,88.5,1.0,71.0,1.0
2023-04-27 22:31:57.25,1682605917250000000,491.5,490.0,487.5,30.0,14.0,68700.0,647.5,1.0,,0.0,,0.0,,0.0,,0.0,476.0,1.0,424.0,1.0,111.0,6.0,88.5,1.0,71.0,1.0
2023-04-27 22:31:57.5,1682605917500000000,491.5,490.0,487.5,30.0,14.0,68700.0,646.0,1.0,647.0,1.0,647.5,1.0,,0.0,,0.0,476.0,1.0,424.0,1.0,111.0,6.0,88.5,1.0,71.0,1.0
2023-04-27 22:31:57.75,1682605917750000000,491.5,490.0,487.5,30.0,14.0,68700.0,589.0,1.0,646.0,1.0,647.0,1.0,,0.0,,0.0,476.0,1.0,424.0,1.0,111.0,6.0,88.5,1.0,71.0,1.0
2023-04-27 22:31:58.0,1682605918000000000,491.5,490.0,487.5,30.0,14.0,68700.0,587.5,1.0,589.0,1.0,647.0,1.0,,0.0,,0.0,476.0,1.0,424.0,1.0,111.0,6.0,88.5,1.0,71.0,1.0
2023-04-27 22:31:58.25,1682605918250000000,491.5,490.0,487.5,30.0,14.0,68700.0,530.5,1.0,587.5,1.0,647.0,1.0,,0.0,,0.0,476.0,1.0,424.0,1.0,111.0,6.0,88.5,1.0,71.0,1.0
2023-04-27 22:31:58.5,1682605918500000000,491.5,490.0,487.5,30.0,14.0,68700.0,530.5,1.0,647.0,1.0,,0.0,,0.0,,0.0,476.0,1.0,424.0,1.0,111.0,6.0,88.5,1.0,71.0,1.0
2023-04-27 22:42:00.5,1682606520500000000,491.5,490.0,487.5,30.0,14.0,68700.0,530.5,1.0,647.0,1.0,,0.0,,0.0,,0.0,500.0,1.0,476.0,1.0,424.0,1.0,111.0,6.0,88.5,1.0
2023-04-27 22:42:00.75,1682606520750000000,491.5,490.0,487.5,30.0,14.0,68700.0,530.5,1.0,647.0,1.0,,0.0,,0.0,,0.0,500.0,1.0,499.0,1.0,424.0,1.0,111.0,6.0,88.5,1.0
2023-04-27 22:43:51.5,1682606631500000000,491.5,490.0,487.5,30.0,14.0,68700.0,530.5,1.0,647.0,1.0,,0.0,,0.0,,0.0,521.5,20.0,500.0,1.0,499.0,1.0,424.0,1.0,111.0,6.0
2023-04-27 22:44:26.75,1682606666750000000,491.5,490.0,487.5,30.0,14.0,68700.0,590.0,1.0,647.0,1.0,,0.0,,0.0,,0.0,521.5,20.0,500.0,1.0,499.0,1.0,424.0,1.0,111.0,6.0
2023-04-27 22:45:02.75,1682606702750000000,491.5,490.0,487.5,30.0,14.0,68700.0,590.0,1.0,647.0,1.0,,0.0,,0.0,,0.0,521.5,20.0,499.0,1.0,424.0,1.0,111.0,6.0,88.5,1.0
2023-04-27 22:47:46.25,1682606866250000000,491.5,490.0,487.5,30.0,14.0,68700.0,590.0,1.0,647.0,1.0,,0.0,,0.0,,0.0,521.5,20.0,499.0,1.0,424.0,1.0,111.0,6.0,88.5,1.0
2023-04-27 22:53:55.75,1682607235750000000,491.5,490.0,487.5,30.0,14.0,68700.0,590.0,1.0,647.0,1.0,,0.0,,0.0,,0.0,499.0,1.0,424.0,1.0,111.0,6.0,88.5,1.0,55.0,1.0
2023-04-27 22:56:01.5,1682607361500000000,491.5,490.0,487.5,30.0,14.0,68700.0,590.0,1.0,647.0,1.0,,0.0,,0.0,,0.0,499.0,1.0,424.0,1.0,111.0,6.0,55.0,1.0,10.5,1.0
2023-04-27 22:56:36.25,1682607396250000000,491.5,490.0,487.5,30.0,14.0,68700.0,647.0,1.0,,0.0,,0.0,,0.0,,0.0,499.0,1.0,424.0,1.0,111.0,6.0,55.0,1.0,10.5,1.0
2023-04-27 22:56:36.5,1682607396500000000,491.5,490.0,487.5,30.0,14.0,68700.0,645.5,1.0,647.0,1.0,,0.0,,0.0,,0.0,424.0,1.0,111.0,6.0,55.0,1.0,10.5,1.0,2.5,1.0
2023-04-27 22:56:42.0,1682607402000000000,491.5,490.0,487.5,30.0,14.0,68700.0,645.5,1.0,647.0,1.0,,0.0,,0.0,,0.0,425.5,1.0,424.0,1.0,111.0,6.0,55.0,1.0,10.5,1.0
2023-04-27 22:57:13.0,1682607433000000000,491.5,490.0,487.5,30.0,14.0,68700.0,645.5,1.0,647.0,1.0,,0.0,,0.0,,0.0,433.5,2.0,425.5,1.0,424.0,1.0,111.0,6.0,55.0,1.0
2023-04-27 22:57:13.5,1682607433500000000,491.5,490.0,487.5,30.0,14.0,68700.0,645.5,1.0,647.0,1.0,,0.0,,0.0,,0.0,435.0,1.0,433.5,2.0,424.0,1.0,111.0,6.0,55.0,1.0
2023-04-27 22:57:14.25,1682607434250000000,491.5,490.0,487.5,30.0,14.0,68700.0,645.5,1.0,647.0,1.0,,0.0,,0.0,,0.0,435.0,1.0,424.0,1.0,111.0,6.0,55.0,1.0,10.5,1.0
2023-04-27 22:57:14.5,1682607434500000000,491.5,490.0,487.5,30.0,14.0,68700.0,645.5,1.0,647.0,1.0,,0.0,,0.0,,0.0,435.5,2.0,435.0,1.0,424.0,1.0,111.0,6.0,55.0,1.0
2023-04-27 22:57:15.0,1682607435000000000,491.5,490.0,487.5,30.0,14.0,68700.0,645.5,1.0,647.0,1.0,,0.0,,0.0,,0.0,435.5,2.0,424.0,1.0,111.0,6.0,55.0,1.0,10.5,1.0
2023-04-27 22:57:16.0,1682607436000000000,491.5,490.0,487.5,30.0,14.0,68700.0,645.5,1.0,647.0,1.0,,0.0,,0.0,,0.0,437.0,1.0,435.5,2.0,424.0,1.0,111.0,6.0,55.0,1.0
2023-04-27 22:57:16.5,1682607436500000000,491.5,490.0,487.5,30.0,14.0,68700.0,645.5,1.0,647.0,1.0,,0.0,,0.0,,0.0,437.0,1.0,424.0,1.0,111.0,6.0,55.0,1.0,10.5,1.0
2023-04-27 22:57:16.75,1682607436750000000,491.5,490.0,487.5,30.0,14.0,68700.0,645.5,1.0,647.0,1.0,,0.0,,0.0,,0.0,437.5,2.0,437.0,1.0,424.0,1.0,111.0,6.0,55.0,1.0
2023-04-27 22:57:17.0,1682607437000000000,491.5,490.0,487.5,30.0,14.0,68700.0,645.5,1.0,647.0,1.0,,0.0,,0.0,,0.0,437.5,2.0,424.0,1.0,111.0,6.0,55.0,1.0,10.5,1.0
2023-04-27 22:57:18.0,1682607438000000000,491.5,490.0,487.5,30.0,14.0,68700.0,645.5,1.0,647.0,1.0,,0.0,,0.0,,0.0,439.0,1.0,437.5,2.0,424.0,1.0,111.0,6.0,55.0,1.0
2023-04-27 22:57:18.5,1682607438500000000,491.5,490.0,487.5,30.0,14.0,68700.0,645.5,1.0,647.0,1.0,,0.0,,0.0,,0.0,439.0,1.0,424.0,1.0,111.0,6.0,55.0,1.0,10.5,1.0
2023-04-27 22:57:40.25,1682607460250000000,491.5,490.0,487.5,30.0,14.0,68700.0,645.5,1.0,,0.0,,0.0,,0.0,,0.0,439.0,1.0,111.0,6.0,55.0,1.0,10.5,1.0,2.5,1.0
2023-04-27 22:58:00.25,1682607480250000000,491.5,490.0,487.5,30.0,14.0,68700.0,645.5,1.0,,0.0,,0.0,,0.0,,0.0,111.0,6.0,55.0,1.0,10.5,1.0,2.5,1.0,1.5,1.0
2023-04-27 22:58:00.5,1682607480500000000,491.5,490.0,487.5,30.0,14.0,68700.0,645.5,1.0,,0.0,,0.0,,0.0,,0.0,119.0,2.0,112.5,1.0,111.0,6.0,55.0,1.0,10.5,1.0
2023-04-27 22:58:01.0,1682607481000000000,491.5,490.0,487.5,30.0,14.0,68700.0,645.5,1.0,,0.0,,0.0,,0.0,,0.0,120.5,1.0,119.0,2.0,111.0,6.0,55.0,1.0,10.5,1.0
2023-04-27 22:58:01.5,1682607481500000000,491.5,490.0,487.5,30.0,14.0,68700.0,645.5,1.0,,0.0,,0.0,,0.0,,0.0,120.5,1.0,111.0,6.0,55.0,1.0,10.5,1.0,2.5,1.0
2023-04-27 22:58:01.75,1682607481750000000,491.5,490.0,487.5,30.0,14.0,68700.0,645.5,1.0,,0.0,,0.0,,0.0,,0.0,128.5,2.0,120.5,1.0,111.0,6.0,55.0,1.0,10.5,1.0
2023-04-27 22:58:02.0,1682607482000000000,491.5,490.0,487.5,30.0,14.0,68700.0,645.5,1.0,,0.0,,0.0,,0.0,,0.0,130.0,1.0,128.5,2.0,111.0,6.0,55.0,1.0,10.5,1.0
2023-04-27 22:58:02.5,1682607482500000000,491.5,490.0,487.5,30.0,14.0,68700.0,645.5,1.0,,0.0,,0.0,,0.0,,0.0,130.0,1.0,111.0,6.0,55.0,1.0,10.5,1.0,2.5,1.0
2023-04-27 22:58:02.75,1682607482750000000,491.5,490.0,487.5,30.0,14.0,68700.0,645.5,1.0,,0.0,,0.0,,0.0,,0.0,138.0,2.0,130.0,1.0,111.0,6.0,55.0,1.0,10.5,1.0
2023-04-27 22:58:03.0,1682607483000000000,491.5,490.0,487.5,30.0,14.0,68700.0,645.5,1.0,,0.0,,0.0,,0.0,,0.0,139.5,1.0,138.0,2.0,111.0,6.0,55.0,1.0,10.5,1.0
2023-04-27 22:58:03.5,1682607483500000000,491.5,490.0,487.5,30.0,14.0,68700.0,645.5,1.0,,0.0,,0.0,,0.0,,0.0,139.5,1.0,111.0,6.0,55.0,1.0,10.5,1.0,2.5,1.0
2023-04-27 22:58:03.75,1682607483750000000,491.5,490.0,487.5,30.0,14.0,68700.0,645.5,1.0,,0.0,,0.0,,0.0,,0.0,147.5,2.0,139.5,1.0,111.0,6.0,55.0,1.0,10.5,1.0
2023-04-27 22:58:04.0,1682607484000000000,491.5,490.0,487.5,30.0,14.0,68700.0,645.5,1.0,,0.0,,0.0,,0.0,,0.0,149.0,1.0,147.5,2.0,111.0,6.0,55.0,1.0,10.5,1.0
2023-04-27 22:58:04.5,1682607484500000000,491.5,490.0,487.5,30.0,14.0,68700.0,645.5,1.0,,0.0,,0.0,,0.0,,0.0,149.0,1.0,111.0,6.0,55.0,1.0,10.5,1.0,2.5,1.0
2023-04-27 22:58:04.75,1682607484750000000,491.5,490.0,487.5,30.0,14.0,68700.0,645.5,1.0,,0.0,,0.0,,0.0,,0.0,157.0,2.0,149.0,1.0,111.0,6.0,55.0,1.0,10.5,1.0
2023-04-27 22:58:05.0,1682607485000000000,491.5,490.0,487.5,30.0,14.0,68700.0,645.5,1.0,,0.0,,0.0,,0.0,,0.0,158.5,1.0,157.0,2.0,111.0,6.0,55.0,1.0,10.5,1.0
2023-04-27 22:58:05.5,1682607485500000000,491.5,490.0,487.5,30.0,14.0,68700.0,645.5,1.0,,0.0,,0.0,,0.0,,0.0,158.5,1.0,111.0,6.0,55.0,1.0,10.5,1.0,2.5,1.0
2023-04-27 22:58:05.75,1682607485750000000,491.5,490.0,487.5,30.0,14.0,68700.0,645.5,1.0,,0.0,,0.0,,0.0,,0.0,166.5,2.0,158.5,1.0,111.0,6.0,55.0,1.0,10.5,1.0
2023-04-27 22:58:06.0,1682607486000000000,491.5,490.0,487.5,30.0,14.0,68700.0,645.5,1.0,,0.0,,0.0,,0.0,,0.0,166.5,2.0,111.0,6.0,55.0,1.0,10.5,1.0,2.5,1.0
2023-04-27 22:58:07.5,1682607487500000000,491.5,490.0,487.5,30.0,14.0,68700.0,645.5,1.0,,0.0,,0.0,,0.0,,0.0,168.0,1.0,166.5,2.0,111.0,6.0,55.0,1.0,10.5,1.0
2023-04-27 22:58:08.0,1682607488000000000,491.5,490.0,487.5,30.0,14.0,68700.0,645.5,1.0,,0.0,,0.0,,0.0,,0.0,168.0,1.0,111.0,6.0,55.0,1.0,10.5,1.0,2.5,1.0
2023-04-27 22:58:08.25,1682607488250000000,491.5,490.0,487.5,30.0,14.0,68700.0,645.5,1.0,,0.0,,0.0,,0.0,,0.0,176.0,2.0,168.0,1.0,111.0,6.0,55.0,1.0,10.5,1.0
2023-04-27 22:58:08.5,1682607488500000000,491.5,490.0,487.5,30.0,14.0,68700.0,645.5,1.0,,0.0,,0.0,,0.0,,0.0,177.5,1.0,176.0,2.0,111.0,6.0,55.0,1.0,10.5,1.0
2023-04-27 22:58:09.25,1682607489250000000,491.5,490.0,487.5,30.0,14.0,68700.0,645.5,1.0,,0.0,,0.0,,0.0,,0.0,185.5,2.0,177.5,1.0,111.0,6.0,55.0,1.0,10.5,1.0
2023-04-27 22:58:09.5,1682607489500000000,491.5,490.0,487.5,30.0,14.0,68700.0,645.5,1.0,,0.0,,0.0,,0.0,,0.0,187.0,1.0,185.5,2.0,111.0,6.0,55.0,1.0,10.5,1.0
2023-04-27 22:58:10.25,1682607490250000000,491.5,490.0,487.5,30.0,14.0,68700.0,645.5,1.0,,0.0,,0.0,,0.0,,0.0,195.0,2.0,187.0,1.0,111.0,6.0,55.0,1.0,10.5,1.0
2023-04-27 22:58:10.5,1682607490500000000,491.5,490.0,487.5,30.0,14.0,68700.0,645.5,1.0,,0.0,,0.0,,0.0,,0.0,196.5,1.0,195.0,2.0,111.0,6.0,55.0,1.0,10.5,1.0
2023-04-27 22:58:11.25,1682607491250000000,491.5,490.0,487.5,30.0,14.0,68700.0,645.5,1.0,,0.0,,0.0,,0.0,,0.0,204.5,2.0,196.5,1.0,111.0,6.0,55.0,1.0,10.5,1.0
2023-04-27 22:58:11.5,1682607491500000000,491.5,490.0,487.5,30.0,14.0,68700.0,645.5,1.0,,0.0,,0.0,,0.0,,0.0,206.0,1.0,204.5,2.0,111.0,6.0,55.0,1.0,10.5,1.0
2023-04-27 22:58:12.25,1682607492250000000,491.5,490.0,487.5,30.0,14.0,68700.0,645.5,1.0,,0.0,,0.0,,0.0,,0.0,214.0,2.0,206.0,1.0,111.0,6.0,55.0,1.0,10.5,1.0
2023-04-27 22:58:12.5,1682607492500000000,491.5,490.0,487.5,30.0,14.0,68700.0,645.5,1.0,,0.0,,0.0,,0.0,,0.0,215.5,1.0,214.0,2.0,111.0,6.0,55.0,1.0,10.5,1.0
2023-04-27 22:58:13.25,1682607493250000000,491.5,490.0,487.5,30.0,14.0,68700.0,645.5,1.0,,0.0,,0.0,,0.0,,0.0,223.5,2.0,215.5,1.0,111.0,6.0,55.0,1.0,10.5,1.0
2023-04-27 22:58:13.5,1682607493500000000,491.5,490.0,487.5,30.0,14.0,68700.0,645.5,1.0,,0.0,,0.0,,0.0,,0.0,225.0,1.0,223.5,2.0,111.0,6.0,55.0,1.0,10.5,1.0
2023-04-27 22:58:14.25,1682607494250000000,491.5,490.0,487.5,30.0,14.0,68700.0,645.5,1.0,,0.0,,0.0,,0.0,,0.0,233.0,2.0,225.0,1.0,111.0,6.0,55.0,1.0,10.5,1.0
2023-04-27 22:58:14.5,1682607494500000000,491.5,490.0,487.5,30.0,14.0,68700.0,645.5,1.0,,0.0,,0.0,,0.0,,0.0,234.5,1.0,233.0,2.0,111.0,6.0,55.0,1.0,10.5,1.0
2023-04-27 22:58:15.0,1682607495000000000,491.5,490.0,487.5,30.0,14.0,68700.0,645.5,1.0,,0.0,,0.0,,0.0,,0.0,234.5,1.0,111.0,6.0,55.0,1.0,10.5,1.0,2.5,1.0
2023-04-27 22:58:15.25,1682607495250000000,491.5,490.0,487.5,30.0,14.0,68700.0,645.5,1.0,,0.0,,0.0,,0.0,,0.0,242.5,2.0,234.5,1.0,111.0,6.0,55.0,1.0,10.5,1.0
2023-04-27 22:58:15.5,1682607495500000000,491.5,490.0,487.5,30.0,14.0,68700.0,645.5,1.0,,0.0,,0.0,,0.0,,0.0,244.0,1.0,242.5,2.0,111.0,6.0,55.0,1.0,10.5,1.0
2023-04-27 22:58:16.25,1682607496250000000,491.5,490.0,487.5,30.0,14.0,68700.0,645.5,1.0,,0.0,,0.0,,0.0,,0.0,252.0,2.0,244.0,1.0,111.0,6.0,55.0,1.0,10.5,1.0
2023-04-27 22:58:16.5,1682607496500000000,491.5,490.0,487.5,30.0,14.0,68700.0,645.5,1.0,,0.0,,0.0,,0.0,,0.0,253.5,1.0,252.0,2.0,111.0,6.0,55.0,1.0,10.5,1.0
2023-04-27 22:58:17.25,1682607497250000000,491.5,490.0,487.5,30.0,14.0,68700.0,645.5,1.0,,0.0,,0.0,,0.0,,0.0,261.5,2.0,253.5,1.0,111.0,6.0,55.0,1.0,10.5,1.0
2023-04-27 22:58:17.5,1682607497500000000,491.5,490.0,487.5,30.0,14.0,68700.0,645.5,1.0,,0.0,,0.0,,0.0,,0.0,263.0,1.0,261.5,2.0,111.0,6.0,55.0,1.0,10.5,1.0
2023-04-27 22:58:18.25,1682607498250000000,491.5,490.0,487.5,30.0,14.0,68700.0,645.5,1.0,,0.0,,0.0,,0.0,,0.0,271.0,2.0,263.0,1.0,111.0,6.0,55.0,1.0,10.5,1.0
2023-04-27 22:58:18.5,1682607498500000000,491.5,490.0,487.5,30.0,14.0,68700.0,645.5,1.0,,0.0,,0.0,,0.0,,0.0,272.5,1.0,271.0,2.0,111.0,6.0,55.0,1.0,10.5,1.0
2023-04-27 22:58:19.25,1682607499250000000,491.5,490.0,487.5,30.0,14.0,68700.0,645.5,1.0,,0.0,,0.0,,0.0,,0.0,280.5,2.0,272.5,1.0,111.0,6.0,55.0,1.0,10.5,1.0
2023-04-27 22:58:19.5,1682607499500000000,491.5,490.0,487.5,30.0,14.0,68700.0,645.5,1.0,,0.0,,0.0,,0.0,,0.0,282.0,1.0,280.5,2.0,111.0,6.0,55.0,1.0,10.5,1.0
2023-04-27 22:58:20.25,1682607500250000000,491.5,490.0,487.5,30.0,14.0,68700.0,645.5,1.0,,0.0,,0.0,,0.0,,0.0,290.0,2.0,282.0,1.0,111.0,6.0,55.0,1.0,10.5,1.0
2023-04-27 22:58:20.5,1682607500500000000,491.5,490.0,487.5,30.0,14.0,68700.0,645.5,1.0,,0.0,,0.0,,0.0,,0.0,291.5,1.0,290.0,2.0,111.0,6.0,55.0,1.0,10.5,1.0
2023-04-27 22:58:21.25,1682607501250000000,491.5,490.0,487.5,30.0,14.0,68700.0,645.5,1.0,,0.0,,0.0,,0.0,,0.0,299.5,2.0,291.5,1.0,111.0,6.0,55.0,1.0,10.5,1.0
2023-04-27 22:58:21.5,1682607501500000000,491.5,490.0,487.5,30.0,14.0,68700.0,645.5,1.0,,0.0,,0.0,,0.0,,0.0,301.0,1.0,299.5,2.0,111.0,6.0,55.0,1.0,10.5,1.0
2023-04-27 22:58:22.25,1682607502250000000,491.5,490.0,487.5,30.0,14.0,68700.0,645.5,1.0,,0.0,,0.0,,0.0,,0.0,309.0,2.0,301.0,1.0,111.0,6.0,55.0,1.0,10.5,1.0
2023-04-27 22:58:22.5,1682607502500000000,491.5,490.0,487.5,30.0,14.0,68700.0,645.5,1.0,,0.0,,0.0,,0.0,,0.0,310.5,1.0,309.0,2.0,111.0,6.0,55.0,1.0,10.5,1.0
2023-04-27 22:58:23.25,1682607503250000000,491.5,490.0,487.5,30.0,14.0,68700.0,645.5,1.0,,0.0,,0.0,,0.0,,0.0,318.5,2.0,310.5,1.0,111.0,6.0,55.0,1.0,10.5,1.0
2023-04-27 22:58:23.5,1682607503500000000,491.5,490.0,487.5,30.0,14.0,68700.0,645.5,1.0,,0.0,,0.0,,0.0,,0.0,320.0,1.0,318.5,2.0,111.0,6.0,55.0,1.0,10.5,1.0
2023-04-27 22:58:24.25,1682607504250000000,491.5,490.0,487.5,30.0,14.0,68700.0,645.5,1.0,,0.0,,0.0,,0.0,,0.0,328.0,2.0,320.0,1.0,111.0,6.0,55.0,1.0,10.5,1.0
2023-04-27 22:58:24.5,1682607504500000000,491.5,490.0,487.5,30.0,14.0,68700.0,645.5,1.0,,0.0,,0.0,,0.0,,0.0,329.5,1.0,328.0,2.0,111.0,6.0,55.0,1.0,10.5,1.0
2023-04-27 22:58:25.25,1682607505250000000,491.5,490.0,487.5,30.0,14.0,68700.0,645.5,1.0,,0.0,,0.0,,0.0,,0.0,337.5,2.0,329.5,1.0,111.0,6.0,55.0,1.0,10.5,1.0
2023-04-27 22:58:25.5,1682607505500000000,491.5,490.0,487.5,30.0,14.0,68700.0,645.5,1.0,,0.0,,0.0,,0.0,,0.0,339.0,1.0,337.5,2.0,111.0,6.0,55.0,1.0,10.5,1.0
2023-04-27 22:58:26.25,1682607506250000000,491.5,490.0,487.5,30.0,14.0,68700.0,645.5,1.0,,0.0,,0.0,,0.0,,0.0,347.0,2.0,339.0,1.0,111.0,6.0,55.0,1.0,10.5,1.0
2023-04-27 22:58:26.5,1682607506500000000,491.5,490.0,487.5,30.0,14.0,68700.0,645.5,1.0,,0.0,,0.0,,0.0,,0.0,348.5,1.0,347.0,2.0,111.0,6.0,55.0,1.0,10.5,1.0
2023-04-27 22:58:27.25,1682607507250000000,491.5,490.0,487.5,30.0,14.0,68700.0,645.5,1.0,,0.0,,0.0,,0.0,,0.0,356.5,2.0,348.5,1.0,111.0,6.0,55.0,1.0,10.5,1.0
2023-04-27 22:58:27.5,1682607507500000000,491.5,490.0,487.5,30.0,14.0,68700.0,645.5,1.0,,0.0,,0.0,,0.0,,0.0,358.0,1.0,356.5,2.0,111.0,6.0,55.0,1.0,10.5,1.0
2023-04-27 22:58:28.25,1682607508250000000,491.5,490.0,487.5,30.0,14.0,68700.0,645.5,1.0,,0.0,,0.0,,0.0,,0.0,366.0,2.0,358.0,1.0,111.0,6.0,55.0,1.0,10.5,1.0
2023-04-27 22:58:28.5,1682607508500000000,491.5,490.0,487.5,30.0,14.0,68700.0,645.5,1.0,,0.0,,0.0,,0.0,,0.0,367.5,1.0,366.0,2.0,111.0,6.0,55.0,1.0,10.5,1.0
2023-04-27 22:58:29.25,1682607509250000000,491.5,490.0,487.5,30.0,14.0,68700.0,645.5,1.0,,0.0,,0.0,,0.0,,0.0,375.5,2.0,367.5,1.0,111.0,6.0,55.0,1.0,10.5,1.0
2023-04-27 22:58:29.5,1682607509500000000,491.5,490.0,487.5,30.0,14.0,68700.0,645.5,1.0,,0.0,,0.0,,0.0,,0.0,377.0,1.0,375.5,2.0,111.0,6.0,55.0,1.0,10.5,1.0
2023-04-27 22:58:30.25,1682607510250000000,491.5,490.0,487.5,30.0,14.0,68700.0,645.5,1.0,,0.0,,0.0,,0.0,,0.0,385.0,2.0,377.0,1.0,111.0,6.0,55.0,1.0,10.5,1.0
2023-04-27 22:58:30.5,1682607510500000000,491.5,490.0,487.5,30.0,14.0,68700.0,645.5,1.0,,0.0,,0.0,,0.0,,0.0,386.5,1.0,385.0,2.0,111.0,6.0,55.0,1.0,10.5,1.0
2023-04-27 22:58:31.25,1682607511250000000,491.5,490.0,487.5,30.0,14.0,68700.0,645.5,1.0,,0.0,,0.0,,0.0,,0.0,394.5,2.0,386.5,1.0,111.0,6.0,55.0,1.0,10.5,1.0
2023-04-27 22:58:31.5,1682607511500000000,491.5,490.0,487.5,30.0,14.0,68700.0,645.5,1.0,,0.0,,0.0,,0.0,,0.0,396.0,1.0,394.5,2.0,111.0,6.0,55.0,1.0,10.5,1.0
2023-04-27 22:58:32.25,1682607512250000000,491.5,490.0,487.5,30.0,14.0,68700.0,645.5,1.0,,0.0,,0.0,,0.0,,0.0,404.0,2.0,396.0,1.0,111.0,6.0,55.0,1.0,10.5,1.0
2023-04-27 22:58:32.5,1682607512500000000,491.5,490.0,487.5,30.0,14.0,68700.0,645.5,1.0,,0.0,,0.0,,0.0,,0.0,405.5,1.0,404.0,2.0,111.0,6.0,55.0,1.0,10.5,1.0
2023-04-27 22:58:33.25,1682607513250000000,491.5,490.0,487.5,30.0,14.0,68700.0,645.5,1.0,,0.0,,0.0,,0.0,,0.0,413.5,2.0,405.5,1.0,111.0,6.0,55.0,1.0,10.5,1.0
2023-04-27 22:58:33.5,1682607513500000000,491.5,490.0,487.5,30.0,14.0,68700.0,645.5,1.0,,0.0,,0.0,,0.0,,0.0,413.5,2.0,111.0,6.0,55.0,1.0,10.5,1.0,2.5,1.0
2023-04-27 22:59:32.75,1682607572750000000,491.5,490.0,487.5,30.0,14.0,68700.0,645.5,1.0,,0.0,,0.0,,0.0,,0.0,111.0,6.0,55.0,1.0,10.5,1.0,2.5,1.0,1.5,1.0
2023-04-27 22:59:33.25,1682607573250000000,491.5,490.0,487.5,30.0,14.0,68700.0,645.5,1.0,,0.0,,0.0,,0.0,,0.0,119.0,2.0,111.0,6.0,55.0,1.0,10.5,1.0,2.5,1.0
2023-04-27 22:59:41.5,1682607581500000000,491.5,490.0,487.5,30.0,14.0,68700.0,645.5,1.0,,0.0,,0.0,,0.0,,0.0,120.5,1.0,119.0,2.0,111.0,6.0,55.0,1.0,10.5,1.0
2023-04-27 22:59:42.25,1682607582250000000,491.5,490.0,487.5,30.0,14.0,68700.0,645.5,1.0,,0.0,,0.0,,0.0,,0.0,128.5,2.0,120.5,1.0,111.0,6.0,55.0,1.0,10.5,1.0
2023-04-27 22:59:42.5,1682607582500000000,491.5,490.0,487.5,30.0,14.0,68700.0,645.5,1.0,,0.0,,0.0,,0.0,,0.0,130.0,1.0,128.5,2.0,111.0,6.0,55.0,1.0,10.5,1.0
2023-04-27 22:59:43.25,1682607583250000000,491.5,490.0,487.5,30.0,14.0,68700.0,645.5,1.0,,0.0,,0.0,,0.0,,0.0,130.0,1.0,111.0,6.0,55.0,1.0,10.5,1.0,2.5,1.0
2023-04-27 22:59:43.5,1682607583500000000,491.5,490.0,487.5,30.0,14.0,68700.0,645.5,1.0,,0.0,,0.0,,0.0,,0.0,138.0,2.0,130.0,1.0,111.0,6.0,55.0,1.0,10.5,1.0
2023-04-27 22:59:44.0,1682607584000000000,491.5,490.0,487.5,30.0,14.0,68700.0,645.5,1.0,,0.0,,0.0,,0.0,,0.0,138.0,2.0,111.0,6.0,55.0,1.0,10.5,1.0,2.5,1.0
2023-04-27 22:59:48.5,1682607588500000000,491.5,490.0,487.5,30.0,14.0,68700.0,645.5,1.0,,0.0,,0.0,,0.0,,0.0,138.0,2.0,111.0,6.0,55.0,1.0,2.5,1.0,1.5,1.0
2023-04-27 22:59:55.25,1682607595250000000,491.5,490.0,487.5,30.0,14.0,68700.0,,0.0,,0.0,,0.0,,0.0,,0.0,138.0,2.0,111.0,6.0,55.0,1.0,2.5,1.0,1.5,1.0
2023-04-28 08:55:00.0,1682643300000000000,491.5,490.0,487.5,30.0,14.0,68700.0,,0.0,,0.0,,0.0,,0.0,,0.0,138.0,2.0,111.0,6.0,55.0,1.0,2.5,1.0,1.5,1.0
2023-04-28 09:00:00.75,1682643600750000000,491.5,490.0,487.5,30.0,14.0,68700.0,,0.0,,0.0,,0.0,,0.0,,0.0,146.0,2.0,138.0,2.0,111.0,6.0,55.0,1.0,2.5,1.0
2023-04-28 09:00:02.75,1682643602750000000,491.5,490.0,487.5,30.0,14.0,68700.0,1098.5,1.0,,0.0,,0.0,,0.0,,0.0,147.5,1.0,146.0,2.0,138.0,2.0,111.0,6.0,55.0,1.0
2023-04-28 09:00:03.25,1682643603250000000,491.5,490.0,487.5,30.0,14.0,68700.0,655.5,1.0,1098.5,1.0,,0.0,,0.0,,0.0,378.0,1.0,147.5,1.0,146.0,2.0,138.0,2.0,111.0,6.0
2023-04-28 09:00:03.75,1682643603750000000,491.5,490.0,487.5,30.0,14.0,68700.0,655.5,1.0,1098.5,1.0,,0.0,,0.0,,0.0,378.0,1.0,147.5,1.0,141.0,2.0,138.0,2.0,111.0,6.0
2023-04-28 09:00:04.25,1682643604250000000,491.5,490.0,487.5,30.0,14.0,68700.0,655.5,1.0,,0.0,,0.0,,0.0,,0.0,378.0,1.0,141.0,2.0,138.0,2.0,111.0,6.0,55.0,1.0
2023-04-28 09:00:05.25,1682643605250000000,491.5,490.0,487.5,30.0,14.0,68700.0,654.0,1.0,655.5,1.0,,0.0,,0.0,,0.0,379.5,1.0,378.0,1.0,141.0,2.0,138.0,2.0,111.0,6.0
2023-04-28 09:00:05.5,1682643605500000000,491.5,490.0,487.5,30.0,14.0,68700.0,619.5,1.0,654.0,1.0,,0.0,,0.0,,0.0,414.0,1.0,379.5,1.0,141.0,2.0,138.0,2.0,111.0,6.0
2023-04-28 09:00:06.0,1682643606000000000,491.5,490.0,487.5,30.0,14.0,68700.0,619.5,1.0,654.0,1.0,,0.0,,0.0,,0.0,414.0,1.0,141.0,2.0,138.0,2.0,111.0,6.0,55.0,1.0
2023-04-28 09:00:06.25,1682643606250000000,491.5,490.0,487.5,30.0,14.0,68700.0,618.0,1.0,619.5,1.0,,0.0,,0.0,,0.0,415.5,1.0,414.0,1.0,141.0,2.0,138.0,2.0,111.0,6.0
2023-04-28 09:00:06.5,1682643606500000000,491.5,490.0,487.5,30.0,14.0,68700.0,583.5,1.0,618.0,1.0,,0.0,,0.0,,0.0,450.0,1.0,415.5,1.0,141.0,2.0,138.0,2.0,111.0,6.0
2023-04-28 09:00:07.0,1682643607000000000,491.5,490.0,487.5,30.0,14.0,68700.0,583.5,1.0,,0.0,,0.0,,0.0,,0.0,450.0,1.0,141.0,2.0,138.0,2.0,111.0,6.0,55.0,1.0
2023-04-28 09:00:15.75,1682643615750000000,491.5,490.0,487.5,30.0,14.0,68700.0,583.5,1.0,,0.0,,0.0,,0.0,,0.0,379.0,1.0,141.0,2.0,138.0,2.0,111.0,6.0,55.0,1.0
2023-04-28 09:00:16.0,1682643616000000000,491.5,490.0,487.5,30.0,14.0,68700.0,583.5,1.0,,0.0,,0.0,,0.0,,0.0,380.5,1.0,379.0,1.0,141.0,2.0,138.0,2.0,111.0,6.0
2023-04-28 09:00:16.25,1682643616250000000,491.5,490.0,487.5,30.0,14.0,68700.0,583.5,1.0,,0.0,,0.0,,0.0,,0.0,415.0,1.0,387.0,2.0,380.5,1.0,141.0,2.0,138.0,2.0
2023-04-28 09:00:16.5,1682643616500000000,491.5,490.0,487.5,30.0,14.0,68700.0,583.5,1.0,,0.0,,0.0,,0.0,,0.0,416.5,1.0,415.0,1.0,387.0,2.0,141.0,2.0,138.0,2.0
2023-04-28 09:00:16.75,1682643616750000000,491.5,490.0,487.5,30.0,14.0,68700.0,583.5,1.0,,0.0,,0.0,,0.0,,0.0,451.0,1.0,416.5,1.0,141.0,2.0,138.0,2.0,111.0,6.0
2023-04-28 09:00:17.0,1682643617000000000,491.5,490.0,487.5,30.0,14.0,68700.0,583.5,1.0,,0.0,,0.0,,0.0,,0.0,451.0,1.0,141.0,2.0,138.0,2.0,111.0,6.0,55.0,1.0
2023-04-28 09:00:22.75,1682643622750000000,491.5,490.0,487.5,30.0,14.0,68700.0,583.5,1.0,,0.0,,0.0,,0.0,,0.0,375.5,1.0,141.0,2.0,138.0,2.0,111.0,6.0,55.0,1.0
2023-04-28 09:00:23.0,1682643623000000000,491.5,490.0,487.5,30.0,14.0,68700.0,583.5,1.0,,0.0,,0.0,,0.0,,0.0,377.0,1.0,375.5,1.0,141.0,2.0,138.0,2.0,111.0,6.0
2023-04-28 09:00:23.25,1682643623250000000,491.5,490.0,487.5,30.0,14.0,68700.0,583.5,1.0,,0.0,,0.0,,0.0,,0.0,411.5,1.0,383.5,2.0,377.0,1.0,141.0,2.0,138.0,2.0
2023-04-28 09:00:23.5,1682643623500000000,491.5,490.0,487.5,30.0,14.0,68700.0,583.5,1.0,,0.0,,0.0,,0.0,,0.0,413.0,1.0,411.5,1.0,383.5,2.0,141.0,2.0,138.0,2.0
2023-04-28 09:00:23.75,1682643623750000000,491.5,490.0,487.5,30.0,14.0,68700.0,583.5,1.0,,0.0,,0.0,,0.0,,0.0,447.5,1.0,413.0,1.0,141.0,2.0,138.0,2.0,111.0,6.0
2023-04-28 09:00:24.0,1682643624000000000,491.5,490.0,487.5,30.0,14.0,68700.0,583.5,1.0,,0.0,,0.0,,0.0,,0.0,447.5,1.0,412.0,1.0,141.0,2.0,138.0,2.0,111.0,6.0
2023-04-28 09:00:30.0,1682643630000000000,491.5,490.0,487.5,30.0,14.0,68700.0,583.5,1.0,,0.0,,0.0,,0.0,,0.0,446.5,1.0,412.0,1.0,141.0,2.0,138.0,2.0,111.0,6.0
2023-04-28 09:01:01.0,1682643661000000000,491.5,490.0,487.5,30.0,14.0,68700.0,583.5,1.0,,0.0,,0.0,,0.0,,0.0,446.5,1.0,412.0,1.0,141.0,2.0,111.0,6.0,55.0,1.0
2023-04-28 09:02:06.75,1682643726750000000,491.5,490.0,487.5,30.0,14.0,68700.0,583.5,1.0,,0.0,,0.0,,0.0,,0.0,446.5,1.0,412.0,1.0,141.0,2.0,111.0,6.0,107.0,1.0
2023-04-28 09:11:46.25,1682644306250000000,491.5,490.0,487.5,30.0,14.0,68700.0,583.0,1.0,583.5,1.0,,0.0,,0.0,,0.0,446.5,1.0,412.0,1.0,141.0,2.0,111.0,6.0,107.0,1.0
2023-04-28 09:11:46.5,1682644306500000000,491.5,490.0,487.5,30.0,14.0,68700.0,531.5,1.0,583.0,1.0,,0.0,,0.0,,0.0,446.5,1.0,412.0,1.0,141.0,2.0,111.0,6.0,107.0,1.0
2023-04-28 09:24:40.75,1682645080750000000,491.5,490.0,487.5,30.0,14.0,68700.0,531.5,1.0,583.0,1.0,,0.0,,0.0,,0.0,446.5,1.0,412.0,1.0,111.0,6.0,107.0,1.0,55.0,1.0
2023-04-28 09:34:22.0,1682645662000000000,491.5,490.0,487.5,30.0,14.0,68700.0,531.5,1.0,583.0,1.0,,0.0,,0.0,,0.0,490.0,4.0,446.5,1.0,412.0,1.0,111.0,6.0,107.0,1.0
2023-04-28 09:34:22.25,1682645662250000000,491.5,490.0,487.5,30.0,14.0,68700.0,531.5,1.0,583.0,1.0,,0.0,,0.0,,0.0,494.5,1.0,490.0,4.0,412.0,1.0,111.0,6.0,107.0,1.0
2023-04-28 09:36:13.25,1682645773250000000,491.5,490.0,487.5,30.0,14.0,68700.0,531.5,1.0,583.0,1.0,,0.0,,0.0,,0.0,494.5,1.0,490.0,4.0,412.0,1.0,111.0,6.0,107.0,1.0
2023-04-28 09:43:28.75,1682646208750000000,491.5,490.0,487.5,30.0,14.0,68700.0,531.5,1.0,583.0,1.0,,0.0,,0.0,,0.0,494.5,1.0,490.0,4.0,412.0,1.0,111.0,6.0,107.0,1.0
2023-04-28 09:52:00.75,1682646720750000000,491.5,490.0,487.5,30.0,14.0,68700.0,531.0,3.0,531.5,1.0,583.0,1.0,,0.0,,0.0,494.5,1.0,490.0,4.0,412.0,1.0,111.0,6.0,107.0,1.0
2023-04-28 09:52:31.25,1682646751250000000,491.5,490.0,487.5,30.0,14.0,68700.0,530.5,3.0,531.0,3.0,531.5,1.0,583.0,1.0,,0.0,494.5,1.0,490.0,4.0,412.0,1.0,111.0,6.0,107.0,1.0
2023-04-28 09:52:31.5,1682646751500000000,491.5,490.0,487.5,30.0,14.0,68700.0,530.5,4.0,531.0,3.0,531.5,1.0,583.0,1.0,,0.0,494.5,1.0,490.0,4.0,412.0,1.0,111.0,6.0,107.0,1.0
2023-04-28 09:52:48.75,1682646768750000000,491.5,490.0,487.5,30.0,14.0,68700.0,530.0,2.0,530.5,4.0,531.0,3.0,531.5,1.0,583.0,1.0,494.5,1.0,490.0,4.0,412.0,1.0,111.0,6.0,107.0,1.0
2023-04-28 09:52:49.25,1682646769250000000,491.5,490.0,487.5,30.0,14.0,68700.0,530.0,3.0,530.5,4.0,531.0,3.0,531.5,1.0,583.0,1.0,494.5,1.0,490.0,4.0,412.0,1.0,111.0,6.0,107.0,1.0
2023-04-28 09:52:49.75,1682646769750000000,491.5,490.0,487.5,30.0,14.0,68700.0,529.5,1.0,530.0,3.0,530.5,4.0,531.0,3.0,531.5,1.0,494.5,1.0,490.0,4.0,412.0,1.0,111.0,6.0,107.0,1.0
2023-04-28 09:52:50.25,1682646770250000000,491.5,490.0,487.5,30.0,14.0,68700.0,529.0,2.0,529.5,1.0,530.0,3.0,530.5,4.0,531.5,1.0,494.5,1.0,490.0,4.0,412.0,1.0,111.0,6.0,107.0,1.0
2023-04-28 09:52:50.75,1682646770750000000,491.5,490.0,487.5,30.0,14.0,68700.0,529.0,2.0,529.5,1.0,530.0,3.0,531.5,1.0,583.0,1.0,494.5,1.0,490.0,4.0,412.0,1.0,111.0,6.0,107.0,1.0
2023-04-28 09:52:51.25,1682646771250000000,491.5,490.0,487.5,30.0,14.0,68700.0,528.5,4.0,529.0,2.0,529.5,1.0,530.0,3.0,531.5,1.0,494.5,1.0,490.0,4.0,412.0,1.0,111.0,6.0,107.0,1.0
2023-04-28 09:52:51.75,1682646771750000000,491.5,490.0,487.5,30.0,14.0,68700.0,528.5,4.0,529.0,2.0,529.5,1.0,531.5,1.0,583.0,1.0,494.5,1.0,490.0,4.0,412.0,1.0,111.0,6.0,107.0,1.0
2023-04-28 09:52:52.25,1682646772250000000,491.5,490.0,487.5,30.0,14.0,68700.0,528.0,3.0,528.5,4.0,529.0,2.0,529.5,1.0,531.5,1.0,494.5,1.0,490.0,4.0,412.0,1.0,111.0,6.0,107.0,1.0
2023-04-28 09:52:52.75,1682646772750000000,491.5,490.0,487.5,30.0,14.0,68700.0,528.0,3.0,528.5,4.0,529.0,2.0,531.5,1.0,583.0,1.0,494.5,1.0,490.0,4.0,412.0,1.0,111.0,6.0,107.0,1.0
2023-04-28 09:52:53.25,1682646773250000000,491.5,490.0,487.5,30.0,14.0,68700.0,527.5,1.0,528.0,3.0,528.5,4.0,529.0,2.0,531.5,1.0,494.5,1.0,490.0,4.0,412.0,1.0,111.0,6.0,107.0,1.0
2023-04-28 09:52:53.75,1682646773750000000,491.5,490.0,487.5,30.0,14.0,68700.0,531.5,1.0,583.0,1.0,,0.0,,0.0,,0.0,494.5,1.0,490.0,4.0,412.0,1.0,111.0,6.0,107.0,1.0
2023-04-28 10:15:00.0,1682648100000000000,491.5,490.0,487.5,30.0,14.0,68700.0,531.5,1.0,583.0,1.0,,0.0,,0.0,,0.0,494.5,1.0,490.0,4.0,412.0,1.0,111.0,6.0,107.0,1.0
2023-04-28 10:30:00.0,1682649000000000000,491.5,490.0,487.5,30.0,14.0,68700.0,531.5,1.0,583.0,1.0,,0.0,,0.0,,0.0,494.5,1.0,490.0,4.0,412.0,1.0,111.0,6.0,107.0,1.0
2023-04-28 10:34:34.75,1682649274750000000,491.5,490.0,487.5,30.0,14.0,68700.0,513.0,10.0,531.5,1.0,583.0,1.0,,0.0,,0.0,504.0,10.0,494.5,1.0,490.0,4.0,412.0,1.0,111.0,6.0
2023-04-28 10:34:43.5,1682649283500000000,491.5,490.0,487.5,30.0,14.0,68700.0,512.0,10.0,531.5,1.0,583.0,1.0,,0.0,,0.0,503.5,10.0,494.5,1.0,490.0,4.0,412.0,1.0,111.0,6.0
2023-04-28 10:34:43.75,1682649283750000000,491.5,490.0,487.5,30.0,14.0,68700.0,513.5,10.0,531.5,1.0,583.0,1.0,,0.0,,0.0,504.5,10.0,494.5,1.0,490.0,4.0,412.0,1.0,111.0,6.0
2023-04-28 10:34:45.75,1682649285750000000,491.5,490.0,487.5,30.0,14.0,68700.0,514.0,10.0,531.5,1.0,583.0,1.0,,0.0,,0.0,505.0,10.0,494.5,1.0,490.0,4.0,412.0,1.0,111.0,6.0
2023-04-28 10:34:48.25,1682649288250000000,491.5,490.0,487.5,30.0,14.0,68700.0,513.5,10.0,531.5,1.0,583.0,1.0,,0.0,,0.0,505.0,10.0,494.5,1.0,490.0,4.0,412.0,1.0,111.0,6.0
2023-04-28 10:35:03.25,1682649303250000000,491.5,490.0,487.5,30.0,14.0,68700.0,514.5,10.0,531.5,1.0,583.0,1.0,,0.0,,0.0,505.5,10.0,494.5,1.0,490.0,4.0,412.0,1.0,111.0,6.0
2023-04-28 10:35:04.0,1682649304000000000,491.5,490.0,487.5,30.0,14.0,68700.0,513.5,10.0,531.5,1.0,583.0,1.0,,0.0,,0.0,505.0,10.0,494.5,1.0,490.0,4.0,412.0,1.0,111.0,6.0
2023-04-28 10:35:20.25,1682649320250000000,491.5,490.0,487.5,30.0,14.0,68700.0,514.0,10.0,531.5,1.0,583.0,1.0,,0.0,,0.0,505.0,10.0,494.5,1.0,490.0,4.0,412.0,1.0,111.0,6.0
2023-04-28 10:35:25.25,1682649325250000000,491.5,490.0,487.5,30.0,14.0,68700.0,513.0,10.0,531.5,1.0,583.0,1.0,,0.0,,0.0,504.5,10.0,494.5,1.0,490.0,4.0,412.0,1.0,111.0,6.0
2023-04-28 10:35:26.0,1682649326000000000,491.5,490.0,487.5,30.0,14.0,68700.0,512.0,10.0,531.5,1.0,583.0,1.0,,0.0,,0.0,503.5,10.0,494.5,1.0,490.0,4.0,412.0,1.0,111.0,6.0
2023-04-28 10:35:26.25,1682649326250000000,491.5,490.0,487.5,30.0,14.0,68700.0,512.5,10.0,531.5,1.0,583.0,1.0,,0.0,,0.0,504.0,10.0,494.5,1.0,490.0,4.0,412.0,1.0,111.0,6.0
2023-04-28 10:35:26.5,1682649326500000000,491.5,490.0,487.5,30.0,14.0,68700.0,510.5,10.0,531.5,1.0,583.0,1.0,,0.0,,0.0,502.0,10.0,494.5,1.0,490.0,4.0,412.0,1.0,111.0,6.0
2023-04-28 10:35:27.25,1682649327250000000,491.5,490.0,487.5,30.0,14.0,68700.0,511.0,10.0,531.5,1.0,583.0,1.0,,0.0,,0.0,502.5,10.0,494.5,1.0,490.0,4.0,412.0,1.0,111.0,6.0
2023-04-28 10:35:27.5,1682649327500000000,491.5,490.0,487.5,30.0,14.0,68700.0,510.5,10.0,531.5,1.0,583.0,1.0,,0.0,,0.0,502.0,10.0,494.5,1.0,490.0,4.0,412.0,1.0,111.0,6.0
2023-04-28 10:35:29.75,1682649329750000000,491.5,490.0,487.5,30.0,14.0,68700.0,511.0,10.0,531.5,1.0,583.0,1.0,,0.0,,0.0,502.5,10.0,494.5,1.0,490.0,4.0,412.0,1.0,111.0,6.0
2023-04-28 10:35:30.0,1682649330000000000,491.5,490.0,487.5,30.0,14.0,68700.0,510.5,10.0,531.5,1.0,583.0,1.0,,0.0,,0.0,502.0,10.0,494.5,1.0,490.0,4.0,412.0,1.0,111.0,6.0
2023-04-28 10:35:34.0,1682649334000000000,491.5,490.0,487.5,30.0,14.0,68700.0,509.5,10.0,531.5,1.0,583.0,1.0,,0.0,,0.0,501.0,10.0,494.5,1.0,490.0,4.0,412.0,1.0,111.0,6.0
2023-04-28 10:35:35.0,1682649335000000000,491.5,490.0,487.5,30.0,14.0,68700.0,510.5,10.0,531.5,1.0,583.0,1.0,,0.0,,0.0,502.0,10.0,494.5,1.0,490.0,4.0,412.0,1.0,111.0,6.0
2023-04-28 10:35:36.0,1682649336000000000,491.5,490.0,487.5,30.0,14.0,68700.0,509.5,10.0,531.5,1.0,583.0,1.0,,0.0,,0.0,501.0,10.0,494.5,1.0,490.0,4.0,412.0,1.0,111.0,6.0
2023-04-28 10:35:38.25,1682649338250000000,491.5,490.0,487.5,30.0,14.0,68700.0,508.5,10.0,531.5,1.0,583.0,1.0,,0.0,,0.0,500.0,10.0,494.5,1.0,490.0,4.0,412.0,1.0,111.0,6.0
2023-04-28 10:35:38.5,1682649338500000000,491.5,490.0,487.5,30.0,14.0,68700.0,509.5,10.0,531.5,1.0,583.0,1.0,,0.0,,0.0,501.0,10.0,494.5,1.0,490.0,4.0,412.0,1.0,111.0,6.0
2023-04-28 10:35:40.25,1682649340250000000,491.5,490.0,487.5,30.0,14.0,68700.0,510.5,10.0,531.5,1.0,583.0,1.0,,0.0,,0.0,502.0,10.0,494.5,1.0,490.0,4.0,412.0,1.0,111.0,6.0
2023-04-28 10:35:42.25,1682649342250000000,491.5,490.0,487.5,30.0,14.0,68700.0,509.5,10.0,531.5,1.0,583.0,1.0,,0.0,,0.0,501.0,10.0,494.5,1.0,490.0,4.0,412.0,1.0,111.0,6.0
2023-04-28 10:35:42.5,1682649342500000000,491.5,490.0,487.5,30.0,14.0,68700.0,510.5,10.0,531.5,1.0,583.0,1.0,,0.0,,0.0,502.0,10.0,494.5,1.0,490.0,4.0,412.0,1.0,111.0,6.0
2023-04-28 10:35:44.25,1682649344250000000,491.5,490.0,487.5,30.0,14.0,68700.0,509.5,10.0,531.5,1.0,583.0,1.0,,0.0,,0.0,501.0,10.0,494.5,1.0,490.0,4.0,412.0,1.0,111.0,6.0
2023-04-28 10:35:44.75,1682649344750000000,491.5,490.0,487.5,30.0,14.0,68700.0,510.5,10.0,531.5,1.0,583.0,1.0,,0.0,,0.0,502.0,10.0,494.5,1.0,490.0,4.0,412.0,1.0,111.0,6.0
2023-04-28 10:35:49.5,1682649349500000000,491.5,490.0,487.5,30.0,14.0,68700.0,511.0,10.0,531.5,1.0,583.0,1.0,,0.0,,0.0,502.5,10.0,494.5,1.0,490.0,4.0,412.0,1.0,111.0,6.0
2023-04-28 10:35:50.0,1682649350000000000,491.5,490.0,487.5,30.0,14.0,68700.0,511.5,10.0,531.5,1.0,583.0,1.0,,0.0,,0.0,503.0,10.0,494.5,1.0,490.0,4.0,412.0,1.0,111.0,6.0
2023-04-28 10:35:50.75,1682649350750000000,491.5,490.0,487.5,30.0,14.0,68700.0,510.5,10.0,531.5,1.0,583.0,1.0,,0.0,,0.0,502.0,10.0,494.5,1.0,490.0,4.0,412.0,1.0,111.0,6.0
2023-04-28 10:35:53.0,1682649353000000000,491.5,490.0,487.5,30.0,14.0,68700.0,511.5,10.0,531.5,1.0,583.0,1.0,,0.0,,0.0,503.0,10.0,494.5,1.0,490.0,4.0,412.0,1.0,111.0,6.0
2023-04-28 10:35:57.75,1682649357750000000,491.5,490.0,487.5,30.0,14.0,68700.0,510.5,10.0,531.5,1.0,583.0,1.0,,0.0,,0.0,502.0,10.0,494.5,1.0,490.0,4.0,412.0,1.0,111.0,6.0
2023-04-28 10:35:58.75,1682649358750000000,491.5,490.0,487.5,30.0,14.0,68700.0,511.5,10.0,531.5,1.0,583.0,1.0,,0.0,,0.0,503.0,10.0,494.5,1.0,490.0,4.0,412.0,1.0,111.0,6.0
2023-04-28 10:36:07.5,1682649367500000000,491.5,490.0,487.5,30.0,14.0,68700.0,510.5,10.0,531.5,1.0,583.0,1.0,,0.0,,0.0,502.0,10.0,494.5,1.0,490.0,4.0,412.0,1.0,111.0,6.0
2023-04-28 10:36:13.25,1682649373250000000,491.5,490.0,487.5,30.0,14.0,68700.0,511.0,10.0,531.5,1.0,583.0,1.0,,0.0,,0.0,502.0,10.0,494.5,1.0,490.0,4.0,412.0,1.0,111.0,6.0
2023-04-28 10:36:16.0,1682649376000000000,491.5,490.0,487.5,30.0,14.0,68700.0,511.0,10.0,531.5,1.0,583.0,1.0,,0.0,,0.0,502.5,10.0,494.5,1.0,490.0,4.0,412.0,1.0,111.0,6.0
2023-04-28 10:36:19.5,1682649379500000000,491.5,490.0,487.5,30.0,14.0,68700.0,512.0,10.0,531.5,1.0,583.0,1.0,,0.0,,0.0,503.0,10.0,494.5,1.0,490.0,4.0,412.0,1.0,111.0,6.0
2023-04-28 10:36:20.25,1682649380250000000,491.5,490.0,487.5,30.0,14.0,68700.0,512.5,10.0,531.5,1.0,583.0,1.0,,0.0,,0.0,504.0,10.0,494.5,1.0,490.0,4.0,412.0,1.0,111.0,6.0
2023-04-28 10:36:21.5,1682649381500000000,491.5,490.0,487.5,30.0,14.0,68700.0,513.5,10.0,531.5,1.0,583.0,1.0,,0.0,,0.0,504.5,10.0,494.5,1.0,490.0,4.0,412.0,1.0,111.0,6.0
2023-04-28 10:36:22.0,1682649382000000000,491.5,490.0,487.5,30.0,14.0,68700.0,512.5,10.0,531.5,1.0,583.0,1.0,,0.0,,0.0,504.0,10.0,494.5,1.0,490.0,4.0,412.0,1.0,111.0,6.0
2023-04-28 10:36:22.5,1682649382500000000,491.5,490.0,487.5,30.0,14.0,68700.0,513.5,10.0,531.5,1.0,583.0,1.0,,0.0,,0.0,504.5,10.0,494.5,1.0,490.0,4.0,412.0,1.0,111.0,6.0
2023-04-28 10:36:25.5,1682649385500000000,491.5,490.0,487.5,30.0,14.0,68700.0,512.5,10.0,531.5,1.0,583.0,1.0,,0.0,,0.0,504.0,10.0,494.5,1.0,490.0,4.0,412.0,1.0,111.0,6.0
2023-04-28 10:36:27.25,1682649387250000000,491.5,490.0,487.5,30.0,14.0,68700.0,513.5,10.0,531.5,1.0,583.0,1.0,,0.0,,0.0,504.5,10.0,494.5,1.0,490.0,4.0,412.0,1.0,111.0,6.0
2023-04-28 10:36:28.5,1682649388500000000,491.5,490.0,487.5,30.0,14.0,68700.0,512.5,10.0,531.5,1.0,583.0,1.0,,0.0,,0.0,504.0,10.0,494.5,1.0,490.0,4.0,412.0,1.0,111.0,6.0
2023-04-28 10:36:28.75,1682649388750000000,491.5,490.0,487.5,30.0,14.0,68700.0,513.5,10.0,531.5,1.0,583.0,1.0,,0.0,,0.0,504.5,10.0,494.5,1.0,490.0,4.0,412.0,1.0,111.0,6.0
2023-04-28 10:36:30.5,1682649390500000000,491.5,490.0,487.5,30.0,14.0,68700.0,512.5,10.0,531.5,1.0,583.0,1.0,,0.0,,0.0,504.0,10.0,494.5,1.0,490.0,4.0,412.0,1.0,111.0,6.0
2023-04-28 10:36:31.25,1682649391250000000,491.5,490.0,487.5,30.0,14.0,68700.0,513.0,10.0,531.5,1.0,583.0,1.0,,0.0,,0.0,504.0,10.0,494.5,1.0,490.0,4.0,412.0,1.0,111.0,6.0
2023-04-28 10:36:40.75,1682649400750000000,491.5,490.0,487.5,30.0,14.0,68700.0,512.0,10.0,531.5,1.0,583.0,1.0,,0.0,,0.0,503.5,10.0,494.5,1.0,490.0,4.0,412.0,1.0,111.0,6.0
2023-04-28 10:36:46.0,1682649406000000000,491.5,490.0,487.5,30.0,14.0,68700.0,511.0,10.0,531.5,1.0,583.0,1.0,,0.0,,0.0,502.5,10.0,494.5,1.0,490.0,4.0,412.0,1.0,111.0,6.0
2023-04-28 10:36:54.5,1682649414500000000,491.5,490.0,487.5,30.0,14.0,68700.0,510.5,10.0,531.5,1.0,583.0,1.0,,0.0,,0.0,502.0,10.0,494.5,1.0,490.0,4.0,412.0,1.0,111.0,6.0
2023-04-28 10:36:54.75,1682649414750000000,491.5,490.0,487.5,30.0,14.0,68700.0,510.5,10.0,521.0,1.0,583.0,1.0,,0.0,,0.0,502.0,10.0,494.5,1.0,490.0,4.0,412.0,1.0,111.0,6.0
2023-04-28 10:36:55.0,1682649415000000000,491.5,490.0,487.5,30.0,14.0,68700.0,509.5,10.0,521.0,1.0,583.0,1.0,,0.0,,0.0,501.0,10.0,494.5,1.0,490.0,4.0,412.0,1.0,111.0,6.0
2023-04-28 10:36:55.5,1682649415500000000,491.5,490.0,487.5,30.0,14.0,68700.0,511.0,10.0,521.0,1.0,583.0,1.0,,0.0,,0.0,502.5,10.0,494.5,1.0,490.0,4.0,412.0,1.0,111.0,6.0
2023-04-28 10:36:55.75,1682649415750000000,491.5,490.0,487.5,30.0,14.0,68700.0,510.0,10.0,521.0,1.0,583.0,1.0,,0.0,,0.0,501.5,10.0,494.5,1.0,490.0,4.0,412.0,1.0,111.0,6.0
2023-04-28 10:36:58.0,1682649418000000000,491.5,490.0,487.5,30.0,14.0,68700.0,509.5,10.0,521.0,1.0,583.0,1.0,,0.0,,0.0,500.5,10.0,494.5,1.0,490.0,4.0,412.0,1.0,111.0,6.0
2023-04-28 10:36:59.5,1682649419500000000,491.5,490.0,487.5,30.0,14.0,68700.0,510.0,10.0,521.0,1.0,583.0,1.0,,0.0,,0.0,501.5,10.0,494.5,1.0,490.0,4.0,412.0,1.0,111.0,6.0
2023-04-28 10:36:59.75,1682649419750000000,491.5,490.0,487.5,30.0,14.0,68700.0,509.5,10.0,521.0,1.0,583.0,1.0,,0.0,,0.0,500.5,10.0,494.5,1.0,490.0,4.0,412.0,1.0,111.0,6.0
2023-04-28 10:37:00.0,1682649420000000000,491.5,490.0,487.5,30.0,14.0,68700.0,510.0,10.0,521.0,1.0,583.0,1.0,,0.0,,0.0,501.5,10.0,494.5,1.0,490.0,4.0,412.0,1.0,111.0,6.0
2023-04-28 10:37:00.5,1682649420500000000,491.5,490.0,487.5,30.0,14.0,68700.0,509.5,10.0,521.0,1.0,583.0,1.0,,0.0,,0.0,500.5,10.0,494.5,1.0,490.0,4.0,412.0,1.0,111.0,6.0
2023-04-28 10:37:05.0,1682649425000000000,491.5,490.0,487.5,30.0,14.0,68700.0,510.0,10.0,521.0,1.0,583.0,1.0,,0.0,,0.0,501.5,10.0,494.5,1.0,490.0,4.0,412.0,1.0,111.0,6.0
2023-04-28 10:37:05.25,1682649425250000000,491.5,490.0,487.5,30.0,14.0,68700.0,511.0,10.0,521.0,1.0,583.0,1.0,,0.0,,0.0,502.5,10.0,494.5,1.0,490.0,4.0,412.0,1.0,111.0,6.0
2023-04-28 10:37:05.5,1682649425500000000,491.5,490.0,487.5,30.0,14.0,68700.0,510.0,10.0,521.0,1.0,583.0,1.0,,0.0,,0.0,501.5,10.0,494.5,1.0,490.0,4.0,412.0,1.0,111.0,6.0
2023-04-28 10:37:07.5,1682649427500000000,491.5,490.0,487.5,30.0,14.0,68700.0,511.0,10.0,521.0,1.0,583.0,1.0,,0.0,,0.0,502.5,10.0,494.5,1.0,490.0,4.0,412.0,1.0,111.0,6.0
2023-04-28 10:37:11.25,1682649431250000000,491.5,490.0,487.5,30.0,14.0,68700.0,510.0,10.0,521.0,1.0,583.0,1.0,,0.0,,0.0,501.5,10.0,494.5,1.0,490.0,4.0,412.0,1.0,111.0,6.0
2023-04-28 10:37:11.75,1682649431750000000,491.5,490.0,487.5,30.0,14.0,68700.0,511.0,10.0,521.0,1.0,583.0,1.0,,0.0,,0.0,502.0,10.0,494.5,1.0,490.0,4.0,412.0,1.0,111.0,6.0
2023-04-28 10:37:16.0,1682649436000000000,491.5,490.0,487.5,30.0,14.0,68700.0,511.5,10.0,521.0,1.0,583.0,1.0,,0.0,,0.0,503.0,10.0,494.5,1.0,490.0,4.0,412.0,1.0,111.0,6.0
2023-04-28 10:37:16.5,1682649436500000000,491.5,490.0,487.5,30.0,14.0,68700.0,509.5,10.0,521.0,1.0,583.0,1.0,,0.0,,0.0,501.0,10.0,494.5,1.0,490.0,4.0,412.0,1.0,111.0,6.0
2023-04-28 10:37:18.0,1682649438000000000,491.5,490.0,487.5,30.0,14.0,68700.0,509.5,10.0,521.0,1.0,583.0,1.0,,0.0,,0.0,500.5,10.0,494.5,1.0,490.0,4.0,412.0,1.0,111.0,6.0
2023-04-28 10:37:18.25,1682649438250000000,491.5,490.0,487.5,30.0,14.0,68700.0,509.5,10.0,521.0,1.0,583.0,1.0,,0.0,,0.0,501.0,10.0,494.5,1.0,490.0,4.0,412.0,1.0,111.0,6.0
2023-04-28 10:37:24.75,1682649444750000000,491.5,490.0,487.5,30.0,14.0,68700.0,511.0,10.0,521.0,1.0,583.0,1.0,,0.0,,0.0,502.5,10.0,494.5,1.0,490.0,4.0,412.0,1.0,111.0,6.0
2023-04-28 10:37:25.5,1682649445500000000,491.5,490.0,487.5,30.0,14.0,68700.0,510.0,10.0,521.0,1.0,583.0,1.0,,0.0,,0.0,501.5,10.0,494.5,1.0,490.0,4.0,412.0,1.0,111.0,6.0
2023-04-28 10:37:31.0,1682649451000000000,491.5,490.0,487.5,30.0,14.0,68700.0,509.5,10.0,521.0,1.0,583.0,1.0,,0.0,,0.0,501.0,10.0,494.5,1.0,490.0,4.0,412.0,1.0,111.0,6.0
2023-04-28 10:37:32.5,1682649452500000000,491.5,490.0,487.5,30.0,14.0,68700.0,510.5,10.0,521.0,1.0,583.0,1.0,,0.0,,0.0,502.0,10.0,494.5,1.0,490.0,4.0,412.0,1.0,111.0,6.0
2023-04-28 10:37:34.0,1682649454000000000,491.5,490.0,487.5,30.0,14.0,68700.0,511.5,10.0,521.0,1.0,583.0,1.0,,0.0,,0.0,503.0,10.0,494.5,1.0,490.0,4.0,412.0,1.0,111.0,6.0
2023-04-28 10:37:36.5,1682649456500000000,491.5,490.0,487.5,30.0,14.0,68700.0,512.0,10.0,521.0,1.0,583.0,1.0,,0.0,,0.0,503.5,10.0,494.5,1.0,490.0,4.0,412.0,1.0,111.0,6.0
2023-04-28 10:37:38.75,1682649458750000000,491.5,490.0,487.5,30.0,14.0,68700.0,511.5,10.0,521.0,1.0,583.0,1.0,,0.0,,0.0,503.0,10.0,494.5,1.0,490.0,4.0,412.0,1.0,111.0,6.0
2023-04-28 10:37:42.0,1682649462000000000,491.5,490.0,487.5,30.0,14.0,68700.0,513.0,10.0,521.0,1.0,583.0,1.0,,0.0,,0.0,504.5,10.0,494.5,1.0,490.0,4.0,412.0,1.0,111.0,6.0
2023-04-28 10:37:53.75,1682649473750000000,491.5,490.0,487.5,30.0,14.0,68700.0,511.5,10.0,521.0,1.0,583.0,1.0,,0.0,,0.0,503.0,10.0,494.5,1.0,490.0,4.0,412.0,1.0,111.0,6.0
2023-04-28 10:38:03.5,1682649483500000000,491.5,490.0,487.5,30.0,14.0,68700.0,512.5,10.0,521.0,1.0,583.0,1.0,,0.0,,0.0,504.0,10.0,494.5,1.0,490.0,4.0,412.0,1.0,111.0,6.0
2023-04-28 10:38:08.75,1682649488750000000,491.5,490.0,487.5,30.0,14.0,68700.0,513.0,10.0,521.0,1.0,583.0,1.0,,0.0,,0.0,504.5,10.0,494.5,1.0,490.0,4.0,412.0,1.0,111.0,6.0
2023-04-28 10:38:10.75,1682649490750000000,491.5,490.0,487.5,30.0,14.0,68700.0,512.5,10.0,521.0,1.0,583.0,1.0,,0.0,,0.0,504.0,10.0,494.5,1.0,490.0,4.0,412.0,1.0,111.0,6.0
2023-04-28 10:38:18.75,1682649498750000000,491.5,490.0,487.5,30.0,14.0,68700.0,513.0,10.0,521.0,1.0,583.0,1.0,,0.0,,0.0,504.5,10.0,494.5,1.0,490.0,4.0,412.0,1.0,111.0,6.0
2023-04-28 10:38:20.0,1682649500000000000,491.5,490.0,487.5,30.0,14.0,68700.0,512.5,10.0,521.0,1.0,583.0,1.0,,0.0,,0.0,504.0,10.0,494.5,1.0,490.0,4.0,412.0,1.0,111.0,6.0
2023-04-28 10:38:48.5,1682649528500000000,491.5,490.0,487.5,30.0,14.0,68700.0,511.5,10.0,521.0,1.0,583.0,1.0,,0.0,,0.0,503.0,10.0,494.5,1.0,490.0,4.0,412.0,1.0,111.0,6.0
2023-04-28 10:38:54.25,1682649534250000000,491.5,490.0,487.5,30.0,14.0,68700.0,512.5,10.0,521.0,1.0,583.0,1.0,,0.0,,0.0,503.5,10.0,494.5,1.0,490.0,4.0,412.0,1.0,111.0,6.0
2023-04-28 10:38:55.75,1682649535750000000,491.5,490.0,487.5,30.0,14.0,68700.0,510.5,10.0,521.0,1.0,583.0,1.0,,0.0,,0.0,502.0,10.0,494.5,1.0,490.0,4.0,412.0,1.0,111.0,6.0
2023-04-28 10:38:56.0,1682649536000000000,491.5,490.0,487.5,30.0,14.0,68700.0,511.0,10.0,521.0,1.0,583.0,1.0,,0.0,,0.0,502.5,10.0,494.5,1.0,490.0,4.0,412.0,1.0,111.0,6.0
2023-04-28 10:38:56.25,1682649536250000000,491.5,490.0,487.5,30.0,14.0,68700.0,511.5,10.0,521.0,1.0,583.0,1.0,,0.0,,0.0,503.0,10.0,494.5,1.0,490.0,4.0,412.0,1.0,111.0,6.0
2023-04-28 10:38:58.5,1682649538500000000,491.5,490.0,487.5,30.0,14.0,68700.0,512.5,10.0,521.0,1.0,583.0,1.0,,0.0,,0.0,503.5,10.0,494.5,1.0,490.0,4.0,412.0,1.0,111.0,6.0
2023-04-28 10:38:59.75,1682649539750000000,491.5,490.0,487.5,30.0,14.0,68700.0,512.5,10.0,521.0,1.0,583.0,1.0,,0.0,,0.0,504.0,10.0,494.5,1.0,490.0,4.0,412.0,1.0,111.0,6.0
2023-04-28 10:39:00.75,1682649540750000000,491.5,490.0,487.5,30.0,14.0,68700.0,513.5,10.0,521.0,1.0,583.0,1.0,,0.0,,0.0,504.5,10.0,494.5,1.0,490.0,4.0,412.0,1.0,111.0,6.0
2023-04-28 10:39:08.0,1682649548000000000,491.5,490.0,487.5,30.0,14.0,68700.0,512.5,10.0,521.0,1.0,583.0,1.0,,0.0,,0.0,504.0,10.0,494.5,1.0,490.0,4.0,412.0,1.0,111.0,6.0
2023-04-28 10:39:10.75,1682649550750000000,491.5,490.0,487.5,30.0,14.0,68700.0,513.5,10.0,521.0,1.0,583.0,1.0,,0.0,,0.0,505.0,10.0,494.5,1.0,490.0,4.0,412.0,1.0,111.0,6.0
2023-04-28 10:39:22.25,1682649562250000000,491.5,490.0,487.5,30.0,14.0,68700.0,512.5,10.0,521.0,1.0,583.0,1.0,,0.0,,0.0,504.0,10.0,494.5,1.0,490.0,4.0,412.0,1.0,111.0,6.0
2023-04-28 10:39:25.5,1682649565500000000,491.5,490.0,487.5,30.0,14.0,68700.0,512.5,10.0,521.0,1.0,583.0,1.0,,0.0,,0.0,503.5,10.0,494.5,1.0,490.0,4.0,412.0,1.0,111.0,6.0
2023-04-28 10:39:32.75,1682649572750000000,491.5,490.0,487.5,30.0,14.0,68700.0,513.0,10.0,521.0,1.0,583.0,1.0,,0.0,,0.0,504.5,10.0,494.5,1.0,490.0,4.0,412.0,1.0,111.0,6.0
2023-04-28 10:39:55.5,1682649595500000000,491.5,490.0,487.5,30.0,14.0,68700.0,514.0,10.0,521.0,1.0,583.0,1.0,,0.0,,0.0,505.0,10.0,494.5,1.0,490.0,4.0,412.0,1.0,111.0,6.0
2023-04-28 10:39:59.75,1682649599750000000,491.5,490.0,487.5,30.0,14.0,68700.0,513.0,10.0,521.0,1.0,583.0,1.0,,0.0,,0.0,504.5,10.0,494.5,1.0,490.0,4.0,412.0,1.0,111.0,6.0
2023-04-28 10:40:00.25,1682649600250000000,491.5,490.0,487.5,30.0,14.0,68700.0,512.5,10.0,521.0,1.0,583.0,1.0,,0.0,,0.0,504.0,10.0,494.5,1.0,490.0,4.0,412.0,1.0,111.0,6.0
2023-04-28 10:40:00.75,1682649600750000000,491.5,490.0,487.5,30.0,14.0,68700.0,511.5,10.0,521.0,1.0,583.0,1.0,,0.0,,0.0,503.0,10.0,494.5,1.0,490.0,4.0,412.0,1.0,111.0,6.0
2023-04-28 10:40:01.0,1682649601000000000,491.5,490.0,487.5,30.0,14.0,68700.0,512.0,10.0,521.0,1.0,583.0,1.0,,0.0,,0.0,503.5,10.0,494.5,1.0,490.0,4.0,412.0,1.0,111.0,6.0
2023-04-28 10:40:05.5,1682649605500000000,491.5,490.0,487.5,30.0,14.0,68700.0,510.5,10.0,521.0,1.0,583.0,1.0,,0.0,,0.0,501.5,10.0,494.5,1.0,490.0,4.0,412.0,1.0,111.0,6.0
2023-04-28 10:40:05.75,1682649605750000000,491.5,490.0,487.5,30.0,14.0,68700.0,511.0,10.0,521.0,1.0,583.0,1.0,,0.0,,0.0,502.5,10.0,494.5,1.0,490.0,4.0,412.0,1.0,111.0,6.0
2023-04-28 10:40:07.5,1682649607500000000,491.5,490.0,487.5,30.0,14.0,68700.0,509.5,10.0,521.0,1.0,583.0,1.0,,0.0,,0.0,500.5,10.0,494.5,1.0,490.0,4.0,412.0,1.0,111.0,6.0
2023-04-28 10:40:07.75,1682649607750000000,491.5,490.0,487.5,30.0,14.0,68700.0,508.5,10.0,521.0,1.0,583.0,1.0,,0.0,,0.0,500.0,10.0,494.5,1.0,490.0,4.0,412.0,1.0,111.0,6.0
2023-04-28 10:40:08.0,1682649608000000000,491.5,490.0,487.5,30.0,14.0,68700.0,509.0,10.0,521.0,1.0,583.0,1.0,,0.0,,0.0,500.5,10.0,494.5,1.0,490.0,4.0,412.0,1.0,111.0,6.0
2023-04-28 10:40:08.25,1682649608250000000,491.5,490.0,487.5,30.0,14.0,68700.0,510.0,10.0,521.0,1.0,583.0,1.0,,0.0,,0.0,501.5,10.0,494.5,1.0,490.0,4.0,412.0,1.0,111.0,6.0
2023-04-28 10:40:08.75,1682649608750000000,491.5,490.0,487.5,30.0,14.0,68700.0,511.0,10.0,521.0,1.0,583.0,1.0,,0.0,,0.0,502.5,10.0,494.5,1.0,490.0,4.0,412.0,1.0,111.0,6.0
2023-04-28 10:40:13.25,1682649613250000000,491.5,490.0,487.5,30.0,14.0,68700.0,511.5,10.0,521.0,1.0,583.0,1.0,,0.0,,0.0,503.0,10.0,494.5,1.0,490.0,4.0,412.0,1.0,111.0,6.0
2023-04-28 10:40:18.0,1682649618000000000,491.5,490.0,487.5,30.0,14.0,68700.0,512.5,10.0,521.0,1.0,583.0,1.0,,0.0,,0.0,504.0,10.0,494.5,1.0,490.0,4.0,412.0,1.0,111.0,6.0
2023-04-28 10:40:21.75,1682649621750000000,491.5,490.0,487.5,30.0,14.0,68700.0,513.0,10.0,521.0,1.0,583.0,1.0,,0.0,,0.0,504.5,10.0,494.5,1.0,490.0,4.0,412.0,1.0,111.0,6.0
2023-04-28 10:40:28.25,1682649628250000000,491.5,490.0,487.5,30.0,14.0,68700.0,513.0,10.0,521.0,1.0,583.0,1.0,,0.0,,0.0,504.0,10.0,494.5,1.0,490.0,4.0,412.0,1.0,111.0,6.0
2023-04-28 10:40:28.5,1682649628500000000,491.5,490.0,487.5,30.0,14.0,68700.0,513.0,10.0,521.0,1.0,583.0,1.0,,0.0,,0.0,504.5,10.0,494.5,1.0,490.0,4.0,412.0,1.0,111.0,6.0
2023-04-28 10:40:51.75,1682649651750000000,491.5,490.0,487.5,30.0,14.0,68700.0,512.0,10.0,521.0,1.0,583.0,1.0,,0.0,,0.0,503.5,10.0,494.5,1.0,490.0,4.0,412.0,1.0,111.0,6.0
2023-04-28 10:40:52.5,1682649652500000000,491.5,490.0,487.5,30.0,14.0,68700.0,513.0,10.0,521.0,1.0,583.0,1.0,,0.0,,0.0,504.5,10.0,494.5,1.0,490.0,4.0,412.0,1.0,111.0,6.0
2023-04-28 10:41:04.75,1682649664750000000,491.5,490.0,487.5,30.0,14.0,68700.0,512.0,10.0,521.0,1.0,583.0,1.0,,0.0,,0.0,503.5,10.0,494.5,1.0,490.0,4.0,412.0,1.0,111.0,6.0
2023-04-28 10:41:13.75,1682649673750000000,491.5,490.0,487.5,30.0,14.0,68700.0,513.0,10.0,521.0,1.0,583.0,1.0,,0.0,,0.0,504.5,10.0,494.5,1.0,490.0,4.0,412.0,1.0,111.0,6.0
2023-04-28 10:41:17.25,1682649677250000000,491.5,490.0,487.5,30.0,14.0,68700.0,514.0,10.0,521.0,1.0,583.0,1.0,,0.0,,0.0,505.5,10.0,494.5,1.0,490.0,4.0,412.0,1.0,111.0,6.0
2023-04-28 10:41:17.5,1682649677500000000,491.5,490.0,487.5,30.0,14.0,68700.0,513.0,10.0,521.0,1.0,583.0,1.0,,0.0,,0.0,504.5,10.0,494.5,1.0,490.0,4.0,412.0,1.0,111.0,6.0
2023-04-28 10:41:17.75,1682649677750000000,491.5,490.0,487.5,30.0,14.0,68700.0,513.5,10.0,521.0,1.0,583.0,1.0,,0.0,,0.0,504.5,10.0,494.5,1.0,490.0,4.0,412.0,1.0,111.0,6.0
2023-04-28 10:41:18.0,1682649678000000000,491.5,490.0,487.5,30.0,14.0,68700.0,513.5,10.0,521.0,1.0,583.0,1.0,,0.0,,0.0,505.0,10.0,494.5,1.0,490.0,4.0,412.0,1.0,111.0,6.0
2023-04-28 10:41:20.0,1682649680000000000,491.5,490.0,487.5,30.0,14.0,68700.0,514.5,10.0,521.0,1.0,583.0,1.0,,0.0,,0.0,505.5,10.0,494.5,1.0,490.0,4.0,412.0,1.0,111.0,6.0
2023-04-28 10:41:20.75,1682649680750000000,491.5,490.0,487.5,30.0,14.0,68700.0,515.0,10.0,521.0,1.0,583.0,1.0,,0.0,,0.0,506.5,10.0,494.5,1.0,490.0,4.0,412.0,1.0,111.0,6.0
2023-04-28 10:41:21.0,1682649681000000000,491.5,490.0,487.5,30.0,14.0,68700.0,515.0,10.0,521.0,1.0,583.0,1.0,,0.0,,0.0,506.0,10.0,494.5,1.0,490.0,4.0,412.0,1.0,111.0,6.0
2023-04-28 10:41:31.25,1682649691250000000,491.5,490.0,487.5,30.0,14.0,68700.0,514.0,10.0,521.0,1.0,583.0,1.0,,0.0,,0.0,505.5,10.0,494.5,1.0,490.0,4.0,412.0,1.0,111.0,6.0
2023-04-28 10:41:32.75,1682649692750000000,491.5,490.0,487.5,30.0,14.0,68700.0,513.5,10.0,521.0,1.0,583.0,1.0,,0.0,,0.0,505.0,10.0,494.5,1.0,490.0,4.0,412.0,1.0,111.0,6.0
2023-04-28 10:41:33.0,1682649693000000000,491.5,490.0,487.5,30.0,14.0,68700.0,513.0,10.0,521.0,1.0,583.0,1.0,,0.0,,0.0,504.5,10.0,494.5,1.0,490.0,4.0,412.0,1.0,111.0,6.0
2023-04-28 10:41:33.25,1682649693250000000,491.5,490.0,487.5,30.0,14.0,68700.0,513.5,10.0,521.0,1.0,583.0,1.0,,0.0,,0.0,505.0,10.0,494.5,1.0,490.0,4.0,412.0,1.0,111.0,6.0
2023-04-28 10:41:34.25,1682649694250000000,491.5,490.0,487.5,30.0,14.0,68700.0,514.5,10.0,521.0,1.0,583.0,1.0,,0.0,,0.0,506.0,10.0,494.5,1.0,490.0,4.0,412.0,1.0,111.0,6.0
2023-04-28 10:41:38.5,1682649698500000000,491.5,490.0,487.5,30.0,14.0,68700.0,515.5,10.0,521.0,1.0,583.0,1.0,,0.0,,0.0,506.5,10.0,494.5,1.0,490.0,4.0,412.0,1.0,111.0,6.0
2023-04-28 10:41:58.5,1682649718500000000,491.5,490.0,487.5,30.0,14.0,68700.0,515.0,10.0,521.0,1.0,583.0,1.0,,0.0,,0.0,506.5,10.0,494.5,1.0,490.0,4.0,412.0,1.0,111.0,6.0
2023-04-28 10:42:02.25,1682649722250000000,491.5,490.0,487.5,30.0,14.0,68700.0,514.5,10.0,521.0,1.0,583.0,1.0,,0.0,,0.0,505.5,10.0,494.5,1.0,490.0,4.0,412.0,1.0,111.0,6.0
2023-04-28 10:42:03.0,1682649723000000000,491.5,490.0,487.5,30.0,14.0,68700.0,515.0,10.0,521.0,1.0,583.0,1.0,,0.0,,0.0,506.5,10.0,494.5,1.0,490.0,4.0,412.0,1.0,111.0,6.0
2023-04-28 10:42:05.5,1682649725500000000,491.5,490.0,487.5,30.0,14.0,68700.0,514.5,10.0,521.0,1.0,583.0,1.0,,0.0,,0.0,505.5,10.0,494.5,1.0,490.0,4.0,412.0,1.0,111.0,6.0
2023-04-28 10:42:11.75,1682649731750000000,491.5,490.0,487.5,30.0,14.0,68700.0,514.5,10.0,521.0,1.0,583.0,1.0,,0.0,,0.0,506.0,10.0,494.5,1.0,490.0,4.0,412.0,1.0,111.0,6.0
2023-04-28 10:42:16.25,1682649736250000000,491.5,490.0,487.5,30.0,14.0,68700.0,513.0,10.0,521.0,1.0,583.0,1.0,,0.0,,0.0,504.0,10.0,494.5,1.0,490.0,4.0,412.0,1.0,111.0,6.0
2023-04-28 10:42:16.75,1682649736750000000,491.5,490.0,487.5,30.0,14.0,68700.0,512.5,10.0,521.0,1.0,583.0,1.0,,0.0,,0.0,504.0,10.0,494.5,1.0,490.0,4.0,412.0,1.0,111.0,6.0
2023-04-28 10:42:17.0,1682649737000000000,491.5,490.0,487.5,30.0,14.0,68700.0,513.0,10.0,521.0,1.0,583.0,1.0,,0.0,,0.0,504.0,10.0,494.5,1.0,490.0,4.0,412.0,1.0,111.0,6.0
2023-04-28 10:42:39.5,1682649759500000000,491.5,490.0,487.5,30.0,14.0,68700.0,513.0,10.0,521.0,1.0,583.0,1.0,,0.0,,0.0,504.5,10.0,494.5,1.0,490.0,4.0,412.0,1.0,111.0,6.0
2023-04-28 10:42:40.25,1682649760250000000,491.5,490.0,487.5,30.0,14.0,68700.0,514.0,10.0,521.0,1.0,583.0,1.0,,0.0,,0.0,505.5,10.0,494.5,1.0,490.0,4.0,412.0,1.0,111.0,6.0
2023-04-28 10:42:44.0,1682649764000000000,491.5,490.0,487.5,30.0,14.0,68700.0,513.0,10.0,521.0,1.0,583.0,1.0,,0.0,,0.0,504.5,10.0,494.5,1.0,490.0,4.0,412.0,1.0,111.0,6.0
2023-04-28 10:42:45.5,1682649765500000000,491.5,490.0,487.5,30.0,14.0,68700.0,512.5,10.0,521.0,1.0,583.0,1.0,,0.0,,0.0,503.5,10.0,494.5,1.0,490.0,4.0,412.0,1.0,111.0,6.0
2023-04-28 10:42:46.5,1682649766500000000,491.5,490.0,487.5,30.0,14.0,68700.0,513.0,10.0,521.0,1.0,583.0,1.0,,0.0,,0.0,504.5,10.0,494.5,1.0,490.0,4.0,412.0,1.0,111.0,6.0
2023-04-28 10:42:48.5,1682649768500000000,491.5,490.0,487.5,30.0,14.0,68700.0,514.0,10.0,521.0,1.0,583.0,1.0,,0.0,,0.0,505.5,10.0,494.5,1.0,490.0,4.0,412.0,1.0,111.0,6.0
2023-04-28 10:43:10.25,1682649790250000000,491.5,490.0,487.5,30.0,14.0,68700.0,515.0,10.0,521.0,1.0,583.0,1.0,,0.0,,0.0,506.0,10.0,494.5,1.0,490.0,4.0,412.0,1.0,111.0,6.0
2023-04-28 10:43:10.5,1682649790500000000,491.5,490.0,487.5,30.0,14.0,68700.0,515.5,10.0,521.0,1.0,583.0,1.0,,0.0,,0.0,507.0,10.0,494.5,1.0,490.0,4.0,412.0,1.0,111.0,6.0
2023-04-28 10:43:10.75,1682649790750000000,491.5,490.0,487.5,30.0,14.0,68700.0,515.5,10.0,521.0,1.0,583.0,1.0,,0.0,,0.0,506.5,10.0,494.5,1.0,490.0,4.0,412.0,1.0,111.0,6.0
2023-04-28 10:43:11.0,1682649791000000000,491.5,490.0,487.5,30.0,14.0,68700.0,516.0,10.0,521.0,1.0,583.0,1.0,,0.0,,0.0,507.5,10.0,494.5,1.0,490.0,4.0,412.0,1.0,111.0,6.0
2023-04-28 10:43:12.5,1682649792500000000,491.5,490.0,487.5,30.0,14.0,68700.0,515.5,10.0,521.0,1.0,583.0,1.0,,0.0,,0.0,506.5,10.0,494.5,1.0,490.0,4.0,412.0,1.0,111.0,6.0
2023-04-28 10:43:15.75,1682649795750000000,491.5,490.0,487.5,30.0,14.0,68700.0,515.5,10.0,521.0,1.0,583.0,1.0,,0.0,,0.0,507.0,10.0,494.5,1.0,490.0,4.0,412.0,1.0,111.0,6.0
2023-04-28 10:43:20.25,1682649800250000000,491.5,490.0,487.5,30.0,14.0,68700.0,515.0,10.0,521.0,1.0,583.0,1.0,,0.0,,0.0,506.0,10.0,494.5,1.0,490.0,4.0,412.0,1.0,111.0,6.0
2023-04-28 10:43:25.75,1682649805750000000,491.5,490.0,487.5,30.0,14.0,68700.0,515.5,10.0,521.0,1.0,583.0,1.0,,0.0,,0.0,507.0,10.0,494.5,1.0,490.0,4.0,412.0,1.0,111.0,6.0
2023-04-28 10:43:28.0,1682649808000000000,491.5,490.0,487.5,30.0,14.0,68700.0,515.0,10.0,521.0,1.0,583.0,1.0,,0.0,,0.0,506.0,10.0,494.5,1.0,490.0,4.0,412.0,1.0,111.0,6.0
2023-04-28 10:43:28.25,1682649808250000000,491.5,490.0,487.5,30.0,14.0,68700.0,514.0,10.0,521.0,1.0,583.0,1.0,,0.0,,0.0,505.5,10.0,494.5,1.0,490.0,4.0,412.0,1.0,111.0,6.0
2023-04-28 10:43:29.75,1682649809750000000,491.5,490.0,487.5,30.0,14.0,68700.0,514.5,10.0,521.0,1.0,583.0,1.0,,0.0,,0.0,505.5,10.0,494.5,1.0,490.0,4.0,412.0,1.0,111.0,6.0
2023-04-28 10:43:37.5,1682649817500000000,491.5,490.0,487.5,30.0,14.0,68700.0,513.5,10.0,521.0,1.0,583.0,1.0,,0.0,,0.0,505.0,10.0,494.5,1.0,490.0,4.0,412.0,1.0,111.0,6.0
2023-04-28 10:43:40.75,1682649820750000000,491.5,490.0,487.5,30.0,14.0,68700.0,514.0,10.0,521.0,1.0,583.0,1.0,,0.0,,0.0,505.5,10.0,494.5,1.0,490.0,4.0,412.0,1.0,111.0,6.0
2023-04-28 10:43:41.0,1682649821000000000,491.5,490.0,487.5,30.0,14.0,68700.0,514.5,10.0,521.0,1.0,583.0,1.0,,0.0,,0.0,505.5,10.0,494.5,1.0,490.0,4.0,412.0,1.0,111.0,6.0
2023-04-28 10:43:50.75,1682649830750000000,491.5,490.0,487.5,30.0,14.0,68700.0,514.0,10.0,521.0,1.0,583.0,1.0,,0.0,,0.0,505.5,10.0,494.5,1.0,490.0,4.0,412.0,1.0,111.0,6.0
2023-04-28 10:44:00.75,1682649840750000000,491.5,490.0,487.5,30.0,14.0,68700.0,513.5,10.0,521.0,1.0,583.0,1.0,,0.0,,0.0,505.0,10.0,494.5,1.0,490.0,4.0,412.0,1.0,111.0,6.0
2023-04-28 10:44:12.5,1682649852500000000,491.5,490.0,487.5,30.0,14.0,68700.0,512.5,10.0,521.0,1.0,583.0,1.0,,0.0,,0.0,504.0,10.0,494.5,1.0,490.0,4.0,412.0,1.0,111.0,6.0
2023-04-28 10:44:13.25,1682649853250000000,491.5,490.0,487.5,30.0,14.0,68700.0,511.5,10.0,521.0,1.0,583.0,1.0,,0.0,,0.0,503.0,10.0,494.5,1.0,490.0,4.0,412.0,1.0,111.0,6.0
2023-04-28 10:44:25.0,1682649865000000000,491.5,490.0,487.5,30.0,14.0,68700.0,512.5,10.0,521.0,1.0,583.0,1.0,,0.0,,0.0,504.0,10.0,494.5,1.0,490.0,4.0,412.0,1.0,111.0,6.0
2023-04-28 10:44:34.75,1682649874750000000,491.5,490.0,487.5,30.0,14.0,68700.0,513.5,10.0,521.0,1.0,583.0,1.0,,0.0,,0.0,505.0,10.0,494.5,1.0,490.0,4.0,412.0,1.0,111.0,6.0
2023-04-28 10:44:35.5,1682649875500000000,491.5,490.0,487.5,30.0,14.0,68700.0,513.0,10.0,521.0,1.0,583.0,1.0,,0.0,,0.0,504.5,10.0,494.5,1.0,490.0,4.0,412.0,1.0,111.0,6.0
2023-04-28 10:44:35.75,1682649875750000000,491.5,490.0,487.5,30.0,14.0,68700.0,512.0,10.0,521.0,1.0,583.0,1.0,,0.0,,0.0,503.5,10.0,494.5,1.0,490.0,4.0,412.0,1.0,111.0,6.0
2023-04-28 10:44:43.25,1682649883250000000,491.5,490.0,487.5,30.0,14.0,68700.0,512.5,10.0,521.0,1.0,583.0,1.0,,0.0,,0.0,504.0,10.0,494.5,1.0,490.0,4.0,412.0,1.0,111.0,6.0
2023-04-28 10:44:53.25,1682649893250000000,491.5,490.0,487.5,30.0,14.0,68700.0,511.5,10.0,521.0,1.0,583.0,1.0,,0.0,,0.0,503.0,10.0,494.5,1.0,490.0,4.0,412.0,1.0,111.0,6.0
2023-04-28 10:44:54.25,1682649894250000000,491.5,490.0,487.5,30.0,14.0,68700.0,513.0,10.0,521.0,1.0,583.0,1.0,,0.0,,0.0,504.0,10.0,494.5,1.0,490.0,4.0,412.0,1.0,111.0,6.0
2023-04-28 10:45:12.5,1682649912500000000,491.5,490.0,487.5,30.0,14.0,68700.0,512.0,10.0,521.0,1.0,583.0,1.0,,0.0,,0.0,503.5,10.0,494.5,1.0,490.0,4.0,412.0,1.0,111.0,6.0
2023-04-28 10:45:29.0,1682649929000000000,491.5,490.0,487.5,30.0,14.0,68700.0,513.0,10.0,521.0,1.0,583.0,1.0,,0.0,,0.0,504.5,10.0,494.5,1.0,490.0,4.0,412.0,1.0,111.0,6.0
2023-04-28 10:45:58.75,1682649958750000000,491.5,490.0,487.5,30.0,14.0,68700.0,514.0,10.0,521.0,1.0,583.0,1.0,,0.0,,0.0,505.5,10.0,494.5,1.0,490.0,4.0,412.0,1.0,111.0,6.0
2023-04-28 10:46:06.25,1682649966250000000,491.5,490.0,487.5,30.0,14.0,68700.0,514.5,10.0,521.0,1.0,583.0,1.0,,0.0,,0.0,506.0,10.0,494.5,1.0,490.0,4.0,412.0,1.0,111.0,6.0
2023-04-28 10:46:07.5,1682649967500000000,491.5,490.0,487.5,30.0,14.0,68700.0,514.0,10.0,521.0,1.0,583.0,1.0,,0.0,,0.0,505.5,10.0,494.5,1.0,490.0,4.0,412.0,1.0,111.0,6.0
2023-04-28 10:46:07.75,1682649967750000000,491.5,490.0,487.5,30.0,14.0,68700.0,513.0,10.0,521.0,1.0,583.0,1.0,,0.0,,0.0,504.5,10.0,494.5,1.0,490.0,4.0,412.0,1.0,111.0,6.0
2023-04-28 10:46:14.75,1682649974750000000,491.5,490.0,487.5,30.0,14.0,68700.0,514.0,10.0,521.0,1.0,583.0,1.0,,0.0,,0.0,505.5,10.0,494.5,1.0,490.0,4.0,412.0,1.0,111.0,6.0
2023-04-28 10:46:16.75,1682649976750000000,491.5,490.0,487.5,30.0,14.0,68700.0,513.0,10.0,521.0,1.0,583.0,1.0,,0.0,,0.0,504.5,10.0,494.5,1.0,490.0,4.0,412.0,1.0,111.0,6.0
2023-04-28 10:46:17.25,1682649977250000000,491.5,490.0,487.5,30.0,14.0,68700.0,514.0,10.0,521.0,1.0,583.0,1.0,,0.0,,0.0,505.5,10.0,494.5,1.0,490.0,4.0,412.0,1.0,111.0,6.0
2023-04-28 10:46:17.5,1682649977500000000,491.5,490.0,487.5,30.0,14.0,68700.0,513.0,10.0,521.0,1.0,583.0,1.0,,0.0,,0.0,504.5,10.0,494.5,1.0,490.0,4.0,412.0,1.0,111.0,6.0
2023-04-28 10:46:18.0,1682649978000000000,491.5,490.0,487.5,30.0,14.0,68700.0,514.0,10.0,521.0,1.0,583.0,1.0,,0.0,,0.0,505.5,10.0,494.5,1.0,490.0,4.0,412.0,1.0,111.0,6.0
2023-04-28 10:46:21.75,1682649981750000000,491.5,490.0,487.5,30.0,14.0,68700.0,513.5,10.0,521.0,1.0,583.0,1.0,,0.0,,0.0,505.0,10.0,494.5,1.0,490.0,4.0,412.0,1.0,111.0,6.0
2023-04-28 10:46:28.75,1682649988750000000,491.5,490.0,487.5,30.0,14.0,68700.0,515.0,10.0,521.0,1.0,583.0,1.0,,0.0,,0.0,506.5,10.0,494.5,1.0,490.0,4.0,412.0,1.0,111.0,6.0
2023-04-28 10:46:29.25,1682649989250000000,491.5,490.0,487.5,30.0,14.0,68700.0,514.0,10.0,521.0,1.0,583.0,1.0,,0.0,,0.0,505.0,10.0,494.5,1.0,490.0,4.0,412.0,1.0,111.0,6.0
2023-04-28 10:46:33.25,1682649993250000000,491.5,490.0,487.5,30.0,14.0,68700.0,513.0,10.0,521.0,1.0,583.0,1.0,,0.0,,0.0,504.5,10.0,494.5,1.0,490.0,4.0,412.0,1.0,111.0,6.0
2023-04-28 10:46:39.75,1682649999750000000,491.5,490.0,487.5,30.0,14.0,68700.0,512.5,10.0,521.0,1.0,583.0,1.0,,0.0,,0.0,504.0,10.0,494.5,1.0,490.0,4.0,412.0,1.0,111.0,6.0
2023-04-28 10:46:40.25,1682650000250000000,491.5,490.0,487.5,30.0,14.0,68700.0,511.5,10.0,521.0,1.0,583.0,1.0,,0.0,,0.0,503.0,10.0,494.5,1.0,490.0,4.0,412.0,1.0,111.0,6.0
2023-04-28 10:46:43.0,1682650003000000000,491.5,490.0,487.5,30.0,14.0,68700.0,512.5,10.0,521.0,1.0,583.0,1.0,,0.0,,0.0,504.0,10.0,494.5,1.0,490.0,4.0,412.0,1.0,111.0,6.0
2023-04-28 10:46:48.5,1682650008500000000,491.5,490.0,487.5,30.0,14.0,68700.0,513.0,10.0,521.0,1.0,583.0,1.0,,0.0,,0.0,504.5,10.0,494.5,1.0,490.0,4.0,412.0,1.0,111.0,6.0
2023-04-28 10:46:48.75,1682650008750000000,491.5,490.0,487.5,30.0,14.0,68700.0,512.0,10.0,521.0,1.0,583.0,1.0,,0.0,,0.0,503.5,10.0,494.5,1.0,490.0,4.0,412.0,1.0,111.0,6.0
2023-04-28 10:46:57.5,1682650017500000000,491.5,490.0,487.5,30.0,14.0,68700.0,511.5,10.0,521.0,1.0,583.0,1.0,,0.0,,0.0,502.5,10.0,494.5,1.0,490.0,4.0,412.0,1.0,111.0,6.0
2023-04-28 10:46:58.5,1682650018500000000,491.5,490.0,487.5,30.0,14.0,68700.0,510.5,10.0,521.0,1.0,583.0,1.0,,0.0,,0.0,502.0,10.0,494.5,1.0,490.0,4.0,412.0,1.0,111.0,6.0
2023-04-28 10:47:01.0,1682650021000000000,491.5,490.0,487.5,30.0,14.0,68700.0,510.0,10.0,521.0,1.0,583.0,1.0,,0.0,,0.0,501.5,10.0,494.5,1.0,490.0,4.0,412.0,1.0,111.0,6.0
2023-04-28 10:47:02.5,1682650022500000000,491.5,490.0,487.5,30.0,14.0,68700.0,510.5,10.0,521.0,1.0,583.0,1.0,,0.0,,0.0,502.0,10.0,494.5,1.0,490.0,4.0,412.0,1.0,111.0,6.0
2023-04-28 10:47:04.25,1682650024250000000,491.5,490.0,487.5,30.0,14.0,68700.0,511.5,10.0,521.0,1.0,583.0,1.0,,0.0,,0.0,502.5,10.0,494.5,1.0,490.0,4.0,412.0,1.0,111.0,6.0
2023-04-28 10:47:07.5,1682650027500000000,491.5,490.0,487.5,30.0,14.0,68700.0,510.5,10.0,521.0,1.0,583.0,1.0,,0.0,,0.0,502.0,10.0,494.5,1.0,490.0,4.0,412.0,1.0,111.0,6.0
2023-04-28 10:47:08.0,1682650028000000000,491.5,490.0,487.5,30.0,14.0,68700.0,511.0,10.0,521.0,1.0,583.0,1.0,,0.0,,0.0,502.5,10.0,494.5,1.0,490.0,4.0,412.0,1.0,111.0,6.0
2023-04-28 10:47:10.75,1682650030750000000,491.5,490.0,487.5,30.0,14.0,68700.0,512.0,10.0,521.0,1.0,583.0,1.0,,0.0,,0.0,503.0,10.0,494.5,1.0,490.0,4.0,412.0,1.0,111.0,6.0
2023-04-28 10:47:15.75,1682650035750000000,491.5,490.0,487.5,30.0,14.0,68700.0,512.5,10.0,521.0,1.0,583.0,1.0,,0.0,,0.0,504.0,10.0,494.5,1.0,490.0,4.0,412.0,1.0,111.0,6.0
2023-04-28 10:47:24.25,1682650044250000000,491.5,490.0,487.5,30.0,14.0,68700.0,513.5,10.0,521.0,1.0,583.0,1.0,,0.0,,0.0,505.0,10.0,494.5,1.0,490.0,4.0,412.0,1.0,111.0,6.0
2023-04-28 10:47:26.25,1682650046250000000,491.5,490.0,487.5,30.0,14.0,68700.0,514.5,10.0,521.0,1.0,583.0,1.0,,0.0,,0.0,505.5,10.0,494.5,1.0,490.0,4.0,412.0,1.0,111.0,6.0
2023-04-28 10:47:26.5,1682650046500000000,491.5,490.0,487.5,30.0,14.0,68700.0,513.0,10.0,521.0,1.0,583.0,1.0,,0.0,,0.0,504.5,10.0,494.5,1.0,490.0,4.0,412.0,1.0,111.0,6.0
2023-04-28 10:47:46.25,1682650066250000000,491.5,490.0,487.5,30.0,14.0,68700.0,513.5,10.0,521.0,1.0,583.0,1.0,,0.0,,0.0,504.5,10.0,494.5,1.0,490.0,4.0,412.0,1.0,111.0,6.0
2023-04-28 10:47:46.5,1682650066500000000,491.5,490.0,487.5,30.0,14.0,68700.0,513.0,10.0,521.0,1.0,583.0,1.0,,0.0,,0.0,504.5,10.0,494.5,1.0,490.0,4.0,412.0,1.0,111.0,6.0
2023-04-28 10:47:56.5,1682650076500000000,491.5,490.0,487.5,30.0,14.0,68700.0,514.0,10.0,521.0,1.0,583.0,1.0,,0.0,,0.0,505.5,10.0,494.5,1.0,490.0,4.0,412.0,1.0,111.0,6.0
2023-04-28 10:48:17.0,1682650097000000000,491.5,490.0,487.5,30.0,14.0,68700.0,513.0,10.0,521.0,1.0,583.0,1.0,,0.0,,0.0,504.5,10.0,494.5,1.0,490.0,4.0,412.0,1.0,111.0,6.0
2023-04-28 10:48:17.5,1682650097500000000,491.5,490.0,487.5,30.0,14.0,68700.0,513.5,10.0,521.0,1.0,583.0,1.0,,0.0,,0.0,504.5,10.0,494.5,1.0,490.0,4.0,412.0,1.0,111.0,6.0
2023-04-28 10:48:18.5,1682650098500000000,491.5,490.0,487.5,30.0,14.0,68700.0,515.0,10.0,521.0,1.0,583.0,1.0,,0.0,,0.0,506.0,10.0,494.5,1.0,490.0,4.0,412.0,1.0,111.0,6.0
2023-04-28 10:48:19.25,1682650099250000000,491.5,490.0,487.5,30.0,14.0,68700.0,515.5,10.0,521.0,1.0,583.0,1.0,,0.0,,0.0,507.0,10.0,494.5,1.0,490.0,4.0,412.0,1.0,111.0,6.0
2023-04-28 10:48:26.25,1682650106250000000,491.5,490.0,487.5,30.0,14.0,68700.0,516.5,10.0,521.0,1.0,583.0,1.0,,0.0,,0.0,508.0,10.0,494.5,1.0,490.0,4.0,412.0,1.0,111.0,6.0
2023-04-28 10:48:28.75,1682650108750000000,491.5,490.0,487.5,30.0,14.0,68700.0,515.0,10.0,521.0,1.0,583.0,1.0,,0.0,,0.0,506.0,10.0,494.5,1.0,490.0,4.0,412.0,1.0,111.0,6.0
2023-04-28 10:48:29.0,1682650109000000000,491.5,490.0,487.5,30.0,14.0,68700.0,514.0,10.0,521.0,1.0,583.0,1.0,,0.0,,0.0,505.5,10.0,494.5,1.0,490.0,4.0,412.0,1.0,111.0,6.0
2023-04-28 10:48:32.25,1682650112250000000,491.5,490.0,487.5,30.0,14.0,68700.0,513.0,10.0,521.0,1.0,583.0,1.0,,0.0,,0.0,504.5,10.0,494.5,1.0,490.0,4.0,412.0,1.0,111.0,6.0
2023-04-28 10:49:01.25,1682650141250000000,491.5,490.0,487.5,30.0,14.0,68700.0,514.0,10.0,521.0,1.0,583.0,1.0,,0.0,,0.0,505.5,10.0,494.5,1.0,490.0,4.0,412.0,1.0,111.0,6.0
2023-04-28 10:49:01.75,1682650141750000000,491.5,490.0,487.5,30.0,14.0,68700.0,513.0,10.0,521.0,1.0,583.0,1.0,,0.0,,0.0,504.5,10.0,494.5,1.0,490.0,4.0,412.0,1.0,111.0,6.0
2023-04-28 10:49:04.0,1682650144000000000,491.5,490.0,487.5,30.0,14.0,68700.0,512.5,10.0,521.0,1.0,583.0,1.0,,0.0,,0.0,503.5,10.0,494.5,1.0,490.0,4.0,412.0,1.0,111.0,6.0
2023-04-28 10:49:06.0,1682650146000000000,491.5,490.0,487.5,30.0,14.0,68700.0,512.0,10.0,521.0,1.0,583.0,1.0,,0.0,,0.0,503.5,10.0,494.5,1.0,490.0,4.0,412.0,1.0,111.0,6.0
2023-04-28 10:49:06.25,1682650146250000000,491.5,490.0,487.5,30.0,14.0,68700.0,512.5,10.0,521.0,1.0,583.0,1.0,,0.0,,0.0,503.5,10.0,494.5,1.0,490.0,4.0,412.0,1.0,111.0,6.0
2023-04-28 10:49:13.25,1682650153250000000,491.5,490.0,487.5,30.0,14.0,68700.0,512.5,10.0,521.0,1.0,583.0,1.0,,0.0,,0.0,504.0,10.0,494.5,1.0,490.0,4.0,412.0,1.0,111.0,6.0
2023-04-28 10:49:30.0,1682650170000000000,491.5,490.0,487.5,30.0,14.0,68700.0,513.5,10.0,521.0,1.0,583.0,1.0,,0.0,,0.0,504.5,10.0,494.5,1.0,490.0,4.0,412.0,1.0,111.0,6.0
2023-04-28 10:49:39.5,1682650179500000000,491.5,490.0,487.5,30.0,14.0,68700.0,512.5,10.0,521.0,1.0,583.0,1.0,,0.0,,0.0,504.0,10.0,494.5,1.0,490.0,4.0,412.0,1.0,111.0,6.0
2023-04-28 10:49:50.75,1682650190750000000,491.5,490.0,487.5,30.0,14.0,68700.0,513.0,10.0,521.0,1.0,583.0,1.0,,0.0,,0.0,504.0,10.0,494.5,1.0,490.0,4.0,412.0,1.0,111.0,6.0
2023-04-28 10:49:56.75,1682650196750000000,491.5,490.0,487.5,30.0,14.0,68700.0,512.0,10.0,521.0,1.0,583.0,1.0,,0.0,,0.0,503.5,10.0,494.5,1.0,490.0,4.0,412.0,1.0,111.0,6.0
2023-04-28 10:49:57.25,1682650197250000000,491.5,490.0,487.5,30.0,14.0,68700.0,511.0,10.0,521.0,1.0,583.0,1.0,,0.0,,0.0,502.5,10.0,494.5,1.0,490.0,4.0,412.0,1.0,111.0,6.0
2023-04-28 10:50:01.0,1682650201000000000,491.5,490.0,487.5,30.0,14.0,68700.0,510.5,10.0,521.0,1.0,583.0,1.0,,0.0,,0.0,502.0,10.0,494.5,1.0,490.0,4.0,412.0,1.0,111.0,6.0
2023-04-28 10:50:01.25,1682650201250000000,491.5,490.0,487.5,30.0,14.0,68700.0,511.0,10.0,521.0,1.0,583.0,1.0,,0.0,,0.0,502.5,10.0,494.5,1.0,490.0,4.0,412.0,1.0,111.0,6.0
2023-04-28 10:50:02.5,1682650202500000000,491.5,490.0,487.5,30.0,14.0,68700.0,510.0,10.0,521.0,1.0,583.0,1.0,,0.0,,0.0,501.5,10.0,494.5,1.0,490.0,4.0,412.0,1.0,111.0,6.0
2023-04-28 10:50:12.25,1682650212250000000,491.5,490.0,487.5,30.0,14.0,68700.0,511.0,10.0,521.0,1.0,583.0,1.0,,0.0,,0.0,502.5,10.0,494.5,1.0,490.0,4.0,412.0,1.0,111.0,6.0
2023-04-28 10:50:23.5,1682650223500000000,491.5,490.0,487.5,30.0,14.0,68700.0,511.5,10.0,521.0,1.0,583.0,1.0,,0.0,,0.0,503.0,10.0,494.5,1.0,490.0,4.0,412.0,1.0,111.0,6.0
2023-04-28 10:50:23.75,1682650223750000000,491.5,490.0,487.5,30.0,14.0,68700.0,511.0,10.0,521.0,1.0,583.0,1.0,,0.0,,0.0,502.5,10.0,494.5,1.0,490.0,4.0,412.0,1.0,111.0,6.0
2023-04-28 10:50:25.5,1682650225500000000,491.5,490.0,487.5,30.0,14.0,68700.0,511.5,10.0,521.0,1.0,583.0,1.0,,0.0,,0.0,502.5,10.0,494.5,1.0,490.0,4.0,412.0,1.0,111.0,6.0
2023-04-28 10:50:29.0,1682650229000000000,491.5,490.0,487.5,30.0,14.0,68700.0,512.0,10.0,521.0,1.0,583.0,1.0,,0.0,,0.0,503.5,10.0,494.5,1.0,490.0,4.0,412.0,1.0,111.0,6.0
2023-04-28 10:50:29.5,1682650229500000000,491.5,490.0,487.5,30.0,14.0,68700.0,510.5,10.0,521.0,1.0,583.0,1.0,,0.0,,0.0,502.0,10.0,494.5,1.0,490.0,4.0,412.0,1.0,111.0,6.0
2023-04-28 10:50:30.75,1682650230750000000,491.5,490.0,487.5,30.0,14.0,68700.0,511.5,10.0,521.0,1.0,583.0,1.0,,0.0,,0.0,503.0,10.0,494.5,1.0,490.0,4.0,412.0,1.0,111.0,6.0
2023-04-28 10:50:33.5,1682650233500000000,491.5,490.0,487.5,30.0,14.0,68700.0,510.5,10.0,521.0,1.0,583.0,1.0,,0.0,,0.0,502.0,10.0,494.5,1.0,490.0,4.0,412.0,1.0,111.0,6.0
2023-04-28 10:50:35.5,1682650235500000000,491.5,490.0,487.5,30.0,14.0,68700.0,509.5,10.0,521.0,1.0,583.0,1.0,,0.0,,0.0,501.0,10.0,494.5,1.0,490.0,4.0,412.0,1.0,111.0,6.0
2023-04-28 10:50:39.75,1682650239750000000,491.5,490.0,487.5,30.0,14.0,68700.0,509.0,10.0,521.0,1.0,583.0,1.0,,0.0,,0.0,500.5,10.0,494.5,1.0,490.0,4.0,412.0,1.0,111.0,6.0
2023-04-28 10:50:40.0,1682650240000000000,491.5,490.0,487.5,30.0,14.0,68700.0,510.0,10.0,521.0,1.0,583.0,1.0,,0.0,,0.0,501.5,10.0,494.5,1.0,490.0,4.0,412.0,1.0,111.0,6.0
2023-04-28 10:50:42.25,1682650242250000000,491.5,490.0,487.5,30.0,14.0,68700.0,511.0,10.0,521.0,1.0,583.0,1.0,,0.0,,0.0,502.5,10.0,494.5,1.0,490.0,4.0,412.0,1.0,111.0,6.0
2023-04-28 10:50:43.25,1682650243250000000,491.5,490.0,487.5,30.0,14.0,68700.0,509.0,10.0,521.0,1.0,583.0,1.0,,0.0,,0.0,500.5,10.0,494.5,1.0,490.0,4.0,412.0,1.0,111.0,6.0
2023-04-28 10:50:49.75,1682650249750000000,491.5,490.0,487.5,30.0,14.0,68700.0,509.5,10.0,521.0,1.0,583.0,1.0,,0.0,,0.0,501.0,10.0,494.5,1.0,490.0,4.0,412.0,1.0,111.0,6.0
2023-04-28 10:50:52.75,1682650252750000000,491.5,490.0,487.5,30.0,14.0,68700.0,509.0,10.0,521.0,1.0,583.0,1.0,,0.0,,0.0,500.0,10.0,494.5,1.0,490.0,4.0,412.0,1.0,111.0,6.0
2023-04-28 10:50:54.25,1682650254250000000,491.5,490.0,487.5,30.0,14.0,68700.0,509.5,10.0,521.0,1.0,583.0,1.0,,0.0,,0.0,501.0,10.0,494.5,1.0,490.0,4.0,412.0,1.0,111.0,6.0
2023-04-28 10:50:54.5,1682650254500000000,491.5,490.0,487.5,30.0,14.0,68700.0,509.0,10.0,521.0,1.0,583.0,1.0,,0.0,,0.0,500.0,10.0,494.5,1.0,490.0,4.0,412.0,1.0,111.0,6.0
2023-04-28 10:51:00.5,1682650260500000000,491.5,490.0,487.5,30.0,14.0,68700.0,509.0,10.0,521.0,1.0,583.0,1.0,,0.0,,0.0,500.5,10.0,494.5,1.0,490.0,4.0,412.0,1.0,111.0,6.0
2023-04-28 10:51:00.75,1682650260750000000,491.5,490.0,487.5,30.0,14.0,68700.0,509.0,10.0,521.0,1.0,583.0,1.0,,0.0,,0.0,500.0,10.0,494.5,1.0,490.0,4.0,412.0,1.0,111.0,6.0
2023-04-28 10:51:02.75,1682650262750000000,491.5,490.0,487.5,30.0,14.0,68700.0,509.5,10.0,521.0,1.0,583.0,1.0,,0.0,,0.0,501.0,10.0,494.5,1.0,490.0,4.0,412.0,1.0,111.0,6.0
2023-04-28 10:51:03.0,1682650263000000000,491.5,490.0,487.5,30.0,14.0,68700.0,509.0,10.0,521.0,1.0,583.0,1.0,,0.0,,0.0,500.0,10.0,494.5,1.0,490.0,4.0,412.0,1.0,111.0,6.0
2023-04-28 10:51:03.5,1682650263500000000,491.5,490.0,487.5,30.0,14.0,68700.0,508.0,10.0,521.0,1.0,583.0,1.0,,0.0,,0.0,499.5,10.0,494.5,1.0,490.0,4.0,412.0,1.0,111.0,6.0
2023-04-28 10:51:04.25,1682650264250000000,491.5,490.0,487.5,30.0,14.0,68700.0,507.5,10.0,521.0,1.0,583.0,1.0,,0.0,,0.0,499.0,10.0,494.5,1.0,490.0,4.0,412.0,1.0,111.0,6.0
2023-04-28 10:51:04.5,1682650264500000000,491.5,490.0,487.5,30.0,14.0,68700.0,508.0,10.0,521.0,1.0,583.0,1.0,,0.0,,0.0,499.5,10.0,494.5,1.0,490.0,4.0,412.0,1.0,111.0,6.0
2023-04-28 10:51:07.75,1682650267750000000,491.5,490.0,487.5,30.0,14.0,68700.0,509.0,10.0,521.0,1.0,583.0,1.0,,0.0,,0.0,500.5,10.0,494.5,1.0,490.0,4.0,412.0,1.0,111.0,6.0
2023-04-28 10:51:09.5,1682650269500000000,491.5,490.0,487.5,30.0,14.0,68700.0,508.0,10.0,521.0,1.0,583.0,1.0,,0.0,,0.0,499.5,10.0,494.5,1.0,490.0,4.0,412.0,1.0,111.0,6.0
2023-04-28 10:51:10.0,1682650270000000000,491.5,490.0,487.5,30.0,14.0,68700.0,509.0,10.0,521.0,1.0,583.0,1.0,,0.0,,0.0,500.5,10.0,494.5,1.0,490.0,4.0,412.0,1.0,111.0,6.0
2023-04-28 10:51:10.75,1682650270750000000,491.5,490.0,487.5,30.0,14.0,68700.0,508.0,10.0,521.0,1.0,583.0,1.0,,0.0,,0.0,499.5,10.0,494.5,1.0,490.0,4.0,412.0,1.0,111.0,6.0
2023-04-28 10:51:13.0,1682650273000000000,491.5,490.0,487.5,30.0,14.0,68700.0,509.0,10.0,521.0,1.0,583.0,1.0,,0.0,,0.0,500.5,10.0,494.5,1.0,490.0,4.0,412.0,1.0,111.0,6.0
2023-04-28 10:51:13.25,1682650273250000000,491.5,490.0,487.5,30.0,14.0,68700.0,508.0,10.0,521.0,1.0,583.0,1.0,,0.0,,0.0,499.5,10.0,494.5,1.0,490.0,4.0,412.0,1.0,111.0,6.0
2023-04-28 10:51:13.5,1682650273500000000,491.5,490.0,487.5,30.0,14.0,68700.0,508.5,10.0,521.0,1.0,583.0,1.0,,0.0,,0.0,500.0,10.0,494.5,1.0,490.0,4.0,412.0,1.0,111.0,6.0
2023-04-28 10:51:18.5,1682650278500000000,491.5,490.0,487.5,30.0,14.0,68700.0,509.5,10.0,521.0,1.0,583.0,1.0,,0.0,,0.0,500.5,10.0,494.5,1.0,490.0,4.0,412.0,1.0,111.0,6.0
2023-04-28 10:51:20.75,1682650280750000000,491.5,490.0,487.5,30.0,14.0,68700.0,508.5,10.0,521.0,1.0,583.0,1.0,,0.0,,0.0,500.0,10.0,494.5,1.0,490.0,4.0,412.0,1.0,111.0,6.0
2023-04-28 10:51:21.5,1682650281500000000,491.5,490.0,487.5,30.0,14.0,68700.0,509.0,10.0,521.0,1.0,583.0,1.0,,0.0,,0.0,500.5,10.0,494.5,1.0,490.0,4.0,412.0,1.0,111.0,6.0
2023-04-28 10:51:23.5,1682650283500000000,491.5,490.0,487.5,30.0,14.0,68700.0,510.0,10.0,521.0,1.0,583.0,1.0,,0.0,,0.0,501.5,10.0,494.5,1.0,490.0,4.0,412.0,1.0,111.0,6.0
2023-04-28 10:51:24.0,1682650284000000000,491.5,490.0,487.5,30.0,14.0,68700.0,509.0,10.0,521.0,1.0,583.0,1.0,,0.0,,0.0,500.5,10.0,494.5,1.0,490.0,4.0,412.0,1.0,111.0,6.0
2023-04-28 10:51:29.5,1682650289500000000,491.5,490.0,487.5,30.0,14.0,68700.0,510.0,10.0,521.0,1.0,583.0,1.0,,0.0,,0.0,501.5,10.0,494.5,1.0,490.0,4.0,412.0,1.0,111.0,6.0
2023-04-28 10:51:36.75,1682650296750000000,491.5,490.0,487.5,30.0,14.0,68700.0,509.0,10.0,521.0,1.0,583.0,1.0,,0.0,,0.0,500.5,10.0,494.5,1.0,490.0,4.0,412.0,1.0,111.0,6.0
2023-04-28 10:51:41.25,1682650301250000000,491.5,490.0,487.5,30.0,14.0,68700.0,509.5,10.0,521.0,1.0,583.0,1.0,,0.0,,0.0,500.5,10.0,494.5,1.0,490.0,4.0,412.0,1.0,111.0,6.0
2023-04-28 10:51:41.75,1682650301750000000,491.5,490.0,487.5,30.0,14.0,68700.0,508.5,10.0,521.0,1.0,583.0,1.0,,0.0,,0.0,500.0,10.0,494.5,1.0,490.0,4.0,412.0,1.0,111.0,6.0
2023-04-28 10:51:42.0,1682650302000000000,491.5,490.0,487.5,30.0,14.0,68700.0,509.5,10.0,521.0,1.0,583.0,1.0,,0.0,,0.0,500.5,10.0,494.5,1.0,490.0,4.0,412.0,1.0,111.0,6.0
2023-04-28 10:51:42.5,1682650302500000000,491.5,490.0,487.5,30.0,14.0,68700.0,508.5,10.0,521.0,1.0,583.0,1.0,,0.0,,0.0,500.0,10.0,494.5,1.0,490.0,4.0,412.0,1.0,111.0,6.0
2023-04-28 10:51:42.75,1682650302750000000,491.5,490.0,487.5,30.0,14.0,68700.0,507.5,10.0,521.0,1.0,583.0,1.0,,0.0,,0.0,499.0,10.0,494.5,1.0,490.0,4.0,412.0,1.0,111.0,6.0
2023-04-28 10:51:43.5,1682650303500000000,491.5,490.0,487.5,30.0,14.0,68700.0,508.5,10.0,521.0,1.0,583.0,1.0,,0.0,,0.0,500.0,10.0,494.5,1.0,490.0,4.0,412.0,1.0,111.0,6.0
2023-04-28 10:51:45.75,1682650305750000000,491.5,490.0,487.5,30.0,14.0,68700.0,509.5,10.0,521.0,1.0,583.0,1.0,,0.0,,0.0,500.5,10.0,494.5,1.0,490.0,4.0,412.0,1.0,111.0,6.0
2023-04-28 10:51:47.75,1682650307750000000,491.5,490.0,487.5,30.0,14.0,68700.0,508.5,10.0,521.0,1.0,583.0,1.0,,0.0,,0.0,500.0,10.0,494.5,1.0,490.0,4.0,412.0,1.0,111.0,6.0
2023-04-28 10:51:51.75,1682650311750000000,491.5,490.0,487.5,30.0,14.0,68700.0,507.5,10.0,521.0,1.0,583.0,1.0,,0.0,,0.0,499.0,10.0,494.5,1.0,490.0,4.0,412.0,1.0,111.0,6.0
2023-04-28 10:51:54.25,1682650314250000000,491.5,490.0,487.5,30.0,14.0,68700.0,508.5,10.0,521.0,1.0,583.0,1.0,,0.0,,0.0,500.0,10.0,494.5,1.0,490.0,4.0,412.0,1.0,111.0,6.0
2023-04-28 10:51:55.0,1682650315000000000,491.5,490.0,487.5,30.0,14.0,68700.0,507.5,10.0,521.0,1.0,583.0,1.0,,0.0,,0.0,499.0,10.0,494.5,1.0,490.0,4.0,412.0,1.0,111.0,6.0
2023-04-28 10:51:56.0,1682650316000000000,491.5,490.0,487.5,30.0,14.0,68700.0,508.0,10.0,521.0,1.0,583.0,1.0,,0.0,,0.0,499.5,10.0,494.5,1.0,490.0,4.0,412.0,1.0,111.0,6.0
2023-04-28 10:51:57.0,1682650317000000000,491.5,490.0,487.5,30.0,14.0,68700.0,507.5,10.0,521.0,1.0,583.0,1.0,,0.0,,0.0,499.0,10.0,494.5,1.0,490.0,4.0,412.0,1.0,111.0,6.0
2023-04-28 10:51:58.5,1682650318500000000,491.5,490.0,487.5,30.0,14.0,68700.0,508.5,10.0,521.0,1.0,583.0,1.0,,0.0,,0.0,500.0,10.0,494.5,1.0,490.0,4.0,412.0,1.0,111.0,6.0
2023-04-28 10:52:00.25,1682650320250000000,491.5,490.0,487.5,30.0,14.0,68700.0,507.5,10.0,521.0,1.0,583.0,1.0,,0.0,,0.0,499.0,10.0,494.5,1.0,490.0,4.0,412.0,1.0,111.0,6.0
2023-04-28 10:52:01.0,1682650321000000000,491.5,490.0,487.5,30.0,14.0,68700.0,507.0,10.0,521.0,1.0,583.0,1.0,,0.0,,0.0,498.5,10.0,494.5,1.0,490.0,4.0,412.0,1.0,111.0,6.0
2023-04-28 10:52:01.25,1682650321250000000,491.5,490.0,487.5,30.0,14.0,68700.0,506.0,10.0,521.0,1.0,583.0,1.0,,0.0,,0.0,497.5,10.0,494.5,1.0,490.0,4.0,412.0,1.0,111.0,6.0
2023-04-28 10:52:01.5,1682650321500000000,491.5,490.0,487.5,30.0,14.0,68700.0,507.5,10.0,521.0,1.0,583.0,1.0,,0.0,,0.0,499.0,10.0,494.5,1.0,490.0,4.0,412.0,1.0,111.0,6.0
2023-04-28 10:52:01.75,1682650321750000000,491.5,490.0,487.5,30.0,14.0,68700.0,506.5,10.0,521.0,1.0,583.0,1.0,,0.0,,0.0,498.0,10.0,494.5,1.0,490.0,4.0,412.0,1.0,111.0,6.0
2023-04-28 10:52:02.0,1682650322000000000,491.5,490.0,487.5,30.0,14.0,68700.0,507.5,10.0,521.0,1.0,583.0,1.0,,0.0,,0.0,499.0,10.0,494.5,1.0,490.0,4.0,412.0,1.0,111.0,6.0
2023-04-28 10:52:02.5,1682650322500000000,491.5,490.0,487.5,30.0,14.0,68700.0,508.0,10.0,521.0,1.0,583.0,1.0,,0.0,,0.0,499.5,10.0,494.5,1.0,490.0,4.0,412.0,1.0,111.0,6.0
2023-04-28 10:52:02.75,1682650322750000000,491.5,490.0,487.5,30.0,14.0,68700.0,507.5,10.0,521.0,1.0,583.0,1.0,,0.0,,0.0,499.0,10.0,494.5,1.0,490.0,4.0,412.0,1.0,111.0,6.0
2023-04-28 10:52:03.25,1682650323250000000,491.5,490.0,487.5,30.0,14.0,68700.0,506.5,10.0,521.0,1.0,583.0,1.0,,0.0,,0.0,498.0,10.0,494.5,1.0,490.0,4.0,412.0,1.0,111.0,6.0
2023-04-28 10:52:04.0,1682650324000000000,491.5,490.0,487.5,30.0,14.0,68700.0,505.5,10.0,521.0,1.0,583.0,1.0,,0.0,,0.0,497.0,10.0,494.5,1.0,490.0,4.0,412.0,1.0,111.0,6.0
2023-04-28 10:52:06.25,1682650326250000000,491.5,490.0,487.5,30.0,14.0,68700.0,506.5,10.0,521.0,1.0,583.0,1.0,,0.0,,0.0,498.0,10.0,494.5,1.0,490.0,4.0,412.0,1.0,111.0,6.0
2023-04-28 10:52:08.75,1682650328750000000,491.5,490.0,487.5,30.0,14.0,68700.0,507.0,10.0,521.0,1.0,583.0,1.0,,0.0,,0.0,498.5,10.0,494.5,1.0,490.0,4.0,412.0,1.0,111.0,6.0
2023-04-28 10:52:12.5,1682650332500000000,491.5,490.0,487.5,30.0,14.0,68700.0,508.0,10.0,521.0,1.0,583.0,1.0,,0.0,,0.0,499.5,10.0,494.5,1.0,490.0,4.0,412.0,1.0,111.0,6.0
2023-04-28 10:52:15.25,1682650335250000000,491.5,490.0,487.5,30.0,14.0,68700.0,509.0,10.0,521.0,1.0,583.0,1.0,,0.0,,0.0,500.5,10.0,494.5,1.0,490.0,4.0,412.0,1.0,111.0,6.0
2023-04-28 10:52:16.25,1682650336250000000,491.5,490.0,487.5,30.0,14.0,68700.0,507.5,10.0,521.0,1.0,583.0,1.0,,0.0,,0.0,499.0,10.0,494.5,1.0,490.0,4.0,412.0,1.0,111.0,6.0
2023-04-28 10:52:20.25,1682650340250000000,491.5,490.0,487.5,30.0,14.0,68700.0,508.0,10.0,521.0,1.0,583.0,1.0,,0.0,,0.0,499.5,10.0,494.5,1.0,490.0,4.0,412.0,1.0,111.0,6.0
