datetime,datetime_nano,highest,last_price,lowest,open_interest,volume,amount,ask_price1,ask_volume1,ask_price2,ask_volume2,ask_price3,ask_volume3,ask_price4,ask_volume4,ask_price5,ask_volume5,bid_price1,bid_volume1,bid_price2,bid_volume2,bid_price3,bid_volume3,bid_price4,bid_volume4,bid_price5,bid_volume5
2023-04-27 20:55:37.5,1682600137500000000,,,,7946.0,0.0,0.0,,0.0,,0.0,,0.0,,0.0,,0.0,,0.0,,0.0,,0.0,,0.0,,0.0
2023-04-27 20:59:00.0,1682600340000000000,,,,7946.0,0.0,0.0,5.0,100.0,10.0,9.0,28.0,1.0,,0.0,,0.0,3.0,320.0,2.5,300.0,2.0,100.0,1.0,12.0,0.5,20.0
2023-04-27 21:00:00.25,1682600400250000000,,,,7946.0,0.0,0.0,5.0,100.0,5.5,16.0,10.0,9.0,28.0,1.0,,0.0,3.0,320.0,2.5,300.0,2.0,116.0,1.0,12.0,0.5,20.0
2023-04-27 21:00:03.25,1682600403250000000,,,,7946.0,0.0,0.0,5.0,100.0,5.5,16.0,10.0,9.0,25.5,20.0,28.0,1.0,3.0,320.0,2.5,300.0,2.0,116.0,1.0,12.0,0.5,20.0
2023-04-27 21:00:03.5,1682600403500000000,,,,7946.0,0.0,0.0,5.0,100.0,5.5,16.0,10.0,9.0,28.0,1.0,,0.0,3.0,320.0,2.5,300.0,2.0,116.0,1.0,12.0,0.5,20.0
2023-04-27 21:00:04.25,1682600404250000000,,,,7946.0,0.0,0.0,5.0,100.0,5.5,16.0,10.0,9.0,22.5,20.0,28.0,1.0,3.0,320.0,2.5,300.0,2.0,116.0,1.0,12.0,0.5,20.0
2023-04-27 21:00:04.75,1682600404750000000,,,,7946.0,0.0,0.0,5.0,100.0,5.5,16.0,10.0,9.0,28.0,1.0,,0.0,3.0,320.0,2.5,300.0,2.0,116.0,1.0,12.0,0.5,20.0
2023-04-27 21:00:08.5,1682600408500000000,,,,7946.0,0.0,0.0,5.0,100.0,5.5,34.0,10.0,9.0,28.0,1.0,,0.0,3.0,338.0,2.5,300.0,2.0,116.0,1.0,12.0,0.5,20.0
2023-04-27 21:00:09.0,1682600409000000000,,,,7946.0,0.0,0.0,5.0,100.0,5.5,34.0,10.0,9.0,25.0,20.0,28.0,1.0,3.0,338.0,2.5,300.0,2.0,116.0,1.0,12.0,0.5,20.0
2023-04-27 21:00:09.25,1682600409250000000,,,,7946.0,0.0,0.0,5.0,100.0,5.5,16.0,10.0,9.0,25.0,20.0,28.0,1.0,3.0,320.0,2.5,300.0,2.0,116.0,1.0,12.0,0.5,20.0
2023-04-27 21:00:13.5,1682600413500000000,,,,7946.0,0.0,0.0,4.5,1.0,5.0,101.0,5.5,17.0,6.5,1.0,7.5,1.0,3.5,1.0,3.0,321.0,2.5,300.0,2.0,116.0,1.0,12.0
2023-04-27 21:00:24.0,1682600424000000000,,,,7946.0,0.0,0.0,4.5,1.0,5.0,101.0,5.5,35.0,6.5,1.0,7.5,1.0,3.5,1.0,3.0,339.0,2.5,300.0,2.0,116.0,1.0,12.0
2023-04-27 21:00:28.25,1682600428250000000,,,,7946.0,0.0,0.0,4.5,1.0,5.0,101.0,5.5,17.0,6.5,1.0,7.5,1.0,3.5,1.0,3.0,321.0,2.5,300.0,2.0,116.0,1.0,12.0
2023-04-27 21:00:59.0,1682600459000000000,,,,7946.0,0.0,0.0,4.5,1.0,5.0,101.0,5.5,17.0,6.5,1.0,7.5,1.0,3.5,1.0,3.0,321.0,2.5,300.0,2.0,136.0,1.0,12.0
2023-04-27 21:01:08.0,1682600468000000000,,,,7946.0,0.0,0.0,4.5,1.0,5.0,101.0,5.5,35.0,6.5,1.0,7.5,1.0,3.5,1.0,3.0,339.0,2.5,300.0,2.0,136.0,1.0,12.0
2023-04-27 21:01:09.5,1682600469500000000,,,,7946.0,0.0,0.0,4.5,1.0,5.0,101.0,5.5,17.0,6.5,1.0,7.5,1.0,3.5,1.0,3.0,321.0,2.5,300.0,2.0,136.0,1.0,12.0
2023-04-27 21:01:34.25,1682600494250000000,,,,7946.0,0.0,0.0,4.0,18.0,4.5,1.0,5.0,101.0,5.5,17.0,6.5,1.0,3.5,1.0,3.0,339.0,2.5,300.0,2.0,136.0,1.5,20.0
2023-04-27 21:01:34.5,1682600494500000000,,,,7946.0,0.0,0.0,4.5,1.0,5.0,101.0,5.5,17.0,6.5,1.0,7.5,1.0,3.5,1.0,3.0,321.0,2.5,300.0,2.0,136.0,1.5,20.0
2023-04-27 21:01:55.75,1682600515750000000,,,,7946.0,0.0,0.0,4.5,1.0,5.0,101.0,5.5,17.0,6.5,1.0,7.5,1.0,3.5,1.0,3.0,322.0,2.5,300.0,2.0,136.0,1.5,20.0
2023-04-27 21:01:56.0,1682600516000000000,,,,7946.0,0.0,0.0,4.5,1.0,5.0,101.0,5.5,17.0,6.5,1.0,7.5,1.0,3.5,1.0,3.0,325.0,2.5,300.0,2.0,136.0,1.5,20.0
2023-04-27 21:02:00.0,1682600520000000000,,,,7946.0,0.0,0.0,4.5,1.0,5.0,101.0,5.5,17.0,6.5,1.0,7.5,1.0,3.5,1.0,3.0,330.0,2.5,300.0,2.0,136.0,1.5,20.0
2023-04-27 21:02:02.0,1682600522000000000,,,,7946.0,0.0,0.0,4.5,1.0,5.0,101.0,5.5,17.0,6.5,1.0,7.5,1.0,3.5,1.0,3.0,331.0,2.5,300.0,2.0,136.0,1.5,20.0
2023-04-27 21:02:06.25,1682600526250000000,,,,7946.0,0.0,0.0,4.0,18.0,4.5,1.0,5.0,101.0,5.5,17.0,6.5,1.0,3.5,1.0,3.0,349.0,2.5,300.0,2.0,136.0,1.5,20.0
2023-04-27 21:02:06.5,1682600526500000000,,,,7946.0,0.0,0.0,4.5,1.0,5.0,101.0,5.5,17.0,6.5,1.0,7.5,1.0,3.5,1.0,3.0,331.0,2.5,300.0,2.0,136.0,1.5,20.0
2023-04-27 21:02:09.25,1682600529250000000,,,,7946.0,0.0,0.0,4.5,1.0,5.0,101.0,5.5,17.0,6.5,1.0,7.5,1.0,3.5,1.0,3.0,331.0,2.5,316.0,2.0,120.0,1.5,20.0
2023-04-27 21:02:10.5,1682600530500000000,,,,7946.0,0.0,0.0,4.0,2.0,4.5,1.0,5.0,101.0,5.5,17.0,6.5,1.0,3.5,1.0,3.0,331.0,2.5,316.0,2.0,120.0,1.5,20.0
2023-04-27 21:02:25.0,1682600545000000000,,,,7946.0,0.0,0.0,4.0,2.0,4.5,1.0,5.0,101.0,5.5,35.0,6.5,1.0,3.5,1.0,3.0,331.0,2.5,334.0,2.0,120.0,1.5,20.0
2023-04-27 21:02:35.25,1682600555250000000,,,,7946.0,0.0,0.0,4.0,2.0,4.5,1.0,5.0,119.0,5.5,17.0,6.5,1.0,3.5,1.0,3.0,349.0,2.5,316.0,2.0,120.0,1.5,20.0
2023-04-27 21:02:42.75,1682600562750000000,,,,7946.0,0.0,0.0,4.0,2.0,4.5,1.0,5.0,135.0,5.5,1.0,6.5,1.0,3.5,2.0,3.0,349.0,2.5,316.0,2.0,120.0,1.5,20.0
2023-04-27 21:02:46.75,1682600566750000000,,,,7946.0,0.0,0.0,4.0,2.0,4.5,1.0,5.0,135.0,5.5,1.0,6.5,1.0,3.5,2.0,3.0,350.0,2.5,316.0,2.0,120.0,1.5,20.0
2023-04-27 21:02:49.75,1682600569750000000,,,,7946.0,0.0,0.0,4.0,2.0,4.5,11.0,5.0,135.0,5.5,1.0,6.5,1.0,3.5,12.0,3.0,350.0,2.5,316.0,2.0,120.0,1.5,20.0
2023-04-27 21:02:50.0,1682600570000000000,,,,7946.0,0.0,0.0,4.0,2.0,4.5,29.0,5.0,117.0,5.5,1.0,6.5,1.0,3.5,12.0,3.0,350.0,2.5,316.0,2.0,120.0,1.5,20.0
2023-04-27 21:02:58.25,1682600578250000000,,,,7946.0,0.0,0.0,4.0,2.0,4.5,29.0,5.0,127.0,5.5,1.0,6.5,1.0,3.5,12.0,3.0,350.0,2.5,316.0,2.0,120.0,1.5,30.0
2023-04-27 21:03:03.75,1682600583750000000,,,,7946.0,0.0,0.0,4.0,2.0,4.5,19.0,5.0,127.0,5.5,1.0,6.5,1.0,3.5,2.0,3.0,350.0,2.5,316.0,2.0,120.0,1.5,30.0
2023-04-27 21:03:04.0,1682600584000000000,,,,7946.0,0.0,0.0,4.0,2.0,4.5,1.0,5.0,145.0,5.5,1.0,6.5,1.0,3.5,2.0,3.0,350.0,2.5,316.0,2.0,120.0,1.5,30.0
2023-04-27 21:03:09.25,1682600589250000000,,,,7946.0,0.0,0.0,4.0,2.0,4.5,1.0,5.0,145.0,5.5,1.0,6.5,1.0,3.5,6.0,3.0,350.0,2.5,316.0,2.0,120.0,1.5,30.0
2023-04-27 21:03:26.5,1682600606500000000,3.5,3.0,3.0,7946.0,55.0,1680.0,4.0,3.0,4.5,1.0,5.0,145.0,5.5,1.0,6.5,1.0,3.0,301.0,2.5,316.0,2.0,120.0,1.5,30.0,1.0,12.0
2023-04-27 21:03:31.5,1682600611500000000,3.5,3.0,3.0,7946.0,55.0,1680.0,4.0,3.0,4.5,1.0,5.0,146.0,5.5,1.0,6.5,1.0,3.0,302.0,2.5,316.0,2.0,120.0,1.5,30.0,1.0,12.0
2023-04-27 21:03:47.25,1682600627250000000,3.5,3.0,3.0,7946.0,55.0,1680.0,4.0,70.0,4.5,1.0,5.0,128.0,5.5,1.0,6.5,1.0,3.0,302.0,2.5,316.0,2.0,120.0,1.5,30.0,1.0,12.0
2023-04-27 21:03:47.5,1682600627500000000,3.5,3.0,3.0,7946.0,55.0,1680.0,4.0,52.0,4.5,1.0,5.0,128.0,5.5,1.0,6.5,1.0,3.0,284.0,2.5,316.0,2.0,120.0,1.5,30.0,1.0,12.0
2023-04-27 21:03:48.25,1682600628250000000,3.5,3.0,3.0,7946.0,55.0,1680.0,4.0,53.0,4.5,1.0,5.0,127.0,5.5,1.0,6.5,1.0,3.0,284.0,2.5,316.0,2.0,120.0,1.5,30.0,1.0,12.0
2023-04-27 21:03:49.75,1682600629750000000,3.5,3.0,3.0,7946.0,55.0,1680.0,4.0,53.0,4.5,1.0,5.0,127.0,5.5,1.0,6.5,1.0,3.5,1.0,3.0,284.0,2.5,316.0,2.0,120.0,1.5,30.0
2023-04-27 21:03:51.25,1682600631250000000,3.5,3.5,3.0,7946.0,56.0,1715.0,3.5,32.0,4.0,50.0,4.5,1.0,5.0,127.0,5.5,1.0,3.0,284.0,2.5,316.0,2.0,120.0,1.5,30.0,1.0,12.0
2023-04-27 21:03:56.0,1682600636000000000,3.5,3.5,3.0,7946.0,56.0,1715.0,3.5,81.0,4.0,1.0,4.5,1.0,5.0,127.0,5.5,1.0,3.0,284.0,2.5,316.0,2.0,120.0,1.5,30.0,1.0,12.0
2023-04-27 21:04:00.0,1682600640000000000,3.5,3.5,3.0,7946.0,56.0,1715.0,3.5,81.0,4.0,1.0,4.5,19.0,5.0,127.0,5.5,1.0,3.0,284.0,2.5,316.0,2.0,138.0,1.5,30.0,1.0,12.0
2023-04-27 21:04:02.5,1682600642500000000,3.5,3.5,3.0,7946.0,56.0,1715.0,3.5,99.0,4.0,1.0,4.5,1.0,5.0,127.0,5.5,1.0,3.0,302.0,2.5,316.0,2.0,120.0,1.5,30.0,1.0,12.0
2023-04-27 21:04:04.5,1682600644500000000,3.5,3.5,3.0,7946.0,56.0,1715.0,3.5,81.0,4.0,1.0,4.5,1.0,5.0,127.0,5.5,1.0,3.0,284.0,2.5,316.0,2.0,120.0,1.5,30.0,1.0,12.0
2023-04-27 21:04:06.25,1682600646250000000,3.5,3.5,3.0,7946.0,56.0,1715.0,3.5,81.0,4.0,1.0,4.5,1.0,5.0,127.0,5.5,1.0,3.0,284.0,2.5,317.0,2.0,120.0,1.5,30.0,1.0,12.0
2023-04-27 21:04:10.0,1682600650000000000,3.5,3.5,3.0,7946.0,56.0,1715.0,3.5,81.0,4.0,1.0,4.5,1.0,5.0,127.0,5.5,1.0,3.0,294.0,2.5,317.0,2.0,120.0,1.5,30.0,1.0,12.0
2023-04-27 21:04:10.25,1682600650250000000,3.5,3.5,3.0,7946.0,56.0,1715.0,3.5,81.0,4.0,1.0,4.5,1.0,5.0,127.0,5.5,21.0,3.0,294.0,2.5,317.0,2.0,120.0,1.5,30.0,1.0,12.0
2023-04-27 21:04:12.5,1682600652500000000,3.5,3.5,3.0,7946.0,56.0,1715.0,3.5,81.0,4.0,1.0,4.5,19.0,5.0,127.0,5.5,21.0,3.0,294.0,2.5,317.0,2.0,138.0,1.5,30.0,1.0,12.0
2023-04-27 21:04:13.5,1682600653500000000,3.5,3.5,3.0,7946.0,56.0,1715.0,3.5,81.0,4.0,1.0,4.5,1.0,5.0,127.0,5.5,21.0,3.0,294.0,2.5,317.0,2.0,120.0,1.5,30.0,1.0,12.0
2023-04-27 21:04:13.75,1682600653750000000,3.5,3.5,3.0,7946.0,56.0,1715.0,3.5,99.0,4.0,1.0,4.5,1.0,5.0,127.0,5.5,21.0,3.0,312.0,2.5,317.0,2.0,120.0,1.5,30.0,1.0,12.0
2023-04-27 21:04:16.5,1682600656500000000,3.5,3.5,3.0,7946.0,56.0,1715.0,3.5,99.0,4.0,1.0,4.5,1.0,5.0,127.0,5.5,21.0,3.0,313.0,2.5,317.0,2.0,120.0,1.5,30.0,1.0,12.0
2023-04-27 21:04:19.5,1682600659500000000,3.5,3.5,3.0,7946.0,56.0,1715.0,3.5,99.0,4.0,1.0,4.5,1.0,5.0,127.0,5.5,21.0,3.0,313.0,2.5,319.0,2.0,120.0,1.5,30.0,1.0,12.0
2023-04-27 21:04:31.25,1682600671250000000,3.5,3.5,3.0,7946.0,57.0,1750.0,3.5,98.0,4.0,1.0,4.5,1.0,5.0,127.0,5.5,21.0,3.0,313.0,2.5,319.0,2.0,120.0,1.5,30.0,1.0,12.0
2023-04-27 21:04:33.25,1682600673250000000,3.5,3.5,3.0,7946.0,57.0,1750.0,3.5,98.0,4.0,1.0,4.5,1.0,5.0,127.0,5.5,21.0,3.0,413.0,2.5,319.0,2.0,120.0,1.5,30.0,1.0,12.0
2023-04-27 21:04:40.25,1682600680250000000,3.5,3.5,3.0,7946.0,60.0,1855.0,3.5,95.0,4.0,1.0,4.5,1.0,5.0,127.0,5.5,21.0,3.0,413.0,2.5,319.0,2.0,120.0,1.5,30.0,1.0,12.0
2023-04-27 21:04:43.0,1682600683000000000,3.5,3.5,3.0,7946.0,60.0,1855.0,3.5,95.0,4.0,1.0,4.5,1.0,5.0,127.0,5.5,21.0,3.0,313.0,2.5,319.0,2.0,120.0,1.5,30.0,1.0,12.0
2023-04-27 21:04:58.5,1682600698500000000,3.5,3.5,3.0,7946.0,60.0,1855.0,3.5,95.0,4.0,1.0,4.5,1.0,5.0,127.0,5.5,21.0,3.0,363.0,2.5,319.0,2.0,120.0,1.5,30.0,1.0,12.0
2023-04-27 21:05:00.5,1682600700500000000,3.5,3.5,3.0,7946.0,60.0,1855.0,3.5,95.0,4.0,11.0,4.5,1.0,5.0,127.0,5.5,21.0,3.0,373.0,2.5,319.0,2.0,120.0,1.5,30.0,1.0,12.0
2023-04-27 21:05:05.75,1682600705750000000,3.5,3.5,3.0,7946.0,61.0,1890.0,3.5,94.0,4.0,11.0,4.5,1.0,5.0,127.0,5.5,21.0,3.0,373.0,2.5,319.0,2.0,120.0,1.5,30.0,1.0,12.0
2023-04-27 21:05:13.25,1682600713250000000,3.5,3.5,3.0,7946.0,61.0,1890.0,3.5,76.0,4.0,29.0,4.5,1.0,5.0,127.0,5.5,21.0,3.0,373.0,2.5,319.0,2.0,120.0,1.5,30.0,1.0,12.0
2023-04-27 21:05:13.75,1682600713750000000,3.5,3.5,3.0,7946.0,61.0,1890.0,3.5,76.0,4.0,29.0,4.5,1.0,5.0,127.0,5.5,21.0,3.0,373.0,2.5,379.0,2.0,120.0,1.5,30.0,1.0,12.0
2023-04-27 21:05:28.25,1682600728250000000,3.5,3.5,3.0,7946.0,61.0,1890.0,3.5,94.0,4.0,11.0,4.5,1.0,5.0,127.0,5.5,21.0,3.0,373.0,2.5,379.0,2.0,120.0,1.5,30.0,1.0,12.0
2023-04-27 21:05:32.25,1682600732250000000,3.5,3.5,3.0,7946.0,61.0,1890.0,3.5,76.0,4.0,29.0,4.5,1.0,5.0,127.0,5.5,21.0,3.0,373.0,2.5,379.0,2.0,120.0,1.5,30.0,1.0,12.0
2023-04-27 21:05:36.5,1682600736500000000,3.5,3.5,3.0,7946.0,61.0,1890.0,3.5,94.0,4.0,11.0,4.5,1.0,5.0,127.0,5.5,21.0,3.0,373.0,2.5,379.0,2.0,120.0,1.5,30.0,1.0,12.0
2023-04-27 21:05:44.25,1682600744250000000,3.5,3.0,3.0,7946.0,111.0,3390.0,3.5,94.0,4.0,11.0,4.5,1.0,5.0,127.0,5.5,21.0,3.0,323.0,2.5,379.0,2.0,120.0,1.5,30.0,1.0,12.0
2023-04-27 21:05:50.5,1682600750500000000,3.5,3.0,3.0,7946.0,111.0,3390.0,3.5,144.0,4.0,11.0,4.5,1.0,5.0,127.0,5.5,21.0,3.0,323.0,2.5,379.0,2.0,120.0,1.5,30.0,1.0,12.0
2023-04-27 21:05:51.75,1682600751750000000,3.5,3.0,3.0,7946.0,114.0,3480.0,3.5,144.0,4.0,11.0,4.5,1.0,5.0,127.0,5.5,21.0,3.0,320.0,2.5,379.0,2.0,120.0,1.5,30.0,1.0,12.0
2023-04-27 21:05:52.0,1682600752000000000,3.5,3.0,3.0,7946.0,114.0,3480.0,3.5,144.0,4.0,11.0,4.5,1.0,5.0,127.0,5.5,21.0,3.0,340.0,2.5,379.0,2.0,120.0,1.5,30.0,1.0,12.0
2023-04-27 21:05:54.0,1682600754000000000,3.5,3.0,3.0,7946.0,114.0,3480.0,3.5,147.0,4.0,11.0,4.5,1.0,5.0,127.0,5.5,21.0,3.0,340.0,2.5,379.0,2.0,120.0,1.5,30.0,1.0,12.0
2023-04-27 21:05:58.0,1682600758000000000,3.5,3.5,3.0,7946.0,115.0,3515.0,3.5,146.0,4.0,11.0,4.5,1.0,5.0,127.0,5.5,21.0,3.0,340.0,2.5,379.0,2.0,120.0,1.5,30.0,1.0,12.0
2023-04-27 21:06:06.75,1682600766750000000,3.5,3.5,3.0,7946.0,115.0,3515.0,3.5,146.0,4.0,11.0,4.5,1.0,5.0,127.0,5.5,21.0,3.0,340.0,2.5,379.0,2.0,122.0,1.5,30.0,1.0,12.0
2023-04-27 21:06:10.5,1682600770500000000,3.5,3.5,3.0,7946.0,115.0,3515.0,3.5,146.0,4.0,1.0,4.5,1.0,5.0,127.0,5.5,21.0,3.0,330.0,2.5,379.0,2.0,122.0,1.5,30.0,1.0,12.0
2023-04-27 21:06:12.5,1682600772500000000,3.5,3.5,3.0,7946.0,115.0,3515.0,3.5,146.0,4.0,1.0,4.5,1.0,5.0,127.0,5.5,21.0,3.0,330.0,2.5,579.0,2.0,122.0,1.5,30.0,1.0,12.0
2023-04-27 21:06:13.5,1682600773500000000,3.5,3.5,3.0,7946.0,115.0,3515.0,3.5,146.0,4.0,1.0,4.5,1.0,5.0,127.0,5.5,21.0,3.0,330.0,2.5,579.0,2.0,122.0,1.5,30.0,1.0,14.0
2023-04-27 21:06:18.25,1682600778250000000,3.5,3.5,3.0,7946.0,115.0,3515.0,3.5,166.0,4.0,1.0,4.5,1.0,5.0,127.0,5.5,21.0,3.0,350.0,2.5,579.0,2.0,122.0,1.5,30.0,1.0,14.0
2023-04-27 21:06:28.5,1682600788500000000,3.5,3.5,3.0,7946.0,115.0,3515.0,3.5,148.0,4.0,19.0,4.5,1.0,5.0,127.0,5.5,21.0,3.0,350.0,2.5,579.0,2.0,122.0,1.5,30.0,1.0,14.0
2023-04-27 21:06:32.5,1682600792500000000,3.5,3.5,3.0,7946.0,115.0,3515.0,3.5,166.0,4.0,1.0,4.5,1.0,5.0,127.0,5.5,21.0,3.0,350.0,2.5,579.0,2.0,122.0,1.5,30.0,1.0,14.0
2023-04-27 21:06:37.75,1682600797750000000,3.5,3.5,3.0,7946.0,115.0,3515.0,3.5,166.0,4.0,1.0,4.5,17.0,5.0,111.0,5.5,21.0,3.0,350.0,2.5,579.0,2.0,122.0,1.5,30.0,1.0,14.0
2023-04-27 21:06:43.5,1682600803500000000,3.5,3.5,3.0,7946.0,115.0,3515.0,3.5,166.0,4.0,11.0,4.5,17.0,5.0,111.0,5.5,21.0,3.0,360.0,2.5,579.0,2.0,122.0,1.5,30.0,1.0,14.0
2023-04-27 21:06:59.75,1682600819750000000,3.5,3.5,3.0,7946.0,115.0,3515.0,3.5,216.0,4.0,11.0,4.5,17.0,5.0,111.0,5.5,21.0,3.0,360.0,2.5,629.0,2.0,122.0,1.5,30.0,1.0,14.0
2023-04-27 21:07:04.0,1682600824000000000,3.5,3.5,3.0,7946.0,116.0,3550.0,3.5,215.0,4.0,11.0,4.5,17.0,5.0,111.0,5.5,21.0,3.0,360.0,2.5,629.0,2.0,122.0,1.5,30.0,1.0,14.0
2023-04-27 21:07:11.25,1682600831250000000,3.5,3.5,3.0,7946.0,116.0,3550.0,3.5,215.0,4.0,11.0,4.5,17.0,5.0,111.0,5.5,21.0,3.0,360.0,2.5,629.0,2.0,142.0,1.5,30.0,1.0,14.0
2023-04-27 21:07:11.5,1682600831500000000,3.5,3.5,3.0,7946.0,116.0,3550.0,3.5,215.0,4.0,11.0,4.5,37.0,5.0,111.0,5.5,21.0,3.0,360.0,2.5,629.0,2.0,142.0,1.5,30.0,1.0,14.0
2023-04-27 21:07:12.0,1682600832000000000,3.5,3.5,3.0,7946.0,116.0,3550.0,3.5,225.0,4.0,11.0,4.5,37.0,5.0,111.0,5.5,21.0,3.0,370.0,2.5,629.0,2.0,142.0,1.5,30.0,1.0,14.0
2023-04-27 21:07:15.5,1682600835500000000,3.5,3.5,3.0,7946.0,116.0,3550.0,3.5,245.0,4.0,11.0,4.5,37.0,5.0,111.0,5.5,21.0,3.0,370.0,2.5,649.0,2.0,142.0,1.5,30.0,1.0,14.0
2023-04-27 21:07:20.5,1682600840500000000,3.5,3.5,3.0,7946.0,116.0,3550.0,3.5,245.0,4.0,11.0,4.5,17.0,5.0,111.0,5.5,21.0,3.0,370.0,2.5,649.0,2.0,122.0,1.5,30.0,1.0,14.0
2023-04-27 21:07:23.25,1682600843250000000,3.5,3.5,3.0,7946.0,116.0,3550.0,3.5,245.0,4.0,11.0,4.5,17.0,5.0,111.0,5.5,21.0,3.0,370.0,2.5,649.0,2.0,167.0,1.5,30.0,1.0,14.0
2023-04-27 21:07:29.25,1682600849250000000,3.5,3.0,3.0,7948.0,118.0,3610.0,3.5,245.0,4.0,11.0,4.5,17.0,5.0,111.0,5.5,21.0,3.0,368.0,2.5,649.0,2.0,167.0,1.5,30.0,1.0,14.0
2023-04-27 21:07:34.25,1682600854250000000,3.5,3.0,3.0,7950.0,120.0,3670.0,3.5,245.0,4.0,11.0,4.5,17.0,5.0,111.0,5.5,21.0,3.0,366.0,2.5,649.0,2.0,167.0,1.5,30.0,1.0,14.0
2023-04-27 21:07:35.5,1682600855500000000,3.5,3.0,3.0,7950.0,120.0,3670.0,3.5,245.0,4.0,11.0,4.5,62.0,5.0,111.0,5.5,21.0,3.0,366.0,2.5,694.0,2.0,122.0,1.5,30.0,1.0,14.0
2023-04-27 21:07:36.0,1682600856000000000,3.5,3.0,3.0,7950.0,120.0,3670.0,3.5,245.0,4.0,11.0,4.5,62.0,5.0,111.0,5.5,21.0,3.0,411.0,2.5,649.0,2.0,122.0,1.5,30.0,1.0,14.0
2023-04-27 21:07:36.5,1682600856500000000,3.5,3.0,3.0,7950.0,120.0,3670.0,3.5,245.0,4.0,11.0,4.5,62.0,5.0,111.0,5.5,21.0,3.0,366.0,2.5,694.0,2.0,122.0,1.5,30.0,1.0,14.0
2023-04-27 21:07:37.25,1682600857250000000,3.5,3.0,3.0,7950.0,120.0,3670.0,3.5,245.0,4.0,11.0,4.5,62.0,5.0,111.0,5.5,21.0,3.0,272.0,2.5,694.0,2.0,122.0,1.5,30.0,1.0,14.0
2023-04-27 21:07:38.5,1682600858500000000,3.5,3.5,3.0,7950.0,123.0,3775.0,3.5,242.0,4.0,11.0,4.5,62.0,5.0,111.0,5.5,21.0,3.0,317.0,2.5,649.0,2.0,122.0,1.5,30.0,1.0,14.0
2023-04-27 21:07:38.75,1682600858750000000,3.5,3.5,3.0,7950.0,123.0,3775.0,3.5,242.0,4.0,11.0,4.5,62.0,5.0,111.0,5.5,21.0,3.0,272.0,2.5,694.0,2.0,122.0,1.5,30.0,1.0,14.0
2023-04-27 21:07:39.5,1682600859500000000,3.5,3.5,3.0,7950.0,123.0,3775.0,3.5,242.0,4.0,11.0,4.5,62.0,5.0,111.0,5.5,21.0,3.0,317.0,2.5,649.0,2.0,122.0,1.5,30.0,1.0,14.0
2023-04-27 21:07:41.0,1682600861000000000,3.5,3.5,3.0,7950.0,123.0,3775.0,3.5,246.0,4.0,11.0,4.5,62.0,5.0,111.0,5.5,21.0,3.0,317.0,2.5,649.0,2.0,122.0,1.5,30.0,1.0,14.0
2023-04-27 21:07:53.25,1682600873250000000,3.5,3.5,3.0,7950.0,123.0,3775.0,3.5,246.0,4.0,56.0,4.5,17.0,5.0,111.0,5.5,21.0,3.0,317.0,2.5,649.0,2.0,122.0,1.5,30.0,1.0,14.0
2023-04-27 21:07:57.0,1682600877000000000,3.5,3.5,3.0,7950.0,123.0,3775.0,3.5,246.0,4.0,56.0,4.5,17.0,5.0,111.0,5.5,21.0,3.0,327.0,2.5,649.0,2.0,122.0,1.5,30.0,1.0,14.0
2023-04-27 21:07:59.0,1682600879000000000,3.5,3.5,3.0,7950.0,123.0,3775.0,3.5,236.0,4.0,56.0,4.5,17.0,5.0,111.0,5.5,21.0,3.0,317.0,2.5,649.0,2.0,122.0,1.5,30.0,1.0,14.0
2023-04-27 21:08:00.5,1682600880500000000,3.5,3.5,3.0,7950.0,123.0,3775.0,3.5,246.0,4.0,56.0,4.5,17.0,5.0,111.0,5.5,21.0,3.0,327.0,2.5,649.0,2.0,122.0,1.5,30.0,1.0,14.0
2023-04-27 21:08:02.25,1682600882250000000,3.5,3.5,3.0,7950.0,127.0,3915.0,3.5,242.0,4.0,56.0,4.5,17.0,5.0,111.0,5.5,21.0,3.0,327.0,2.5,649.0,2.0,122.0,1.5,30.0,1.0,14.0
2023-04-27 21:08:15.5,1682600895500000000,3.5,3.5,3.0,7950.0,127.0,3915.0,3.5,287.0,4.0,11.0,4.5,17.0,5.0,111.0,5.5,21.0,3.0,327.0,2.5,649.0,2.0,122.0,1.5,30.0,1.0,14.0
2023-04-27 21:08:16.0,1682600896000000000,3.5,3.5,3.0,7950.0,127.0,3915.0,3.5,242.0,4.0,56.0,4.5,17.0,5.0,111.0,5.5,21.0,3.0,327.0,2.5,649.0,2.0,122.0,1.5,30.0,1.0,14.0
2023-04-27 21:08:16.5,1682600896500000000,3.5,3.5,3.0,7950.0,127.0,3915.0,3.5,287.0,4.0,11.0,4.5,17.0,5.0,111.0,5.5,21.0,3.0,327.0,2.5,649.0,2.0,122.0,1.5,30.0,1.0,14.0
2023-04-27 21:08:18.25,1682600898250000000,3.5,3.5,3.0,7950.0,137.0,4265.0,3.5,259.0,4.0,29.0,4.5,17.0,5.0,111.0,5.5,21.0,3.0,309.0,2.5,649.0,2.0,122.0,1.5,30.0,1.0,32.0
2023-04-27 21:08:19.0,1682600899000000000,3.5,3.5,3.0,7950.0,137.0,4265.0,3.5,281.0,4.0,29.0,4.5,17.0,5.0,111.0,5.5,21.0,3.0,309.0,2.5,649.0,2.0,122.0,1.5,30.0,1.0,32.0
2023-04-27 21:08:22.25,1682600902250000000,3.5,3.5,3.0,7950.0,137.0,4265.0,3.5,281.0,4.0,29.0,4.5,17.0,5.0,111.0,5.5,21.0,3.0,289.0,2.5,649.0,2.0,122.0,1.5,30.0,1.0,32.0
2023-04-27 21:08:24.25,1682600904250000000,3.5,3.5,3.0,7950.0,137.0,4265.0,3.5,299.0,4.0,11.0,4.5,17.0,5.0,111.0,5.5,21.0,3.0,289.0,2.5,667.0,2.0,122.0,1.5,30.0,1.0,14.0
2023-04-27 21:08:29.25,1682600909250000000,3.5,3.5,3.0,7950.0,137.0,4265.0,3.5,299.0,4.0,31.0,4.5,17.0,5.0,111.0,5.5,21.0,3.0,289.0,2.5,687.0,2.0,122.0,1.5,30.0,1.0,14.0
2023-04-27 21:08:32.75,1682600912750000000,3.5,3.5,3.0,7950.0,137.0,4265.0,3.5,319.0,4.0,11.0,4.5,17.0,5.0,111.0,5.5,21.0,3.0,289.0,2.5,687.0,2.0,122.0,1.5,30.0,1.0,14.0
2023-04-27 21:08:33.0,1682600913000000000,3.5,3.5,3.0,7950.0,137.0,4265.0,3.5,314.0,4.0,11.0,4.5,17.0,5.0,111.0,5.5,21.0,3.0,289.0,2.5,687.0,2.0,122.0,1.5,30.0,1.0,14.0
2023-04-27 21:08:33.5,1682600913500000000,3.5,3.5,3.0,7950.0,137.0,4265.0,3.5,294.0,4.0,31.0,4.5,17.0,5.0,111.0,5.5,21.0,3.0,289.0,2.5,687.0,2.0,122.0,1.5,30.0,1.0,14.0
2023-04-27 21:08:35.5,1682600915500000000,3.5,3.5,3.0,7950.0,137.0,4265.0,3.5,314.0,4.0,11.0,4.5,17.0,5.0,111.0,5.5,21.0,3.0,289.0,2.5,687.0,2.0,122.0,1.5,30.0,1.0,14.0
2023-04-27 21:08:39.0,1682600919000000000,3.5,3.5,3.0,7950.0,137.0,4265.0,3.5,314.0,4.0,11.0,4.5,17.0,5.0,111.0,5.5,21.0,3.0,289.0,2.5,687.0,2.0,122.0,1.5,30.0,1.0,3.0
2023-04-27 21:08:47.25,1682600927250000000,3.5,3.5,3.0,7950.0,137.0,4265.0,3.5,269.0,4.0,56.0,4.5,17.0,5.0,111.0,5.5,21.0,3.0,289.0,2.5,687.0,2.0,122.0,1.5,30.0,1.0,3.0
2023-04-27 21:08:50.0,1682600930000000000,3.5,3.5,3.0,7950.0,137.0,4265.0,3.5,314.0,4.0,11.0,4.5,17.0,5.0,111.0,5.5,21.0,3.0,289.0,2.5,687.0,2.0,122.0,1.5,30.0,1.0,3.0
2023-04-27 21:08:50.25,1682600930250000000,3.5,3.5,3.0,7950.0,137.0,4265.0,3.5,269.0,4.0,56.0,4.5,17.0,5.0,111.0,5.5,21.0,3.0,289.0,2.5,687.0,2.0,122.0,1.5,30.0,1.0,3.0
2023-04-27 21:08:52.5,1682600932500000000,3.5,3.5,3.0,7950.0,137.0,4265.0,3.5,259.0,4.0,56.0,4.5,17.0,5.0,111.0,5.5,21.0,3.0,279.0,2.5,687.0,2.0,122.0,1.5,30.0,1.0,3.0
2023-04-27 21:08:53.0,1682600933000000000,3.5,3.5,3.0,7950.0,137.0,4265.0,3.5,304.0,4.0,11.0,4.5,17.0,5.0,111.0,5.5,21.0,3.0,279.0,2.5,687.0,2.0,122.0,1.5,30.0,1.0,3.0
2023-04-27 21:08:53.5,1682600933500000000,3.5,3.5,3.0,7950.0,137.0,4265.0,3.5,259.0,4.0,56.0,4.5,17.0,5.0,111.0,5.5,21.0,3.0,279.0,2.5,687.0,2.0,122.0,1.5,30.0,1.0,3.0
2023-04-27 21:08:53.75,1682600933750000000,3.5,3.5,3.0,7950.0,137.0,4265.0,3.5,304.0,4.0,11.0,4.5,17.0,5.0,111.0,5.5,21.0,3.0,279.0,2.5,687.0,2.0,122.0,1.5,30.0,1.0,3.0
2023-04-27 21:08:54.0,1682600934000000000,3.5,3.5,3.0,7950.0,137.0,4265.0,3.5,239.0,4.0,76.0,4.5,17.0,5.0,111.0,5.5,21.0,3.0,279.0,2.5,687.0,2.0,122.0,1.5,30.0,1.0,3.0
2023-04-27 21:08:54.5,1682600934500000000,3.5,3.5,3.0,7950.0,137.0,4265.0,3.5,284.0,4.0,31.0,4.5,17.0,5.0,111.0,5.5,21.0,3.0,279.0,2.5,687.0,2.0,122.0,1.5,30.0,1.0,3.0
2023-04-27 21:08:55.75,1682600935750000000,3.5,3.5,3.0,7950.0,137.0,4265.0,3.5,304.0,4.0,11.0,4.5,17.0,5.0,111.0,5.5,21.0,3.0,279.0,2.5,687.0,2.0,122.0,1.5,30.0,1.0,3.0
2023-04-27 21:08:59.25,1682600939250000000,3.5,3.5,3.0,7950.0,137.0,4265.0,3.5,284.0,4.0,31.0,4.5,17.0,5.0,111.0,5.5,21.0,3.0,279.0,2.5,687.0,2.0,122.0,1.5,30.0,1.0,3.0
2023-04-27 21:09:13.0,1682600953000000000,3.5,3.5,3.0,7950.0,137.0,4265.0,3.5,239.0,4.0,76.0,4.5,17.0,5.0,111.0,5.5,21.0,3.0,279.0,2.5,687.0,2.0,122.0,1.5,30.0,1.0,3.0
2023-04-27 21:09:22.25,1682600962250000000,3.5,3.5,3.0,7950.0,137.0,4265.0,3.5,259.0,4.0,56.0,4.5,17.0,5.0,111.0,5.5,21.0,3.0,279.0,2.5,687.0,2.0,122.0,1.5,30.0,1.0,3.0
2023-04-27 21:09:23.25,1682600963250000000,3.5,3.5,3.0,7950.0,137.0,4265.0,3.5,239.0,4.0,76.0,4.5,17.0,5.0,111.0,5.5,21.0,3.0,279.0,2.5,687.0,2.0,122.0,1.5,30.0,1.0,3.0
2023-04-27 21:09:28.25,1682600968250000000,3.5,3.5,3.0,7950.0,137.0,4265.0,3.5,249.0,4.0,76.0,4.5,17.0,5.0,111.0,5.5,21.0,3.0,289.0,2.5,687.0,2.0,122.0,1.5,30.0,1.0,3.0
2023-04-27 21:09:35.0,1682600975000000000,3.5,3.5,3.0,7950.0,137.0,4265.0,3.5,294.0,4.0,31.0,4.5,17.0,5.0,111.0,5.5,21.0,3.0,289.0,2.5,687.0,2.0,122.0,1.5,30.0,1.0,3.0
2023-04-27 21:09:35.75,1682600975750000000,3.5,3.5,3.0,7950.0,137.0,4265.0,3.5,249.0,4.0,76.0,4.5,17.0,5.0,111.0,5.5,21.0,3.0,289.0,2.5,687.0,2.0,122.0,1.5,30.0,1.0,3.0
2023-04-27 21:09:36.0,1682600976000000000,3.5,3.5,3.0,7950.0,137.0,4265.0,3.5,294.0,4.0,31.0,4.5,17.0,5.0,111.0,5.5,21.0,3.0,289.0,2.5,687.0,2.0,122.0,1.5,30.0,1.0,3.0
2023-04-27 21:09:44.5,1682600984500000000,3.5,3.5,3.0,7950.0,137.0,4265.0,3.5,294.0,4.0,41.0,4.5,17.0,5.0,111.0,5.5,21.0,3.0,299.0,2.5,687.0,2.0,122.0,1.5,30.0,1.0,3.0
2023-04-27 21:09:54.5,1682600994500000000,3.5,3.5,3.0,7950.0,137.0,4265.0,3.5,294.0,4.0,41.0,4.5,17.0,5.0,111.0,5.5,21.0,3.0,299.0,2.5,687.0,2.0,122.0,1.5,32.0,1.0,3.0
2023-04-27 21:09:58.5,1682600998500000000,3.5,3.5,3.0,7950.0,137.0,4265.0,3.5,249.0,4.0,86.0,4.5,17.0,5.0,111.0,5.5,21.0,3.0,299.0,2.5,687.0,2.0,122.0,1.5,32.0,1.0,3.0
2023-04-27 21:09:59.25,1682600999250000000,3.5,3.5,3.0,7950.0,137.0,4265.0,3.5,294.0,4.0,41.0,4.5,17.0,5.0,111.0,5.5,21.0,3.0,299.0,2.5,687.0,2.0,122.0,1.5,32.0,1.0,3.0
2023-04-27 21:09:59.5,1682600999500000000,3.5,3.5,3.0,7950.0,137.0,4265.0,3.5,249.0,4.0,86.0,4.5,17.0,5.0,111.0,5.5,21.0,3.0,299.0,2.5,687.0,2.0,122.0,1.5,32.0,1.0,3.0
2023-04-27 21:10:04.5,1682601004500000000,3.5,3.5,3.0,7950.0,137.0,4265.0,3.5,294.0,4.0,41.0,4.5,17.0,5.0,111.0,5.5,21.0,3.0,299.0,2.5,687.0,2.0,122.0,1.5,32.0,1.0,3.0
2023-04-27 21:10:10.25,1682601010250000000,3.5,3.5,3.0,7950.0,137.0,4265.0,3.5,294.0,4.0,41.0,4.5,17.0,5.0,111.0,5.5,21.0,3.0,299.0,2.5,687.0,2.0,122.0,1.5,34.0,1.0,3.0
2023-04-27 21:10:12.75,1682601012750000000,3.5,3.5,3.0,7950.0,137.0,4265.0,3.5,294.0,4.0,21.0,4.5,37.0,5.0,111.0,5.5,21.0,3.0,299.0,2.5,687.0,2.0,122.0,1.5,34.0,1.0,3.0
2023-04-27 21:10:13.75,1682601013750000000,3.5,3.5,3.0,7950.0,137.0,4265.0,3.5,294.0,4.0,41.0,4.5,17.0,5.0,111.0,5.5,21.0,3.0,319.0,2.5,667.0,2.0,122.0,1.5,34.0,1.0,3.0
2023-04-27 21:10:14.0,1682601014000000000,3.5,3.5,3.0,7950.0,137.0,4265.0,3.5,294.0,4.0,21.0,4.5,37.0,5.0,111.0,5.5,21.0,3.0,299.0,2.5,687.0,2.0,122.0,1.5,34.0,1.0,3.0
2023-04-27 21:10:14.25,1682601014250000000,3.5,3.5,3.0,7950.0,137.0,4265.0,3.5,294.0,4.0,41.0,4.5,17.0,5.0,111.0,5.5,21.0,3.0,319.0,2.5,667.0,2.0,122.0,1.5,34.0,1.0,3.0
2023-04-27 21:10:15.0,1682601015000000000,3.5,3.5,3.0,7950.0,137.0,4265.0,3.5,294.0,4.0,21.0,4.5,37.0,5.0,111.0,5.5,21.0,3.0,299.0,2.5,687.0,2.0,122.0,1.5,34.0,1.0,3.0
2023-04-27 21:10:15.25,1682601015250000000,3.5,3.5,3.0,7950.0,137.0,4265.0,3.5,284.0,4.0,21.0,4.5,37.0,5.0,111.0,5.5,21.0,3.0,289.0,2.5,687.0,2.0,122.0,1.5,34.0,1.0,3.0
2023-04-27 21:10:15.75,1682601015750000000,3.5,3.5,3.0,7950.0,137.0,4265.0,3.5,239.0,4.0,66.0,4.5,37.0,5.0,111.0,5.5,21.0,3.0,289.0,2.5,687.0,2.0,122.0,1.5,34.0,1.0,3.0
2023-04-27 21:10:16.25,1682601016250000000,3.5,3.5,3.0,7950.0,137.0,4265.0,3.5,239.0,4.0,86.0,4.5,17.0,5.0,111.0,5.5,21.0,3.0,309.0,2.5,667.0,2.0,122.0,1.5,34.0,1.0,3.0
2023-04-27 21:10:24.25,1682601024250000000,3.5,3.5,3.0,7950.0,137.0,4265.0,3.5,219.0,4.0,106.0,4.5,17.0,5.0,111.0,5.5,21.0,3.0,309.0,2.5,667.0,2.0,122.0,1.5,34.0,1.0,3.0
2023-04-27 21:10:24.5,1682601024500000000,3.5,3.5,3.0,7950.0,137.0,4265.0,3.5,219.0,4.0,86.0,4.5,37.0,5.0,111.0,5.5,21.0,3.0,309.0,2.5,667.0,2.0,122.0,1.5,34.0,1.0,3.0
2023-04-27 21:10:25.25,1682601025250000000,3.5,3.5,3.0,7950.0,137.0,4265.0,3.5,219.0,4.0,86.0,4.5,37.0,5.0,111.0,5.5,21.0,3.0,329.0,2.5,647.0,2.0,122.0,1.5,34.0,1.0,3.0
2023-04-27 21:10:29.5,1682601029500000000,3.5,3.5,3.0,7950.0,137.0,4265.0,3.5,219.0,4.0,106.0,4.5,17.0,5.0,111.0,5.5,21.0,3.0,329.0,2.5,647.0,2.0,122.0,1.5,34.0,1.0,3.0
2023-04-27 21:10:30.75,1682601030750000000,3.5,3.5,3.0,7950.0,137.0,4265.0,3.5,207.0,4.0,106.0,4.5,17.0,5.0,111.0,5.5,21.0,3.0,339.0,2.5,647.0,2.0,122.0,1.5,34.0,1.0,3.0
2023-04-27 21:10:36.0,1682601036000000000,3.5,3.5,3.0,7950.0,137.0,4265.0,3.5,207.0,4.0,106.0,4.5,17.0,5.0,111.0,5.5,21.0,3.0,319.0,2.5,667.0,2.0,122.0,1.5,34.0,1.0,3.0
2023-04-27 21:10:37.0,1682601037000000000,3.5,3.5,3.0,7950.0,137.0,4265.0,3.5,207.0,4.0,106.0,4.5,17.0,5.0,111.0,5.5,21.0,3.0,299.0,2.5,687.0,2.0,122.0,1.5,34.0,1.0,3.0
2023-04-27 21:10:37.75,1682601037750000000,3.5,3.5,3.0,7950.0,137.0,4265.0,3.5,227.0,4.0,86.0,4.5,17.0,5.0,111.0,5.5,21.0,3.0,299.0,2.5,687.0,2.0,122.0,1.5,34.0,1.0,3.0
2023-04-27 21:10:38.5,1682601038500000000,3.5,3.5,3.0,7950.0,137.0,4265.0,3.5,272.0,4.0,41.0,4.5,17.0,5.0,111.0,5.5,21.0,3.0,299.0,2.5,687.0,2.0,122.0,1.5,34.0,1.0,3.0
2023-04-27 21:10:59.0,1682601059000000000,3.5,3.5,3.0,7950.0,137.0,4265.0,3.5,292.0,4.0,21.0,4.5,17.0,5.0,111.0,5.5,21.0,3.0,299.0,2.5,687.0,2.0,122.0,1.5,34.0,1.0,3.0
2023-04-27 21:11:01.75,1682601061750000000,3.5,3.5,3.0,7950.0,137.0,4265.0,3.5,247.0,4.0,66.0,4.5,17.0,5.0,111.0,5.5,21.0,3.0,299.0,2.5,687.0,2.0,122.0,1.5,34.0,1.0,3.0
2023-04-27 21:11:02.75,1682601062750000000,3.5,3.5,3.0,7950.0,137.0,4265.0,3.5,227.0,4.0,86.0,4.5,17.0,5.0,111.0,5.5,21.0,3.0,299.0,2.5,687.0,2.0,122.0,1.5,34.0,1.0,3.0
2023-04-27 21:11:06.5,1682601066500000000,3.5,3.5,3.0,7950.0,137.0,4265.0,3.5,237.0,4.0,76.0,4.5,17.0,5.0,111.0,5.5,21.0,3.0,299.0,2.5,687.0,2.0,122.0,1.5,34.0,1.0,3.0
2023-04-27 21:11:08.0,1682601068000000000,3.5,3.5,3.0,7950.0,137.0,4265.0,3.5,282.0,4.0,31.0,4.5,17.0,5.0,111.0,5.5,21.0,3.0,299.0,2.5,687.0,2.0,122.0,1.5,34.0,1.0,3.0
2023-04-27 21:11:09.0,1682601069000000000,3.5,3.5,3.0,7950.0,137.0,4265.0,3.5,237.0,4.0,76.0,4.5,17.0,5.0,111.0,5.5,21.0,3.0,299.0,2.5,687.0,2.0,122.0,1.5,34.0,1.0,3.0
2023-04-27 21:11:10.0,1682601070000000000,3.5,3.5,3.0,7950.0,137.0,4265.0,3.5,282.0,4.0,31.0,4.5,17.0,5.0,111.0,5.5,21.0,3.0,289.0,2.5,697.0,2.0,122.0,1.5,34.0,1.0,3.0
2023-04-27 21:11:45.25,1682601105250000000,3.5,3.5,3.0,7950.0,137.0,4265.0,3.5,282.0,4.0,31.0,4.5,17.0,5.0,111.0,5.5,21.0,3.0,289.0,2.5,697.0,2.0,122.0,1.5,34.0,1.0,3.0
2023-04-27 21:12:15.5,1682601135500000000,3.5,3.5,3.0,7950.0,137.0,4265.0,3.5,237.0,4.0,76.0,4.5,17.0,5.0,111.0,5.5,21.0,3.0,289.0,2.5,697.0,2.0,122.0,1.5,34.0,1.0,3.0
2023-04-27 21:12:24.75,1682601144750000000,3.5,3.5,3.0,7950.0,137.0,4265.0,3.5,237.0,4.0,56.0,4.5,37.0,5.0,111.0,5.5,21.0,3.0,309.0,2.5,677.0,2.0,122.0,1.5,34.0,1.0,3.0
2023-04-27 21:12:28.75,1682601148750000000,3.5,3.5,3.0,7950.0,137.0,4265.0,3.5,237.0,4.0,76.0,4.5,17.0,5.0,111.0,5.5,21.0,3.0,309.0,2.5,677.0,2.0,122.0,1.5,34.0,1.0,3.0
2023-04-27 21:12:32.5,1682601152500000000,3.5,3.5,3.0,7950.0,137.0,4265.0,3.5,237.0,4.0,56.0,4.5,37.0,5.0,111.0,5.5,21.0,3.0,309.0,2.5,677.0,2.0,122.0,1.5,34.0,1.0,3.0
2023-04-27 21:12:36.75,1682601156750000000,3.5,3.5,3.0,7950.0,137.0,4265.0,3.5,237.0,4.0,56.0,4.5,37.0,5.0,111.0,5.5,21.0,3.0,319.0,2.5,667.0,2.0,122.0,1.5,34.0,1.0,3.0
2023-04-27 21:12:37.0,1682601157000000000,3.5,3.5,3.0,7950.0,137.0,4265.0,3.5,227.0,4.0,56.0,4.5,37.0,5.0,111.0,5.5,21.0,3.0,309.0,2.5,667.0,2.0,122.0,1.5,34.0,1.0,3.0
2023-04-27 21:12:37.5,1682601157500000000,3.5,3.5,3.0,7950.0,137.0,4265.0,3.5,237.0,4.0,56.0,4.5,37.0,5.0,111.0,5.5,21.0,3.0,319.0,2.5,667.0,2.0,122.0,1.5,34.0,1.0,3.0
2023-04-27 21:12:46.75,1682601166750000000,3.5,3.5,3.0,7950.0,137.0,4265.0,3.5,237.0,4.0,76.0,4.5,17.0,5.0,111.0,5.5,21.0,3.0,319.0,2.5,667.0,2.0,122.0,1.5,34.0,1.0,3.0
2023-04-27 21:12:50.5,1682601170500000000,3.5,3.5,3.0,7950.0,137.0,4265.0,3.5,237.0,4.0,56.0,4.5,37.0,5.0,111.0,5.5,21.0,3.0,319.0,2.5,667.0,2.0,122.0,1.5,34.0,1.0,3.0
2023-04-27 21:12:52.25,1682601172250000000,3.5,3.5,3.0,7950.0,137.0,4265.0,3.5,227.0,4.0,66.0,4.5,37.0,5.0,111.0,5.5,21.0,3.0,319.0,2.5,667.0,2.0,122.0,1.5,34.0,1.0,3.0
2023-04-27 21:12:54.5,1682601174500000000,3.5,3.5,3.0,7950.0,137.0,4265.0,3.5,207.0,4.0,86.0,4.5,37.0,5.0,111.0,5.5,21.0,3.0,319.0,2.5,667.0,2.0,122.0,1.5,34.0,1.0,3.0
2023-04-27 21:12:55.5,1682601175500000000,3.5,3.5,3.0,7950.0,137.0,4265.0,3.5,207.0,4.0,86.0,4.5,37.0,5.0,111.0,5.5,21.0,3.0,339.0,2.5,647.0,2.0,122.0,1.5,34.0,1.0,3.0
2023-04-27 21:13:01.5,1682601181500000000,3.5,3.5,3.0,7950.0,137.0,4265.0,3.5,189.0,4.0,104.0,4.5,37.0,5.0,111.0,5.5,21.0,3.0,339.0,2.5,647.0,2.0,122.0,1.5,34.0,1.0,3.0
2023-04-27 21:13:04.5,1682601184500000000,3.5,3.5,3.0,7908.0,182.0,5840.0,3.5,144.0,4.0,104.0,4.5,37.0,5.0,111.0,5.5,21.0,3.0,293.0,2.5,647.0,2.0,122.0,1.5,34.0,1.0,3.0
2023-04-27 21:13:05.0,1682601185000000000,3.5,3.5,3.0,7908.0,182.0,5840.0,3.5,146.0,4.0,104.0,4.5,37.0,5.0,111.0,5.5,21.0,3.0,293.0,2.5,647.0,2.0,122.0,1.5,34.0,1.0,3.0
2023-04-27 21:13:05.75,1682601185750000000,3.5,3.5,3.0,7908.0,182.0,5840.0,3.5,147.0,4.0,104.0,4.5,37.0,5.0,111.0,5.5,21.0,3.0,294.0,2.5,647.0,2.0,122.0,1.5,34.0,1.0,3.0
2023-04-27 21:13:15.75,1682601195750000000,3.5,3.5,3.0,7908.0,182.0,5840.0,3.5,165.0,4.0,86.0,4.5,37.0,5.0,111.0,5.5,21.0,3.0,294.0,2.5,647.0,2.0,122.0,1.5,34.0,1.0,3.0
2023-04-27 21:13:42.5,1682601222500000000,3.5,3.5,3.0,7908.0,182.0,5840.0,3.5,165.0,4.0,86.0,4.5,37.0,5.0,111.0,5.5,21.0,3.0,339.0,2.5,647.0,2.0,122.0,1.5,34.0,1.0,3.0
2023-04-27 21:13:44.5,1682601224500000000,3.5,3.5,3.0,7868.0,222.0,7240.0,3.5,125.0,4.0,86.0,4.5,37.0,5.0,111.0,5.5,21.0,3.0,339.0,2.5,647.0,2.0,122.0,1.5,34.0,1.0,3.0
2023-04-27 21:15:19.5,1682601319500000000,3.5,3.5,3.0,7893.0,267.0,8815.0,3.5,35.0,4.0,86.0,4.5,37.0,5.0,111.0,5.5,21.0,3.0,294.0,2.5,597.0,2.0,122.0,1.5,34.0,1.0,3.0
2023-04-27 21:15:19.75,1682601319750000000,3.5,3.5,3.0,7909.0,287.0,9515.0,3.5,15.0,4.0,86.0,4.5,57.0,5.0,111.0,5.5,21.0,3.0,263.0,2.5,597.0,2.0,122.0,1.5,34.0,1.0,3.0
2023-04-27 21:15:20.0,1682601320000000000,3.5,3.5,3.0,7909.0,287.0,9515.0,3.5,35.0,4.0,86.0,4.5,37.0,5.0,111.0,5.5,21.0,3.0,283.0,2.5,597.0,2.0,122.0,1.5,34.0,1.0,3.0
2023-04-27 21:15:20.75,1682601320750000000,3.5,3.5,3.0,7909.0,287.0,9515.0,3.5,36.0,4.0,86.0,4.5,37.0,5.0,111.0,5.5,21.0,3.0,284.0,2.5,597.0,2.0,122.0,1.5,34.0,1.0,3.0
2023-04-27 21:15:21.0,1682601321000000000,3.5,3.5,3.0,7909.0,287.0,9515.0,3.5,36.0,4.0,86.0,4.5,47.0,5.0,111.0,5.5,21.0,3.0,294.0,2.5,597.0,2.0,122.0,1.5,34.0,1.0,3.0
2023-04-27 21:15:22.75,1682601322750000000,3.5,3.5,3.0,7909.0,287.0,9515.0,3.5,38.0,4.0,86.0,4.5,47.0,5.0,111.0,5.5,21.0,3.0,294.0,2.5,597.0,2.0,122.0,1.5,34.0,1.0,3.0
2023-04-27 21:15:23.5,1682601323500000000,3.5,3.5,3.0,7909.0,287.0,9515.0,3.5,38.0,4.0,86.0,4.5,47.0,5.0,111.0,5.5,21.0,3.0,274.0,2.5,597.0,2.0,122.0,1.5,34.0,1.0,3.0
2023-04-27 21:15:24.75,1682601324750000000,3.5,3.5,3.0,7909.0,287.0,9515.0,3.5,88.0,4.0,86.0,4.5,47.0,5.0,111.0,5.5,21.0,3.0,274.0,2.5,647.0,2.0,122.0,1.5,34.0,1.0,3.0
2023-04-27 21:15:29.25,1682601329250000000,3.5,3.5,3.0,7969.0,347.0,11615.0,4.0,86.0,4.5,47.0,5.0,129.0,5.5,21.0,6.0,80.0,3.0,291.0,2.5,519.0,2.0,122.0,1.5,34.0,1.0,3.0
2023-04-27 21:15:29.5,1682601329500000000,3.5,3.5,3.0,7969.0,347.0,11615.0,4.0,76.0,4.5,77.0,5.0,129.0,5.5,21.0,6.0,80.0,3.5,30.0,3.0,261.0,2.5,519.0,2.0,122.0,1.5,34.0
2023-04-27 21:15:30.5,1682601330500000000,3.5,3.5,3.0,7969.0,347.0,11615.0,4.0,76.0,4.5,77.0,5.0,129.0,5.5,21.0,6.0,80.0,3.5,31.0,3.0,261.0,2.5,519.0,2.0,122.0,1.5,34.0
2023-04-27 21:15:31.0,1682601331000000000,3.5,3.5,3.0,7969.0,347.0,11615.0,4.0,86.0,4.5,67.0,5.0,129.0,5.5,21.0,6.0,80.0,3.5,41.0,3.0,251.0,2.5,519.0,2.0,122.0,1.5,34.0
2023-04-27 21:15:34.25,1682601334250000000,3.5,3.5,3.0,7969.0,347.0,11615.0,4.0,136.0,4.5,67.0,5.0,129.0,5.5,21.0,6.0,80.0,3.5,41.0,3.0,301.0,2.5,519.0,2.0,122.0,1.5,34.0
2023-04-27 21:15:35.25,1682601335250000000,3.5,3.5,3.0,7969.0,347.0,11615.0,4.0,154.0,4.5,67.0,5.0,111.0,5.5,21.0,6.0,80.0,3.5,59.0,3.0,283.0,2.5,519.0,2.0,122.0,1.5,34.0
2023-04-27 21:15:38.75,1682601338750000000,3.5,3.5,3.0,7969.0,347.0,11615.0,4.0,154.0,4.5,67.0,5.0,111.0,5.5,21.0,6.0,80.0,3.5,59.0,3.0,328.0,2.5,519.0,2.0,122.0,1.5,34.0
2023-04-27 21:15:39.75,1682601339750000000,3.5,3.5,3.0,7969.0,347.0,11615.0,4.0,154.0,4.5,47.0,5.0,131.0,5.5,21.0,6.0,80.0,3.5,59.0,3.0,328.0,2.5,519.0,2.0,122.0,1.5,34.0
2023-04-27 21:16:17.25,1682601377250000000,3.5,3.5,3.0,7969.0,347.0,11615.0,4.0,154.0,4.5,47.0,5.0,131.0,5.5,21.0,6.0,80.0,3.5,59.0,3.0,338.0,2.5,519.0,2.0,122.0,1.5,34.0
2023-04-27 21:16:26.5,1682601386500000000,3.5,3.5,3.0,7969.0,347.0,11615.0,4.0,154.0,4.5,47.0,5.0,111.0,5.5,21.0,6.0,80.0,3.5,39.0,3.0,338.0,2.5,519.0,2.0,122.0,1.5,34.0
2023-04-27 21:16:27.0,1682601387000000000,3.5,3.5,3.0,7969.0,347.0,11615.0,4.0,156.0,4.5,47.0,5.0,111.0,5.5,21.0,6.0,80.0,3.5,39.0,3.0,338.0,2.5,519.0,2.0,122.0,1.5,34.0
2023-04-27 21:16:45.25,1682601405250000000,3.5,3.5,3.0,7969.0,347.0,11615.0,4.0,156.0,4.5,47.0,5.0,131.0,5.5,21.0,6.0,80.0,3.5,59.0,3.0,338.0,2.5,519.0,2.0,122.0,1.5,34.0
2023-04-27 21:16:53.5,1682601413500000000,3.5,3.5,3.0,7969.0,347.0,11615.0,4.0,156.0,4.5,47.0,5.0,111.0,5.5,21.0,6.0,80.0,3.5,39.0,3.0,338.0,2.5,519.0,2.0,122.0,1.5,34.0
2023-04-27 21:16:56.25,1682601416250000000,3.5,3.5,3.0,7969.0,347.0,11615.0,4.0,156.0,4.5,47.0,5.0,111.0,5.5,21.0,6.0,80.0,3.5,44.0,3.0,338.0,2.5,519.0,2.0,122.0,1.5,34.0
2023-04-27 21:18:15.5,1682601495500000000,3.5,3.5,3.0,7969.0,347.0,11615.0,4.0,156.0,4.5,47.0,5.0,111.0,5.5,21.0,6.0,80.0,3.5,64.0,3.0,338.0,2.5,519.0,2.0,122.0,1.5,34.0
2023-04-27 21:18:19.0,1682601499000000000,3.5,3.5,3.0,7969.0,347.0,11615.0,4.0,156.0,4.5,47.0,5.0,111.0,5.5,21.0,6.0,80.0,3.5,66.0,3.0,338.0,2.5,519.0,2.0,122.0,1.5,34.0
2023-04-27 21:18:28.5,1682601508500000000,3.5,3.5,3.0,7969.0,347.0,11615.0,4.0,156.0,4.5,47.0,5.0,111.0,5.5,21.0,6.0,80.0,3.5,66.0,3.0,338.0,2.5,521.0,2.0,122.0,1.5,34.0
2023-04-27 21:18:31.0,1682601511000000000,3.5,3.5,3.0,7969.0,347.0,11615.0,4.0,156.0,4.5,47.0,5.0,111.0,5.5,21.0,6.0,80.0,3.5,64.0,3.0,338.0,2.5,521.0,2.0,122.0,1.5,34.0
2023-04-27 21:18:39.75,1682601519750000000,3.5,3.5,3.0,7969.0,347.0,11615.0,4.0,156.0,4.5,47.0,5.0,111.0,5.5,21.0,6.0,80.0,3.5,109.0,3.0,293.0,2.5,521.0,2.0,122.0,1.5,34.0
2023-04-27 21:18:43.25,1682601523250000000,3.5,3.5,3.0,7969.0,347.0,11615.0,4.0,156.0,4.5,47.0,5.0,131.0,5.5,21.0,6.0,80.0,3.5,129.0,3.0,293.0,2.5,521.0,2.0,122.0,1.5,34.0
2023-04-27 21:18:56.0,1682601536000000000,3.5,3.5,3.0,7969.0,347.0,11615.0,4.0,156.0,4.5,47.0,5.0,131.0,5.5,21.0,6.0,80.0,3.5,84.0,3.0,338.0,2.5,521.0,2.0,122.0,1.5,34.0
2023-04-27 21:18:56.5,1682601536500000000,3.5,3.5,3.0,7969.0,347.0,11615.0,4.0,156.0,4.5,47.0,5.0,131.0,5.5,21.0,6.0,80.0,3.5,129.0,3.0,293.0,2.5,521.0,2.0,122.0,1.5,34.0
2023-04-27 21:18:56.75,1682601536750000000,3.5,3.5,3.0,7969.0,347.0,11615.0,4.0,156.0,4.5,27.0,5.0,151.0,5.5,21.0,6.0,80.0,3.5,129.0,3.0,293.0,2.5,521.0,2.0,122.0,1.5,34.0
2023-04-27 21:19:14.0,1682601554000000000,3.5,3.5,3.0,7969.0,347.0,11615.0,4.0,156.0,4.5,27.0,5.0,151.0,5.5,21.0,6.0,80.0,3.5,109.0,3.0,293.0,2.5,521.0,2.0,142.0,1.5,34.0
2023-04-27 21:19:24.5,1682601564500000000,3.5,3.5,3.0,7969.0,347.0,11615.0,4.0,156.0,4.5,47.0,5.0,131.0,5.5,21.0,6.0,80.0,3.5,109.0,3.0,293.0,2.5,521.0,2.0,142.0,1.5,34.0
2023-04-27 21:19:27.5,1682601567500000000,3.5,3.5,3.0,7969.0,347.0,11615.0,4.0,156.0,4.5,27.0,5.0,151.0,5.5,21.0,6.0,80.0,3.5,109.0,3.0,293.0,2.5,521.0,2.0,142.0,1.5,34.0
2023-04-27 21:19:30.25,1682601570250000000,3.5,3.5,3.0,7969.0,347.0,11615.0,4.0,156.0,4.5,47.0,5.0,131.0,5.5,21.0,6.0,80.0,3.5,109.0,3.0,293.0,2.5,521.0,2.0,142.0,1.5,34.0
2023-04-27 21:19:31.25,1682601571250000000,3.5,3.5,3.0,7969.0,347.0,11615.0,4.0,156.0,4.5,27.0,5.0,151.0,5.5,21.0,6.0,80.0,3.5,109.0,3.0,293.0,2.5,521.0,2.0,142.0,1.5,34.0
2023-04-27 21:19:31.5,1682601571500000000,3.5,3.5,3.0,7969.0,347.0,11615.0,4.0,156.0,4.5,47.0,5.0,131.0,5.5,21.0,6.0,80.0,3.5,109.0,3.0,293.0,2.5,521.0,2.0,142.0,1.5,34.0
2023-04-27 21:19:33.5,1682601573500000000,3.5,3.5,3.0,7969.0,347.0,11615.0,4.0,156.0,4.5,27.0,5.0,151.0,5.5,21.0,6.0,80.0,3.5,109.0,3.0,293.0,2.5,521.0,2.0,142.0,1.5,34.0
2023-04-27 21:19:36.75,1682601576750000000,3.5,3.5,3.0,7969.0,347.0,11615.0,4.0,156.0,4.5,47.0,5.0,131.0,5.5,21.0,6.0,80.0,3.5,109.0,3.0,293.0,2.5,521.0,2.0,142.0,1.5,34.0
2023-04-27 21:19:37.75,1682601577750000000,3.5,3.5,3.0,7969.0,347.0,11615.0,4.0,156.0,4.5,27.0,5.0,151.0,5.5,21.0,6.0,80.0,3.5,109.0,3.0,293.0,2.5,521.0,2.0,142.0,1.5,34.0
2023-04-27 21:19:51.75,1682601591750000000,3.5,3.5,3.0,7969.0,347.0,11615.0,4.0,156.0,4.5,47.0,5.0,131.0,5.5,21.0,6.0,80.0,3.5,109.0,3.0,293.0,2.5,521.0,2.0,142.0,1.5,34.0
2023-04-27 21:19:53.5,1682601593500000000,3.5,3.5,3.0,7969.0,347.0,11615.0,4.0,156.0,4.5,27.0,5.0,151.0,5.5,21.0,6.0,80.0,3.5,109.0,3.0,293.0,2.5,521.0,2.0,142.0,1.5,34.0
2023-04-27 21:19:54.25,1682601594250000000,3.5,3.5,3.0,7969.0,347.0,11615.0,4.0,156.0,4.5,47.0,5.0,131.0,5.5,21.0,6.0,80.0,3.5,109.0,3.0,293.0,2.5,521.0,2.0,142.0,1.5,34.0
2023-04-27 21:19:54.5,1682601594500000000,3.5,3.5,3.0,7969.0,347.0,11615.0,4.0,156.0,4.5,27.0,5.0,151.0,5.5,21.0,6.0,80.0,3.5,109.0,3.0,293.0,2.5,521.0,2.0,142.0,1.5,34.0
2023-04-27 21:19:55.0,1682601595000000000,3.5,3.5,3.0,7969.0,347.0,11615.0,4.0,156.0,4.5,47.0,5.0,131.0,5.5,21.0,6.0,80.0,3.5,109.0,3.0,293.0,2.5,521.0,2.0,142.0,1.5,34.0
2023-04-27 21:19:55.5,1682601595500000000,3.5,3.5,3.0,7969.0,347.0,11615.0,4.0,156.0,4.5,27.0,5.0,151.0,5.5,21.0,6.0,80.0,3.5,109.0,3.0,293.0,2.5,521.0,2.0,142.0,1.5,34.0
2023-04-27 21:19:56.5,1682601596500000000,3.5,3.5,3.0,7969.0,347.0,11615.0,4.0,156.0,4.5,47.0,5.0,131.0,5.5,21.0,6.0,80.0,3.5,109.0,3.0,293.0,2.5,521.0,2.0,142.0,1.5,34.0
2023-04-27 21:19:56.75,1682601596750000000,3.5,3.5,3.0,7969.0,347.0,11615.0,4.0,156.0,4.5,27.0,5.0,151.0,5.5,21.0,6.0,80.0,3.5,109.0,3.0,293.0,2.5,521.0,2.0,142.0,1.5,34.0
2023-04-27 21:19:57.0,1682601597000000000,3.5,3.5,3.0,7969.0,347.0,11615.0,4.0,156.0,4.5,47.0,5.0,131.0,5.5,21.0,6.0,80.0,3.5,109.0,3.0,293.0,2.5,521.0,2.0,142.0,1.5,34.0
2023-04-27 21:20:02.0,1682601602000000000,3.5,3.5,3.0,7969.0,347.0,11615.0,4.0,156.0,4.5,27.0,5.0,151.0,5.5,21.0,6.0,80.0,3.5,109.0,3.0,293.0,2.5,521.0,2.0,142.0,1.5,34.0
2023-04-27 21:20:02.75,1682601602750000000,3.5,3.5,3.0,7969.0,347.0,11615.0,4.0,156.0,4.5,47.0,5.0,131.0,5.5,21.0,6.0,80.0,3.5,109.0,3.0,293.0,2.5,521.0,2.0,142.0,1.5,34.0
2023-04-27 21:20:04.75,1682601604750000000,3.5,3.5,3.0,7969.0,347.0,11615.0,4.0,156.0,4.5,27.0,5.0,151.0,5.5,21.0,6.0,80.0,3.5,109.0,3.0,293.0,2.5,521.0,2.0,142.0,1.5,34.0
2023-04-27 21:20:05.0,1682601605000000000,3.5,3.5,3.0,7969.0,347.0,11615.0,4.0,156.0,4.5,47.0,5.0,131.0,5.5,21.0,6.0,80.0,3.5,109.0,3.0,293.0,2.5,521.0,2.0,142.0,1.5,34.0
2023-04-27 21:20:09.5,1682601609500000000,3.5,3.5,3.0,7969.0,347.0,11615.0,4.0,156.0,4.5,27.0,5.0,151.0,5.5,21.0,6.0,80.0,3.5,109.0,3.0,293.0,2.5,521.0,2.0,142.0,1.5,34.0
2023-04-27 21:20:10.25,1682601610250000000,3.5,3.5,3.0,7969.0,347.0,11615.0,4.0,156.0,4.5,47.0,5.0,131.0,5.5,21.0,6.0,80.0,3.5,109.0,3.0,293.0,2.5,521.0,2.0,142.0,1.5,34.0
2023-04-27 21:20:15.0,1682601615000000000,3.5,3.5,3.0,7969.0,347.0,11615.0,4.0,156.0,4.5,47.0,5.0,131.0,5.5,21.0,6.0,80.0,3.5,159.0,3.0,243.0,2.5,521.0,2.0,142.0,1.5,34.0
2023-04-27 21:20:16.0,1682601616000000000,3.5,3.5,3.0,7969.0,347.0,11615.0,4.0,156.0,4.5,47.0,5.0,131.0,5.5,21.0,6.0,80.0,3.5,114.0,3.0,288.0,2.5,521.0,2.0,142.0,1.5,34.0
2023-04-27 21:20:17.5,1682601617500000000,3.5,3.5,3.0,7969.0,347.0,11615.0,4.0,156.0,4.5,27.0,5.0,151.0,5.5,21.0,6.0,80.0,3.5,114.0,3.0,288.0,2.5,521.0,2.0,142.0,1.5,34.0
2023-04-27 21:20:18.0,1682601618000000000,3.5,3.5,3.0,7969.0,347.0,11615.0,4.0,156.0,4.5,47.0,5.0,131.0,5.5,21.0,6.0,80.0,3.5,114.0,3.0,288.0,2.5,521.0,2.0,142.0,1.5,34.0
2023-04-27 21:20:18.25,1682601618250000000,3.5,3.5,3.0,7969.0,347.0,11615.0,4.0,156.0,4.5,27.0,5.0,151.0,5.5,21.0,6.0,80.0,3.5,114.0,3.0,288.0,2.5,521.0,2.0,142.0,1.5,34.0
2023-04-27 21:20:21.5,1682601621500000000,3.5,3.5,3.0,7969.0,347.0,11615.0,4.0,136.0,4.5,47.0,5.0,151.0,5.5,21.0,6.0,80.0,3.5,114.0,3.0,288.0,2.5,521.0,2.0,142.0,1.5,34.0
2023-04-27 21:20:23.5,1682601623500000000,3.5,3.5,3.0,7969.0,347.0,11615.0,4.0,136.0,4.5,47.0,5.0,151.0,5.5,21.0,6.0,80.0,3.5,159.0,3.0,243.0,2.5,521.0,2.0,142.0,1.5,34.0
2023-04-27 21:20:38.25,1682601638250000000,3.5,3.5,3.0,7969.0,347.0,11615.0,4.0,136.0,4.5,67.0,5.0,131.0,5.5,21.0,6.0,80.0,3.5,159.0,3.0,243.0,2.5,521.0,2.0,142.0,1.5,34.0
2023-04-27 21:20:39.75,1682601639750000000,3.5,3.5,3.0,7969.0,347.0,11615.0,4.0,136.0,4.5,47.0,5.0,151.0,5.5,21.0,6.0,80.0,3.5,159.0,3.0,243.0,2.5,521.0,2.0,142.0,1.5,34.0
2023-04-27 21:20:44.75,1682601644750000000,3.5,3.5,3.0,7969.0,347.0,11615.0,4.0,136.0,4.5,47.0,5.0,151.0,5.5,21.0,6.0,80.0,3.5,159.0,3.0,243.0,2.5,521.0,2.0,152.0,1.5,34.0
2023-04-27 21:20:50.75,1682601650750000000,3.5,3.5,3.0,7969.0,347.0,11615.0,4.0,136.0,4.5,67.0,5.0,131.0,5.5,21.0,6.0,80.0,3.5,159.0,3.0,243.0,2.5,521.0,2.0,152.0,1.5,34.0
2023-04-27 21:20:51.5,1682601651500000000,3.5,3.5,3.0,7969.0,347.0,11615.0,4.0,136.0,4.5,47.0,5.0,151.0,5.5,21.0,6.0,80.0,3.5,159.0,3.0,243.0,2.5,521.0,2.0,152.0,1.5,34.0
2023-04-27 21:20:52.0,1682601652000000000,3.5,3.5,3.0,7969.0,347.0,11615.0,4.0,136.0,4.5,67.0,5.0,131.0,5.5,21.0,6.0,80.0,3.5,159.0,3.0,243.0,2.5,521.0,2.0,152.0,1.5,34.0
2023-04-27 21:20:52.75,1682601652750000000,3.5,3.5,3.0,7969.0,347.0,11615.0,4.0,136.0,4.5,47.0,5.0,151.0,5.5,21.0,6.0,80.0,3.5,159.0,3.0,243.0,2.5,521.0,2.0,152.0,1.5,34.0
2023-04-27 21:20:53.25,1682601653250000000,3.5,3.5,3.0,7969.0,347.0,11615.0,4.0,156.0,4.5,27.0,5.0,151.0,5.5,21.0,6.0,80.0,3.5,159.0,3.0,243.0,2.5,521.0,2.0,152.0,1.5,34.0
2023-04-27 21:20:53.75,1682601653750000000,3.5,3.5,3.0,7969.0,347.0,11615.0,4.0,156.0,4.5,47.0,5.0,131.0,5.5,21.0,6.0,80.0,3.5,159.0,3.0,243.0,2.5,521.0,2.0,152.0,1.5,34.0
2023-04-27 21:20:54.0,1682601654000000000,3.5,3.5,3.0,7969.0,347.0,11615.0,4.0,156.0,4.5,27.0,5.0,151.0,5.5,21.0,6.0,80.0,3.5,159.0,3.0,243.0,2.5,521.0,2.0,152.0,1.5,34.0
2023-04-27 21:20:54.25,1682601654250000000,3.5,3.5,3.0,7969.0,347.0,11615.0,4.0,136.0,4.5,47.0,5.0,151.0,5.5,21.0,6.0,80.0,3.5,159.0,3.0,243.0,2.5,521.0,2.0,152.0,1.5,34.0
2023-04-27 21:20:58.0,1682601658000000000,3.5,3.5,3.0,7969.0,347.0,11615.0,4.0,91.0,4.5,92.0,5.0,151.0,5.5,21.0,6.0,80.0,3.5,159.0,3.0,243.0,2.5,521.0,2.0,152.0,1.5,34.0
2023-04-27 21:20:58.25,1682601658250000000,3.5,3.5,3.0,7969.0,347.0,11615.0,4.0,136.0,4.5,47.0,5.0,151.0,5.5,21.0,6.0,80.0,3.5,159.0,3.0,243.0,2.5,521.0,2.0,152.0,1.5,34.0
2023-04-27 21:20:59.75,1682601659750000000,3.5,3.5,3.0,7969.0,347.0,11615.0,4.0,91.0,4.5,92.0,5.0,151.0,5.5,21.0,6.0,80.0,3.5,159.0,3.0,243.0,2.5,521.0,2.0,152.0,1.5,34.0
2023-04-27 21:21:00.0,1682601660000000000,3.5,3.5,3.0,7969.0,347.0,11615.0,4.0,136.0,4.5,47.0,5.0,151.0,5.5,21.0,6.0,80.0,3.5,159.0,3.0,243.0,2.5,521.0,2.0,152.0,1.5,34.0
2023-04-27 21:21:00.25,1682601660250000000,3.5,3.5,3.0,7969.0,347.0,11615.0,4.0,91.0,4.5,92.0,5.0,151.0,5.5,21.0,6.0,80.0,3.5,179.0,3.0,223.0,2.5,521.0,2.0,152.0,1.5,34.0
2023-04-27 21:21:08.25,1682601668250000000,3.5,3.5,3.0,7969.0,347.0,11615.0,4.0,91.0,4.5,112.0,5.0,131.0,5.5,21.0,6.0,80.0,3.5,159.0,3.0,243.0,2.5,521.0,2.0,152.0,1.5,34.0
2023-04-27 21:21:17.5,1682601677500000000,3.5,3.5,3.0,7969.0,347.0,11615.0,4.0,111.0,4.5,92.0,5.0,131.0,5.5,21.0,6.0,80.0,3.5,159.0,3.0,243.0,2.5,521.0,2.0,152.0,1.5,34.0
2023-04-27 21:21:17.75,1682601677750000000,3.5,3.5,3.0,7969.0,347.0,11615.0,4.0,111.0,4.5,72.0,5.0,151.0,5.5,21.0,6.0,80.0,3.5,159.0,3.0,243.0,2.5,521.0,2.0,152.0,1.5,34.0
2023-04-27 21:21:19.0,1682601679000000000,3.5,3.5,3.0,7969.0,347.0,11615.0,4.0,91.0,4.5,92.0,5.0,151.0,5.5,21.0,6.0,80.0,3.5,159.0,3.0,243.0,2.5,521.0,2.0,152.0,1.5,34.0
2023-04-27 21:21:19.75,1682601679750000000,3.5,3.5,3.0,7969.0,347.0,11615.0,4.0,111.0,4.5,72.0,5.0,151.0,5.5,21.0,6.0,80.0,3.5,159.0,3.0,243.0,2.5,521.0,2.0,152.0,1.5,34.0
2023-04-27 21:21:20.25,1682601680250000000,3.5,3.5,3.0,7969.0,347.0,11615.0,4.0,91.0,4.5,92.0,5.0,151.0,5.5,21.0,6.0,80.0,3.5,159.0,3.0,243.0,2.5,521.0,2.0,152.0,1.5,34.0
2023-04-27 21:21:20.5,1682601680500000000,3.5,3.5,3.0,7969.0,347.0,11615.0,4.0,91.0,4.5,92.0,5.0,151.0,5.5,21.0,6.0,80.0,3.5,159.0,3.0,241.0,2.5,521.0,2.0,150.0,1.5,34.0
2023-04-27 21:21:20.75,1682601680750000000,3.5,3.5,3.0,7969.0,347.0,11615.0,4.0,111.0,4.5,72.0,5.0,151.0,5.5,21.0,6.0,80.0,3.5,159.0,3.0,241.0,2.5,521.0,2.0,150.0,1.5,34.0
2023-04-27 21:21:21.75,1682601681750000000,3.5,3.5,3.0,7969.0,347.0,11615.0,4.0,91.0,4.5,92.0,5.0,151.0,5.5,21.0,6.0,80.0,3.5,159.0,3.0,241.0,2.5,521.0,2.0,150.0,1.5,34.0
2023-04-27 21:21:25.75,1682601685750000000,3.5,3.5,3.0,7948.0,379.0,12735.0,4.0,81.0,4.5,92.0,5.0,151.0,5.5,21.0,6.0,80.0,3.5,120.0,3.0,241.0,2.5,521.0,2.0,168.0,1.5,34.0
2023-04-27 21:21:26.25,1682601686250000000,3.5,3.5,3.0,7948.0,379.0,12735.0,4.0,91.0,4.5,82.0,5.0,151.0,5.5,21.0,6.0,80.0,3.5,130.0,3.0,241.0,2.5,521.0,2.0,168.0,1.5,34.0
2023-04-27 21:21:26.5,1682601686500000000,3.5,3.5,3.0,7948.0,379.0,12735.0,4.0,92.0,4.5,82.0,5.0,151.0,5.5,21.0,6.0,80.0,3.5,131.0,3.0,241.0,2.5,521.0,2.0,168.0,1.5,34.0
2023-04-27 21:21:27.0,1682601687000000000,3.5,3.5,3.0,7948.0,379.0,12735.0,4.0,92.0,4.5,92.0,5.0,151.0,5.5,21.0,6.0,80.0,3.5,131.0,3.0,251.0,2.5,521.0,2.0,168.0,1.5,34.0
2023-04-27 21:21:28.75,1682601688750000000,3.5,3.5,3.0,7948.0,379.0,12735.0,4.0,112.0,4.5,72.0,5.0,151.0,5.5,21.0,6.0,80.0,3.5,131.0,3.0,251.0,2.5,521.0,2.0,168.0,1.5,34.0
2023-04-27 21:21:31.75,1682601691750000000,3.5,3.5,3.0,7948.0,379.0,12735.0,4.0,112.0,4.5,72.0,5.0,151.0,5.5,21.0,6.0,80.0,3.5,149.0,3.0,251.0,2.5,521.0,2.0,150.0,1.5,34.0
2023-04-27 21:21:34.25,1682601694250000000,3.5,3.5,3.0,7948.0,379.0,12735.0,4.0,112.0,4.5,92.0,5.0,131.0,5.5,21.0,6.0,80.0,3.5,149.0,3.0,251.0,2.5,521.0,2.0,150.0,1.5,34.0
2023-04-27 21:21:36.5,1682601696500000000,3.5,3.5,3.0,7948.0,379.0,12735.0,4.0,112.0,4.5,72.0,5.0,151.0,5.5,21.0,6.0,80.0,3.5,149.0,3.0,251.0,2.5,521.0,2.0,150.0,1.5,34.0
2023-04-27 21:21:37.0,1682601697000000000,3.5,3.5,3.0,7948.0,379.0,12735.0,4.0,122.0,4.5,62.0,5.0,151.0,5.5,21.0,6.0,80.0,3.5,159.0,3.0,241.0,2.5,521.0,2.0,150.0,1.5,34.0
2023-04-27 21:21:37.75,1682601697750000000,3.5,3.5,3.0,7948.0,379.0,12735.0,4.0,122.0,4.5,82.0,5.0,131.0,5.5,21.0,6.0,80.0,3.5,159.0,3.0,241.0,2.5,521.0,2.0,150.0,1.5,34.0
2023-04-27 21:21:38.5,1682601698500000000,3.5,3.5,3.0,7948.0,379.0,12735.0,4.0,122.0,4.5,62.0,5.0,151.0,5.5,21.0,6.0,80.0,3.5,159.0,3.0,241.0,2.5,521.0,2.0,150.0,1.5,34.0
2023-04-27 21:21:40.25,1682601700250000000,3.5,3.5,3.0,7948.0,379.0,12735.0,4.0,122.0,4.5,82.0,5.0,131.0,5.5,21.0,6.0,80.0,3.5,159.0,3.0,241.0,2.5,521.0,2.0,150.0,1.5,34.0
2023-04-27 21:21:40.75,1682601700750000000,3.5,3.5,3.0,7948.0,379.0,12735.0,4.0,122.0,4.5,62.0,5.0,151.0,5.5,21.0,6.0,80.0,3.5,159.0,3.0,241.0,2.5,521.0,2.0,150.0,1.5,34.0
2023-04-27 21:21:41.5,1682601701500000000,3.5,3.5,3.0,7948.0,379.0,12735.0,4.0,122.0,4.5,82.0,5.0,131.0,5.5,21.0,6.0,80.0,3.5,159.0,3.0,241.0,2.5,521.0,2.0,150.0,1.5,34.0
2023-04-27 21:21:49.0,1682601709000000000,3.5,3.5,3.0,7948.0,379.0,12735.0,4.0,167.0,4.5,37.0,5.0,131.0,5.5,21.0,6.0,80.0,3.5,159.0,3.0,241.0,2.5,521.0,2.0,150.0,1.5,34.0
2023-04-27 21:21:58.75,1682601718750000000,3.5,3.5,3.0,7948.0,379.0,12735.0,4.0,167.0,4.5,17.0,5.0,151.0,5.5,21.0,6.0,80.0,3.5,159.0,3.0,241.0,2.5,521.0,2.0,150.0,1.5,34.0
2023-04-27 21:21:59.75,1682601719750000000,3.5,3.5,3.0,7948.0,379.0,12735.0,4.0,167.0,4.5,37.0,5.0,131.0,5.5,21.0,6.0,80.0,3.5,159.0,3.0,241.0,2.5,521.0,2.0,150.0,1.5,34.0
2023-04-27 21:22:00.0,1682601720000000000,3.5,3.5,3.0,7948.0,379.0,12735.0,4.0,122.0,4.5,82.0,5.0,131.0,5.5,21.0,6.0,80.0,3.5,159.0,3.0,241.0,2.5,521.0,2.0,150.0,1.5,34.0
2023-04-27 21:22:01.0,1682601721000000000,3.5,3.5,3.0,7948.0,379.0,12735.0,4.0,122.0,4.5,62.0,5.0,151.0,5.5,21.0,6.0,80.0,3.5,159.0,3.0,241.0,2.5,521.0,2.0,150.0,1.5,34.0
2023-04-27 21:22:02.5,1682601722500000000,3.5,3.5,3.0,7948.0,379.0,12735.0,4.0,122.0,4.5,82.0,5.0,131.0,5.5,21.0,6.0,80.0,3.5,159.0,3.0,241.0,2.5,521.0,2.0,150.0,1.5,34.0
2023-04-27 21:22:07.5,1682601727500000000,3.5,3.5,3.0,7948.0,379.0,12735.0,4.0,122.0,4.5,62.0,5.0,151.0,5.5,21.0,6.0,80.0,3.5,159.0,3.0,241.0,2.5,521.0,2.0,150.0,1.5,34.0
2023-04-27 21:22:08.0,1682601728000000000,3.5,3.5,3.0,7948.0,379.0,12735.0,4.0,122.0,4.5,82.0,5.0,131.0,5.5,21.0,6.0,80.0,3.5,159.0,3.0,241.0,2.5,521.0,2.0,150.0,1.5,34.0
2023-04-27 21:22:12.75,1682601732750000000,3.5,3.5,3.0,7948.0,379.0,12735.0,4.0,122.0,4.5,82.0,5.0,131.0,5.5,21.0,6.0,80.0,3.5,159.0,3.0,191.0,2.5,571.0,2.0,150.0,1.5,34.0
2023-04-27 21:22:14.25,1682601734250000000,3.5,3.5,3.0,7948.0,379.0,12735.0,4.0,167.0,4.5,37.0,5.0,131.0,5.5,21.0,6.0,80.0,3.5,159.0,3.0,191.0,2.5,571.0,2.0,150.0,1.5,34.0
2023-04-27 21:22:17.75,1682601737750000000,3.5,3.5,3.0,7948.0,379.0,12735.0,4.0,122.0,4.5,82.0,5.0,131.0,5.5,21.0,6.0,80.0,3.5,159.0,3.0,191.0,2.5,571.0,2.0,150.0,1.5,34.0
2023-04-27 21:22:18.5,1682601738500000000,3.5,3.5,3.0,7948.0,379.0,12735.0,4.0,167.0,4.5,37.0,5.0,131.0,5.5,21.0,6.0,80.0,3.5,159.0,3.0,191.0,2.5,571.0,2.0,150.0,1.5,34.0
2023-04-27 21:22:18.75,1682601738750000000,3.5,3.5,3.0,7948.0,379.0,12735.0,4.0,122.0,4.5,82.0,5.0,131.0,5.5,21.0,6.0,80.0,3.5,159.0,3.0,191.0,2.5,571.0,2.0,150.0,1.5,34.0
2023-04-27 21:22:28.75,1682601748750000000,3.5,3.5,3.0,7948.0,379.0,12735.0,4.0,167.0,4.5,37.0,5.0,131.0,5.5,21.0,6.0,80.0,3.5,159.0,3.0,191.0,2.5,571.0,2.0,150.0,1.5,34.0
2023-04-27 21:22:29.5,1682601749500000000,3.5,3.5,3.0,7948.0,379.0,12735.0,4.0,122.0,4.5,82.0,5.0,131.0,5.5,21.0,6.0,80.0,3.5,159.0,3.0,191.0,2.5,571.0,2.0,150.0,1.5,34.0
2023-04-27 21:22:31.5,1682601751500000000,3.5,3.5,3.0,7948.0,379.0,12735.0,4.0,167.0,4.5,37.0,5.0,131.0,5.5,21.0,6.0,80.0,3.5,159.0,3.0,191.0,2.5,571.0,2.0,150.0,1.5,34.0
2023-04-27 21:22:34.0,1682601754000000000,3.5,3.5,3.0,7948.0,379.0,12735.0,4.0,122.0,4.5,82.0,5.0,131.0,5.5,21.0,6.0,80.0,3.5,159.0,3.0,191.0,2.5,571.0,2.0,150.0,1.5,34.0
2023-04-27 21:22:37.75,1682601757750000000,3.5,3.5,3.0,7948.0,379.0,12735.0,4.0,122.0,4.5,82.0,5.0,151.0,5.5,21.0,6.0,80.0,3.5,159.0,3.0,191.0,2.5,591.0,2.0,150.0,1.5,34.0
2023-04-27 21:22:40.5,1682601760500000000,3.5,3.5,3.0,7948.0,379.0,12735.0,4.0,167.0,4.5,37.0,5.0,151.0,5.5,21.0,6.0,80.0,3.5,159.0,3.0,191.0,2.5,591.0,2.0,150.0,1.5,34.0
2023-04-27 21:22:42.0,1682601762000000000,3.5,3.5,3.0,7948.0,379.0,12735.0,4.0,122.0,4.5,82.0,5.0,151.0,5.5,21.0,6.0,80.0,3.5,179.0,3.0,171.0,2.5,591.0,2.0,150.0,1.5,34.0
2023-04-27 21:22:43.0,1682601763000000000,3.5,3.5,3.0,7948.0,379.0,12735.0,4.0,142.0,4.5,82.0,5.0,131.0,5.5,21.0,6.0,80.0,3.5,199.0,3.0,171.0,2.5,571.0,2.0,150.0,1.5,34.0
2023-04-27 21:22:49.5,1682601769500000000,3.5,3.5,3.0,7948.0,379.0,12735.0,4.0,187.0,4.5,37.0,5.0,131.0,5.5,21.0,6.0,80.0,3.5,199.0,3.0,171.0,2.5,571.0,2.0,150.0,1.5,34.0
2023-04-27 21:23:20.75,1682601800750000000,3.5,3.5,3.0,7948.0,379.0,12735.0,4.0,187.0,4.5,17.0,5.0,151.0,5.5,21.0,6.0,80.0,3.5,199.0,3.0,171.0,2.5,571.0,2.0,150.0,1.5,34.0
2023-04-27 21:23:21.75,1682601801750000000,3.5,3.5,3.0,7948.0,379.0,12735.0,4.0,187.0,4.5,37.0,5.0,131.0,5.5,21.0,6.0,80.0,3.5,199.0,3.0,171.0,2.5,571.0,2.0,150.0,1.5,34.0
2023-04-27 21:23:23.0,1682601803000000000,3.5,3.5,3.0,7948.0,379.0,12735.0,4.0,187.0,4.5,17.0,5.0,151.0,5.5,21.0,6.0,80.0,3.5,199.0,3.0,171.0,2.5,571.0,2.0,150.0,1.5,34.0
2023-04-27 21:23:39.0,1682601819000000000,3.5,3.5,3.0,7948.0,379.0,12735.0,4.0,187.0,4.5,17.0,5.0,151.0,5.5,21.0,6.0,80.0,3.5,199.0,3.0,181.0,2.5,571.0,2.0,150.0,1.5,34.0
2023-04-27 21:23:50.25,1682601830250000000,3.5,3.5,3.0,7948.0,379.0,12735.0,4.0,187.0,4.5,37.0,5.0,131.0,5.5,21.0,6.0,80.0,3.5,199.0,3.0,181.0,2.5,571.0,2.0,150.0,1.5,34.0
2023-04-27 21:23:52.75,1682601832750000000,3.5,3.5,3.0,7948.0,379.0,12735.0,4.0,187.0,4.5,37.0,5.0,131.0,5.5,21.0,6.0,80.0,3.5,201.0,3.0,181.0,2.5,571.0,2.0,150.0,1.5,34.0
2023-04-27 21:23:54.0,1682601834000000000,3.5,3.5,3.0,7948.0,379.0,12735.0,4.0,177.0,4.5,37.0,5.0,131.0,5.5,21.0,6.0,80.0,3.5,201.0,3.0,171.0,2.5,571.0,2.0,150.0,1.5,34.0
2023-04-27 21:24:08.25,1682601848250000000,3.5,3.5,3.0,7948.0,379.0,12735.0,4.0,187.0,4.5,37.0,5.0,131.0,5.5,21.0,6.0,80.0,3.5,201.0,3.0,181.0,2.5,571.0,2.0,150.0,1.5,34.0
2023-04-27 21:24:47.5,1682601887500000000,3.5,3.5,3.0,7948.0,379.0,12735.0,4.0,177.0,4.5,37.0,5.0,131.0,5.5,21.0,6.0,80.0,3.5,201.0,3.0,171.0,2.5,571.0,2.0,150.0,1.5,34.0
2023-04-27 21:24:50.5,1682601890500000000,3.5,3.5,3.0,7948.0,379.0,12735.0,4.0,177.0,4.5,17.0,5.0,151.0,5.5,21.0,6.0,80.0,3.5,201.0,3.0,171.0,2.5,571.0,2.0,150.0,1.5,34.0
2023-04-27 21:24:51.0,1682601891000000000,3.5,3.5,3.0,7948.0,379.0,12735.0,4.0,177.0,4.5,37.0,5.0,131.0,5.5,21.0,6.0,80.0,3.5,201.0,3.0,171.0,2.5,571.0,2.0,150.0,1.5,34.0
2023-04-27 21:24:53.75,1682601893750000000,3.5,3.5,3.0,7948.0,379.0,12735.0,4.0,132.0,4.5,82.0,5.0,131.0,5.5,21.0,6.0,80.0,3.5,210.0,3.0,171.0,2.5,571.0,2.0,150.0,1.5,34.0
2023-04-27 21:24:59.25,1682601899250000000,3.5,3.5,3.0,7948.0,379.0,12735.0,4.0,177.0,4.5,37.0,5.0,131.0,5.5,21.0,6.0,80.0,3.5,210.0,3.0,171.0,2.5,571.0,2.0,150.0,1.5,34.0
2023-04-27 21:25:21.75,1682601921750000000,3.5,3.5,3.0,7948.0,379.0,12735.0,4.0,177.0,4.5,17.0,5.0,151.0,5.5,21.0,6.0,80.0,3.5,210.0,3.0,171.0,2.5,571.0,2.0,150.0,1.5,34.0
2023-04-27 21:25:34.0,1682601934000000000,3.5,3.5,3.0,7948.0,379.0,12735.0,4.0,177.0,4.5,37.0,5.0,131.0,5.5,21.0,6.0,80.0,3.5,210.0,3.0,171.0,2.5,571.0,2.0,150.0,1.5,34.0
2023-04-27 21:25:43.5,1682601943500000000,3.5,3.5,3.0,7948.0,379.0,12735.0,4.0,177.0,4.5,37.0,5.0,131.0,5.5,21.0,6.0,80.0,3.5,210.0,3.0,171.0,2.5,471.0,2.0,150.0,1.5,34.0
2023-04-27 21:25:46.75,1682601946750000000,4.0,4.0,3.0,7939.0,479.0,16735.0,4.0,85.0,4.5,37.0,5.0,131.0,5.5,39.0,6.0,80.0,3.5,150.0,3.0,171.0,2.5,471.0,2.0,150.0,1.5,34.0
2023-04-27 21:25:47.0,1682601947000000000,4.0,4.0,3.0,7939.0,479.0,16735.0,4.0,85.0,4.5,47.0,5.0,131.0,5.5,39.0,6.0,80.0,3.5,150.0,3.0,171.0,2.5,471.0,2.0,150.0,1.5,34.0
2023-04-27 21:25:47.25,1682601947250000000,4.0,4.0,3.0,7939.0,479.0,16735.0,4.0,87.0,4.5,47.0,5.0,131.0,5.5,39.0,6.0,80.0,3.5,150.0,3.0,171.0,2.5,471.0,2.0,150.0,1.5,34.0
2023-04-27 21:25:48.0,1682601948000000000,4.0,4.0,3.0,7938.0,480.0,16775.0,4.0,86.0,4.5,47.0,5.0,141.0,5.5,39.0,6.0,80.0,3.5,160.0,3.0,171.0,2.5,471.0,2.0,150.0,1.5,34.0
2023-04-27 21:25:49.0,1682601949000000000,4.0,4.0,3.0,7938.0,480.0,16775.0,4.0,87.0,4.5,47.0,5.0,141.0,5.5,39.0,6.0,80.0,3.5,161.0,3.0,171.0,2.5,471.0,2.0,150.0,1.5,34.0
2023-04-27 21:25:52.0,1682601952000000000,4.0,4.0,3.0,7938.0,480.0,16775.0,4.0,137.0,4.5,47.0,5.0,141.0,5.5,39.0,6.0,80.0,3.5,211.0,3.0,171.0,2.5,471.0,2.0,150.0,1.5,34.0
2023-04-27 21:25:52.75,1682601952750000000,4.0,4.0,3.0,7938.0,480.0,16775.0,4.0,155.0,4.5,47.0,5.0,141.0,5.5,21.0,6.0,80.0,3.5,211.0,3.0,171.0,2.5,471.0,2.0,150.0,1.5,34.0
2023-04-27 21:25:58.0,1682601958000000000,4.0,4.0,3.0,7938.0,480.0,16775.0,4.0,165.0,4.5,47.0,5.0,131.0,5.5,21.0,6.0,80.0,3.5,211.0,3.0,171.0,2.5,471.0,2.0,150.0,1.5,34.0
2023-04-27 21:26:02.0,1682601962000000000,4.0,4.0,3.0,7938.0,480.0,16775.0,4.0,165.0,4.5,27.0,5.0,151.0,5.5,21.0,6.0,80.0,3.5,211.0,3.0,171.0,2.5,471.0,2.0,150.0,1.5,34.0
2023-04-27 21:26:02.25,1682601962250000000,4.0,4.0,3.0,7938.0,480.0,16775.0,4.0,165.0,4.5,47.0,5.0,131.0,5.5,21.0,6.0,80.0,3.5,211.0,3.0,171.0,2.5,471.0,2.0,150.0,1.5,34.0
2023-04-27 21:26:02.5,1682601962500000000,4.0,4.0,3.0,7938.0,480.0,16775.0,4.0,165.0,4.5,27.0,5.0,151.0,5.5,21.0,6.0,80.0,3.5,211.0,3.0,171.0,2.5,471.0,2.0,150.0,1.5,34.0
2023-04-27 21:26:02.75,1682601962750000000,4.0,4.0,3.0,7938.0,480.0,16775.0,4.0,165.0,4.5,47.0,5.0,131.0,5.5,21.0,6.0,80.0,3.5,211.0,3.0,171.0,2.5,471.0,2.0,150.0,1.5,34.0
2023-04-27 21:26:03.0,1682601963000000000,4.0,4.0,3.0,7938.0,480.0,16775.0,4.0,165.0,4.5,27.0,5.0,151.0,5.5,21.0,6.0,80.0,3.5,211.0,3.0,171.0,2.5,471.0,2.0,150.0,1.5,34.0
2023-04-27 21:26:04.0,1682601964000000000,4.0,4.0,3.0,7938.0,480.0,16775.0,4.0,165.0,4.5,47.0,5.0,131.0,5.5,21.0,6.0,80.0,3.5,211.0,3.0,171.0,2.5,471.0,2.0,150.0,1.5,34.0
2023-04-27 21:26:08.5,1682601968500000000,4.0,4.0,3.0,7938.0,480.0,16775.0,4.0,165.0,4.5,47.0,5.0,131.0,5.5,21.0,6.0,80.0,3.5,211.0,3.0,187.0,2.5,455.0,2.0,150.0,1.5,34.0
2023-04-27 21:26:09.0,1682601969000000000,4.0,4.0,3.0,7938.0,480.0,16775.0,4.0,165.0,4.5,27.0,5.0,151.0,5.5,21.0,6.0,80.0,3.5,211.0,3.0,187.0,2.5,455.0,2.0,150.0,1.5,34.0
2023-04-27 21:26:16.25,1682601976250000000,4.0,4.0,3.0,7938.0,480.0,16775.0,4.0,120.0,4.5,72.0,5.0,151.0,5.5,21.0,6.0,80.0,3.5,211.0,3.0,187.0,2.5,455.0,2.0,150.0,1.5,34.0
2023-04-27 21:26:21.5,1682601981500000000,4.0,4.0,3.0,7938.0,480.0,16775.0,4.0,102.0,4.5,72.0,5.0,151.0,5.5,21.0,6.0,80.0,3.5,193.0,3.0,187.0,2.5,455.0,2.0,150.0,1.5,34.0
2023-04-27 21:26:30.75,1682601990750000000,4.0,4.0,3.0,7938.0,480.0,16775.0,4.0,102.0,4.5,72.0,5.0,151.0,5.5,39.0,6.0,80.0,3.5,193.0,3.0,187.0,2.5,473.0,2.0,150.0,1.5,34.0
2023-04-27 21:26:31.75,1682601991750000000,4.0,4.0,3.0,7938.0,480.0,16775.0,4.0,102.0,4.5,72.0,5.0,151.0,5.5,21.0,6.0,80.0,3.5,193.0,3.0,187.0,2.5,455.0,2.0,150.0,1.5,34.0
2023-04-27 21:26:32.25,1682601992250000000,4.0,4.0,3.0,7938.0,480.0,16775.0,4.0,102.0,4.5,92.0,5.0,131.0,5.5,21.0,6.0,80.0,3.5,193.0,3.0,187.0,2.5,455.0,2.0,150.0,1.5,34.0
2023-04-27 21:26:33.75,1682601993750000000,4.0,4.0,3.0,7938.0,490.0,17175.0,4.0,92.0,4.5,110.0,5.0,131.0,5.5,21.0,6.0,80.0,3.5,193.0,3.0,187.0,2.5,473.0,2.0,150.0,1.5,34.0
2023-04-27 21:26:35.75,1682601995750000000,4.0,4.0,3.0,7938.0,490.0,17175.0,4.0,92.0,4.5,110.0,5.0,131.0,5.5,21.0,6.0,80.0,3.5,193.0,3.0,187.0,2.5,423.0,2.0,150.0,1.5,34.0
2023-04-27 21:26:39.0,1682601999000000000,4.0,4.0,3.0,7938.0,490.0,17175.0,4.0,92.0,4.5,90.0,5.0,151.0,5.5,21.0,6.0,80.0,3.5,193.0,3.0,187.0,2.5,443.0,2.0,130.0,1.5,34.0
2023-04-27 21:26:39.5,1682601999500000000,4.0,4.0,3.0,7938.0,490.0,17175.0,4.0,72.0,4.5,110.0,5.0,151.0,5.5,21.0,6.0,80.0,3.5,193.0,3.0,187.0,2.5,443.0,2.0,130.0,1.5,34.0
2023-04-27 21:26:39.75,1682601999750000000,4.0,4.0,3.0,7938.0,490.0,17175.0,4.0,90.0,4.5,92.0,5.0,151.0,5.5,21.0,6.0,80.0,3.5,211.0,3.0,187.0,2.5,425.0,2.0,130.0,1.5,34.0
2023-04-27 21:26:47.0,1682602007000000000,4.0,4.0,3.0,7938.0,490.0,17175.0,4.0,81.0,4.5,112.0,5.0,151.0,5.5,21.0,6.0,80.0,3.5,211.0,3.0,187.0,2.5,425.0,2.0,130.0,1.5,34.0
2023-04-27 21:26:56.75,1682602016750000000,4.0,4.0,3.0,7963.0,515.0,18175.0,4.0,48.0,4.5,92.0,5.0,151.0,5.5,21.0,6.0,80.0,3.5,160.0,3.0,187.0,2.5,425.0,2.0,130.0,1.5,34.0
2023-04-27 21:26:57.0,1682602017000000000,4.0,4.0,3.0,7963.0,515.0,18175.0,4.0,70.0,4.5,72.0,5.0,151.0,5.5,21.0,6.0,80.0,3.5,160.0,3.0,187.0,2.5,425.0,2.0,130.0,1.5,34.0
2023-04-27 21:26:58.0,1682602018000000000,4.0,4.0,3.0,7963.0,516.0,18215.0,4.0,60.0,4.5,72.0,5.0,151.0,5.5,21.0,6.0,80.0,3.5,150.0,3.0,187.0,2.5,425.0,2.0,130.0,1.5,34.0
2023-04-27 21:26:59.0,1682602019000000000,4.0,4.0,3.0,7963.0,516.0,18215.0,4.0,61.0,4.5,72.0,5.0,161.0,5.5,21.0,6.0,80.0,3.5,161.0,3.0,187.0,2.5,425.0,2.0,130.0,1.5,34.0
2023-04-27 21:27:02.0,1682602022000000000,4.0,4.0,3.0,7963.0,516.0,18215.0,4.0,111.0,4.5,72.0,5.0,161.0,5.5,21.0,6.0,80.0,3.5,211.0,3.0,187.0,2.5,425.0,2.0,130.0,1.5,34.0
2023-04-27 21:27:08.25,1682602028250000000,4.0,4.0,3.0,7963.0,517.0,18255.0,4.0,110.0,4.5,72.0,5.0,161.0,5.5,21.0,6.0,80.0,3.5,211.0,3.0,187.0,2.5,425.0,2.0,130.0,1.5,34.0
2023-04-27 21:27:09.0,1682602029000000000,4.0,4.0,3.0,7963.0,517.0,18255.0,4.0,120.0,4.5,72.0,5.0,151.0,5.5,21.0,6.0,80.0,3.5,211.0,3.0,187.0,2.5,425.0,2.0,130.0,1.5,34.0
2023-04-27 21:27:09.5,1682602029500000000,4.0,4.0,3.0,7963.0,517.0,18255.0,4.0,120.0,4.5,72.0,5.0,151.0,5.5,21.0,6.0,80.0,3.5,251.0,3.0,187.0,2.5,425.0,2.0,130.0,1.5,34.0
2023-04-27 21:27:09.75,1682602029750000000,4.0,4.0,3.0,7963.0,518.0,18295.0,4.0,119.0,4.5,72.0,5.0,151.0,5.5,21.0,6.0,80.0,3.5,251.0,3.0,187.0,2.5,425.0,2.0,130.0,1.5,34.0
2023-04-27 21:27:10.75,1682602030750000000,4.0,4.0,3.0,7963.0,519.0,18335.0,4.0,118.0,4.5,72.0,5.0,151.0,5.5,21.0,6.0,80.0,3.5,251.0,3.0,187.0,2.5,425.0,2.0,130.0,1.5,34.0
2023-04-27 21:27:12.25,1682602032250000000,4.0,4.0,3.0,7963.0,520.0,18375.0,4.0,117.0,4.5,72.0,5.0,151.0,5.5,21.0,6.0,80.0,3.5,251.0,3.0,187.0,2.5,425.0,2.0,130.0,1.5,34.0
2023-04-27 21:27:13.5,1682602033500000000,4.0,4.0,3.0,7963.0,521.0,18415.0,4.0,116.0,4.5,72.0,5.0,151.0,5.5,21.0,6.0,80.0,3.5,251.0,3.0,187.0,2.5,425.0,2.0,130.0,1.5,34.0
2023-04-27 21:27:15.0,1682602035000000000,4.0,4.0,3.0,7963.0,522.0,18455.0,4.0,115.0,4.5,72.0,5.0,151.0,5.5,21.0,6.0,80.0,3.5,251.0,3.0,187.0,2.5,425.0,2.0,130.0,1.5,34.0
2023-04-27 21:27:15.5,1682602035500000000,4.0,4.0,3.0,7963.0,523.0,18495.0,4.0,114.0,4.5,72.0,5.0,151.0,5.5,21.0,6.0,80.0,3.5,251.0,3.0,187.0,2.5,425.0,2.0,130.0,1.5,34.0
2023-04-27 21:27:18.25,1682602038250000000,4.0,4.0,3.0,7963.0,524.0,18535.0,4.0,113.0,4.5,72.0,5.0,151.0,5.5,21.0,6.0,80.0,3.5,251.0,3.0,187.0,2.5,425.0,2.0,130.0,1.5,34.0
2023-04-27 21:27:19.5,1682602039500000000,4.0,4.0,3.0,7963.0,525.0,18575.0,4.0,103.0,4.5,72.0,5.0,151.0,5.5,39.0,6.0,80.0,3.5,251.0,3.0,187.0,2.5,425.0,2.0,130.0,1.5,34.0
2023-04-27 21:27:25.5,1682602045500000000,4.0,4.0,3.0,7963.0,525.0,18575.0,4.0,121.0,4.5,72.0,5.0,151.0,5.5,21.0,6.0,80.0,3.5,251.0,3.0,187.0,2.5,425.0,2.0,130.0,1.5,34.0
2023-04-27 21:27:26.75,1682602046750000000,4.0,4.0,3.0,7961.0,527.0,18655.0,4.0,120.0,4.5,72.0,5.0,151.0,5.5,21.0,6.0,80.0,3.5,251.0,3.0,187.0,2.5,425.0,2.0,130.0,1.5,34.0
2023-04-27 21:27:28.5,1682602048500000000,4.0,4.0,3.0,7960.0,528.0,18695.0,4.0,119.0,4.5,72.0,5.0,151.0,5.5,21.0,6.0,80.0,3.5,251.0,3.0,187.0,2.5,425.0,2.0,130.0,1.5,34.0
2023-04-27 21:27:30.25,1682602050250000000,4.0,4.0,3.0,7959.0,529.0,18735.0,4.0,118.0,4.5,72.0,5.0,151.0,5.5,21.0,6.0,80.0,3.5,251.0,3.0,187.0,2.5,425.0,2.0,130.0,1.5,34.0
2023-04-27 21:27:32.25,1682602052250000000,4.0,4.0,3.0,7958.0,530.0,18775.0,4.0,117.0,4.5,72.0,5.0,151.0,5.5,21.0,6.0,80.0,3.5,251.0,3.0,187.0,2.5,425.0,2.0,130.0,1.5,34.0
2023-04-27 21:27:45.75,1682602065750000000,4.0,4.0,3.0,7958.0,530.0,18775.0,4.0,97.0,4.5,92.0,5.0,151.0,5.5,21.0,6.0,80.0,3.5,251.0,3.0,187.0,2.5,425.0,2.0,130.0,1.5,34.0
2023-04-27 21:27:46.5,1682602066500000000,4.0,4.0,3.0,7958.0,530.0,18775.0,4.0,117.0,4.5,72.0,5.0,151.0,5.5,21.0,6.0,80.0,3.5,251.0,3.0,187.0,2.5,425.0,2.0,130.0,1.5,34.0
2023-04-27 21:28:10.5,1682602090500000000,4.0,4.0,3.0,7958.0,530.0,18775.0,4.0,117.0,4.5,72.0,5.0,131.0,5.5,41.0,6.0,80.0,3.5,251.0,3.0,187.0,2.5,425.0,2.0,130.0,1.5,34.0
2023-04-27 21:28:10.75,1682602090750000000,4.0,4.0,3.0,7958.0,530.0,18775.0,4.0,117.0,4.5,72.0,5.0,151.0,5.5,21.0,6.0,80.0,3.5,251.0,3.0,187.0,2.5,425.0,2.0,130.0,1.5,34.0
2023-04-27 21:28:26.25,1682602106250000000,4.0,4.0,3.0,7958.0,530.0,18775.0,4.0,162.0,4.5,27.0,5.0,151.0,5.5,21.0,6.0,80.0,3.5,251.0,3.0,187.0,2.5,425.0,2.0,130.0,1.5,34.0
2023-04-27 21:28:41.25,1682602121250000000,4.0,4.0,3.0,7958.0,530.0,18775.0,4.0,117.0,4.5,72.0,5.0,151.0,5.5,21.0,6.0,80.0,3.5,251.0,3.0,187.0,2.5,425.0,2.0,130.0,1.5,34.0
2023-04-27 21:28:43.5,1682602123500000000,4.0,4.0,3.0,7958.0,530.0,18775.0,4.0,97.0,4.5,92.0,5.0,151.0,5.5,21.0,6.0,80.0,3.5,251.0,3.0,187.0,2.5,425.0,2.0,130.0,1.5,34.0
2023-04-27 21:28:48.0,1682602128000000000,4.0,4.0,3.0,7958.0,530.0,18775.0,4.0,142.0,4.5,47.0,5.0,151.0,5.5,21.0,6.0,80.0,3.5,251.0,3.0,187.0,2.5,425.0,2.0,130.0,1.5,34.0
2023-04-27 21:28:49.25,1682602129250000000,4.0,4.0,3.0,7958.0,530.0,18775.0,4.0,97.0,4.5,92.0,5.0,151.0,5.5,21.0,6.0,80.0,3.5,251.0,3.0,187.0,2.5,425.0,2.0,130.0,1.5,34.0
2023-04-27 21:28:51.25,1682602131250000000,4.0,4.0,3.0,7958.0,530.0,18775.0,4.0,142.0,4.5,47.0,5.0,151.0,5.5,21.0,6.0,80.0,3.5,251.0,3.0,187.0,2.5,425.0,2.0,130.0,1.5,34.0
2023-04-27 21:28:52.25,1682602132250000000,4.0,4.0,3.0,7958.0,530.0,18775.0,4.0,97.0,4.5,92.0,5.0,151.0,5.5,21.0,6.0,80.0,3.5,251.0,3.0,187.0,2.5,425.0,2.0,130.0,1.5,34.0
2023-04-27 21:28:52.75,1682602132750000000,4.0,4.0,3.0,7958.0,530.0,18775.0,4.0,142.0,4.5,47.0,5.0,151.0,5.5,21.0,6.0,80.0,3.5,251.0,3.0,187.0,2.5,425.0,2.0,130.0,1.5,34.0
2023-04-27 21:28:54.0,1682602134000000000,4.0,4.0,3.0,7958.0,530.0,18775.0,4.0,97.0,4.5,92.0,5.0,151.0,5.5,21.0,6.0,80.0,3.5,251.0,3.0,187.0,2.5,425.0,2.0,130.0,1.5,34.0
2023-04-27 21:29:08.0,1682602148000000000,4.0,4.0,3.0,7958.0,530.0,18775.0,4.0,81.0,4.5,112.0,5.0,151.0,5.5,21.0,6.0,80.0,3.5,251.0,3.0,187.0,2.5,425.0,2.0,130.0,1.5,34.0
2023-04-27 21:29:21.75,1682602161750000000,4.0,4.0,3.0,7958.0,530.0,18775.0,4.0,126.0,4.5,67.0,5.0,151.0,5.5,21.0,6.0,80.0,3.5,251.0,3.0,187.0,2.5,425.0,2.0,130.0,1.5,34.0
2023-04-27 21:29:22.0,1682602162000000000,4.0,4.0,3.0,7958.0,530.0,18775.0,4.0,146.0,4.5,47.0,5.0,151.0,5.5,21.0,6.0,80.0,3.5,251.0,3.0,187.0,2.5,425.0,2.0,130.0,1.5,34.0
2023-04-27 21:29:25.5,1682602165500000000,4.0,4.0,3.0,7958.0,530.0,18775.0,4.0,166.0,4.5,27.0,5.0,151.0,5.5,21.0,6.0,80.0,3.5,251.0,3.0,187.0,2.5,425.0,2.0,130.0,1.5,34.0
2023-04-27 21:29:26.75,1682602166750000000,4.0,4.0,3.0,7958.0,530.0,18775.0,4.0,121.0,4.5,72.0,5.0,151.0,5.5,21.0,6.0,80.0,3.5,251.0,3.0,187.0,2.5,425.0,2.0,130.0,1.5,34.0
2023-04-27 21:29:33.25,1682602173250000000,4.0,4.0,3.0,7958.0,530.0,18775.0,4.0,101.0,4.5,92.0,5.0,151.0,5.5,21.0,6.0,80.0,3.5,251.0,3.0,187.0,2.5,425.0,2.0,130.0,1.5,34.0
2023-04-27 21:29:33.75,1682602173750000000,4.0,4.0,3.0,7958.0,530.0,18775.0,4.0,121.0,4.5,72.0,5.0,151.0,5.5,21.0,6.0,80.0,3.5,251.0,3.0,187.0,2.5,425.0,2.0,130.0,1.5,34.0
2023-04-27 21:29:39.5,1682602179500000000,4.0,4.0,3.0,7958.0,530.0,18775.0,4.0,101.0,4.5,92.0,5.0,151.0,5.5,21.0,6.0,80.0,3.5,251.0,3.0,187.0,2.5,425.0,2.0,130.0,1.5,34.0
2023-04-27 21:29:41.0,1682602181000000000,4.0,4.0,3.0,7958.0,530.0,18775.0,4.0,146.0,4.5,47.0,5.0,151.0,5.5,21.0,6.0,80.0,3.5,251.0,3.0,187.0,2.5,425.0,2.0,130.0,1.5,34.0
2023-04-27 21:29:41.5,1682602181500000000,4.0,4.0,3.0,7958.0,530.0,18775.0,4.0,101.0,4.5,92.0,5.0,151.0,5.5,21.0,6.0,80.0,3.5,251.0,3.0,187.0,2.5,425.0,2.0,130.0,1.5,34.0
2023-04-27 21:29:42.5,1682602182500000000,4.0,4.0,3.0,7958.0,530.0,18775.0,4.0,146.0,4.5,47.0,5.0,151.0,5.5,21.0,6.0,80.0,3.5,251.0,3.0,187.0,2.5,425.0,2.0,130.0,1.5,34.0
2023-04-27 21:29:47.5,1682602187500000000,4.0,4.0,3.0,7958.0,530.0,18775.0,4.0,166.0,4.5,27.0,5.0,151.0,5.5,21.0,6.0,80.0,3.5,251.0,3.0,187.0,2.5,425.0,2.0,130.0,1.5,34.0
2023-04-27 21:29:52.0,1682602192000000000,4.0,4.0,3.0,7958.0,530.0,18775.0,4.0,121.0,4.5,72.0,5.0,151.0,5.5,21.0,6.0,80.0,3.5,251.0,3.0,187.0,2.5,425.0,2.0,130.0,1.5,34.0
2023-04-27 21:30:17.0,1682602217000000000,4.0,4.0,3.0,7958.0,530.0,18775.0,4.0,101.0,4.5,92.0,5.0,151.0,5.5,21.0,6.0,80.0,3.5,251.0,3.0,187.0,2.5,425.0,2.0,130.0,1.5,34.0
2023-04-27 21:30:20.0,1682602220000000000,4.0,4.0,3.0,7958.0,530.0,18775.0,4.0,81.0,4.5,112.0,5.0,151.0,5.5,21.0,6.0,80.0,3.5,251.0,3.0,187.0,2.5,425.0,2.0,130.0,1.5,34.0
2023-04-27 21:30:34.0,1682602234000000000,4.0,4.0,3.0,7958.0,530.0,18775.0,4.0,126.0,4.5,67.0,5.0,151.0,5.5,21.0,6.0,80.0,3.5,251.0,3.0,187.0,2.5,425.0,2.0,130.0,1.5,34.0
2023-04-27 21:30:38.75,1682602238750000000,4.0,4.0,3.0,7958.0,530.0,18775.0,4.0,81.0,4.5,112.0,5.0,151.0,5.5,21.0,6.0,80.0,3.5,251.0,3.0,187.0,2.5,425.0,2.0,130.0,1.5,34.0
2023-04-27 21:30:55.0,1682602255000000000,4.0,4.0,3.0,7958.0,530.0,18775.0,4.0,81.0,4.5,112.0,5.0,151.0,5.5,1.0,6.0,80.0,3.5,251.0,3.0,187.0,2.5,425.0,2.0,130.0,1.5,34.0
2023-04-27 21:31:03.5,1682602263500000000,4.0,4.0,3.0,7958.0,530.0,18775.0,4.0,101.0,4.5,92.0,5.0,151.0,5.5,1.0,6.0,80.0,3.5,251.0,3.0,187.0,2.5,425.0,2.0,130.0,1.5,34.0
2023-04-27 21:31:04.0,1682602264000000000,4.0,4.0,3.0,7958.0,530.0,18775.0,4.0,141.0,4.5,72.0,5.0,151.0,5.5,1.0,6.0,80.0,3.5,251.0,3.0,187.0,2.5,425.0,2.0,130.0,1.5,34.0
2023-04-27 21:31:47.0,1682602307000000000,4.0,4.0,3.0,7958.0,530.0,18775.0,4.0,121.0,4.5,92.0,5.0,151.0,5.5,1.0,6.0,80.0,3.5,251.0,3.0,187.0,2.5,425.0,2.0,130.0,1.5,34.0
2023-04-27 21:31:49.25,1682602309250000000,4.0,4.0,3.0,7958.0,530.0,18775.0,4.0,101.0,4.5,112.0,5.0,151.0,5.5,1.0,6.0,80.0,3.5,251.0,3.0,187.0,2.5,425.0,2.0,130.0,1.5,34.0
2023-04-27 21:31:53.75,1682602313750000000,4.0,4.0,3.0,7958.0,530.0,18775.0,4.0,121.0,4.5,92.0,5.0,151.0,5.5,1.0,6.0,80.0,3.5,251.0,3.0,187.0,2.5,425.0,2.0,130.0,1.5,34.0
2023-04-27 21:31:54.0,1682602314000000000,4.0,4.0,3.0,7958.0,530.0,18775.0,4.0,141.0,4.5,72.0,5.0,151.0,5.5,1.0,6.0,80.0,3.5,251.0,3.0,187.0,2.5,425.0,2.0,130.0,1.5,34.0
2023-04-27 21:32:11.75,1682602331750000000,4.0,4.0,3.0,7958.0,530.0,18775.0,4.0,141.0,4.5,72.0,5.0,131.0,5.5,1.0,6.0,80.0,3.5,231.0,3.0,187.0,2.5,425.0,2.0,130.0,1.5,34.0
2023-04-27 21:32:12.0,1682602332000000000,4.0,4.0,3.0,7958.0,530.0,18775.0,4.0,158.0,4.5,27.0,5.0,131.0,5.5,1.0,6.0,80.0,3.5,203.0,3.0,187.0,2.5,425.0,2.0,130.0,1.5,34.0
2023-04-27 21:32:12.25,1682602332250000000,4.0,4.0,3.0,7958.0,530.0,18775.0,4.0,113.0,4.5,27.0,5.0,131.0,5.5,1.0,6.0,80.0,3.5,158.0,3.0,187.0,2.5,425.0,2.0,130.0,1.5,34.0
2023-04-27 21:32:26.75,1682602346750000000,4.0,4.0,3.0,7958.0,530.0,18775.0,4.0,93.0,4.5,47.0,5.0,131.0,5.5,1.0,6.0,80.0,3.5,158.0,3.0,187.0,2.5,425.0,2.0,130.0,1.5,34.0
2023-04-27 21:32:27.5,1682602347500000000,4.0,4.0,3.0,7958.0,530.0,18775.0,4.0,93.0,4.5,47.0,5.0,131.0,5.5,19.0,6.0,80.0,3.5,158.0,3.0,187.0,2.5,443.0,2.0,130.0,1.5,34.0
2023-04-27 21:32:28.0,1682602348000000000,4.0,4.0,3.0,7958.0,530.0,18775.0,4.0,103.0,4.5,47.0,5.0,131.0,5.5,19.0,6.0,80.0,3.5,168.0,3.0,187.0,2.5,443.0,2.0,130.0,1.5,34.0
2023-04-27 21:32:29.0,1682602349000000000,4.0,4.0,3.0,7958.0,530.0,18775.0,4.0,121.0,4.5,47.0,5.0,131.0,5.5,1.0,6.0,80.0,3.5,186.0,3.0,187.0,2.5,425.0,2.0,130.0,1.5,34.0
2023-04-27 21:32:33.5,1682602353500000000,4.0,4.0,3.0,7958.0,530.0,18775.0,4.0,141.0,4.5,27.0,5.0,131.0,5.5,1.0,6.0,80.0,3.5,186.0,3.0,187.0,2.5,425.0,2.0,130.0,1.5,34.0
2023-04-27 21:32:34.25,1682602354250000000,4.0,4.0,3.0,7958.0,530.0,18775.0,4.0,121.0,4.5,47.0,5.0,131.0,5.5,1.0,6.0,80.0,3.5,186.0,3.0,187.0,2.5,425.0,2.0,130.0,1.5,34.0
2023-04-27 21:32:34.5,1682602354500000000,4.0,4.0,3.0,7958.0,530.0,18775.0,4.0,141.0,4.5,27.0,5.0,131.0,5.5,1.0,6.0,80.0,3.5,186.0,3.0,187.0,2.5,425.0,2.0,130.0,1.5,34.0
2023-04-27 21:32:48.25,1682602368250000000,4.0,4.0,3.0,7958.0,530.0,18775.0,4.0,141.0,4.5,27.0,5.0,131.0,5.5,1.0,6.0,80.0,3.5,177.0,3.0,187.0,2.5,425.0,2.0,130.0,1.5,34.0
2023-04-27 21:32:53.75,1682602373750000000,4.0,4.0,3.0,7958.0,530.0,18775.0,4.0,186.0,4.5,27.0,5.0,131.0,5.5,1.0,6.0,80.0,3.5,222.0,3.0,187.0,2.5,425.0,2.0,130.0,1.5,34.0
2023-04-27 21:32:57.25,1682602377250000000,4.0,4.0,3.0,7958.0,530.0,18775.0,4.0,187.0,4.5,27.0,5.0,131.0,5.5,1.0,6.0,80.0,3.5,222.0,3.0,187.0,2.5,425.0,2.0,130.0,1.5,34.0
2023-04-27 21:33:13.5,1682602393500000000,4.0,4.0,3.0,7958.0,530.0,18775.0,4.0,167.0,4.5,47.0,5.0,131.0,5.5,1.0,6.0,80.0,3.5,222.0,3.0,187.0,2.5,425.0,2.0,130.0,1.5,34.0
2023-04-27 21:33:17.0,1682602397000000000,4.0,4.0,3.0,7958.0,530.0,18775.0,4.0,187.0,4.5,27.0,5.0,131.0,5.5,1.0,6.0,80.0,3.5,222.0,3.0,187.0,2.5,425.0,2.0,130.0,1.5,34.0
2023-04-27 21:33:25.0,1682602405000000000,4.0,4.0,3.0,7958.0,530.0,18775.0,4.0,142.0,4.5,72.0,5.0,131.0,5.5,1.0,6.0,80.0,3.5,222.0,3.0,187.0,2.5,425.0,2.0,130.0,1.5,34.0
2023-04-27 21:34:02.75,1682602442750000000,4.0,4.0,3.0,7958.0,530.0,18775.0,4.0,142.0,4.5,92.0,5.0,111.0,5.5,1.0,6.0,80.0,3.5,222.0,3.0,187.0,2.5,405.0,2.0,150.0,1.5,34.0
2023-04-27 21:34:03.75,1682602443750000000,4.0,4.0,3.0,7958.0,530.0,18775.0,4.0,142.0,4.5,72.0,5.0,131.0,5.5,1.0,6.0,80.0,3.5,222.0,3.0,187.0,2.5,405.0,2.0,150.0,1.5,34.0
2023-04-27 21:34:05.0,1682602445000000000,4.0,4.0,3.0,7958.0,530.0,18775.0,4.0,187.0,4.5,27.0,5.0,131.0,5.5,1.0,6.0,80.0,3.5,222.0,3.0,187.0,2.5,405.0,2.0,150.0,1.5,34.0
2023-04-27 21:34:06.0,1682602446000000000,4.0,4.0,3.0,7958.0,530.0,18775.0,4.0,187.0,4.5,47.0,5.0,111.0,5.5,1.0,6.0,80.0,3.5,222.0,3.0,187.0,2.5,405.0,2.0,150.0,1.5,34.0
2023-04-27 21:34:07.0,1682602447000000000,4.0,4.0,3.0,7958.0,530.0,18775.0,4.0,142.0,4.5,92.0,5.0,111.0,5.5,1.0,6.0,80.0,3.5,222.0,3.0,187.0,2.5,405.0,2.0,150.0,1.5,34.0
2023-04-27 21:34:07.25,1682602447250000000,4.0,4.0,3.0,7958.0,530.0,18775.0,4.0,142.0,4.5,72.0,5.0,131.0,5.5,1.0,6.0,80.0,3.5,222.0,3.0,187.0,2.5,405.0,2.0,150.0,1.5,34.0
2023-04-27 21:34:08.5,1682602448500000000,4.0,4.0,3.0,7958.0,530.0,18775.0,4.0,187.0,4.5,27.0,5.0,131.0,5.5,1.0,6.0,80.0,3.5,222.0,3.0,187.0,2.5,405.0,2.0,150.0,1.5,34.0
2023-04-27 21:34:09.0,1682602449000000000,4.0,4.0,3.0,7958.0,530.0,18775.0,4.0,187.0,4.5,47.0,5.0,111.0,5.5,1.0,6.0,80.0,3.5,222.0,3.0,187.0,2.5,405.0,2.0,150.0,1.5,34.0
2023-04-27 21:34:11.0,1682602451000000000,4.0,4.0,3.0,7958.0,530.0,18775.0,4.0,187.0,4.5,27.0,5.0,131.0,5.5,1.0,6.0,80.0,3.5,222.0,3.0,187.0,2.5,405.0,2.0,150.0,1.5,34.0
2023-04-27 21:34:11.5,1682602451500000000,4.0,4.0,3.0,7958.0,530.0,18775.0,4.0,187.0,4.5,47.0,5.0,111.0,5.5,1.0,6.0,80.0,3.5,222.0,3.0,187.0,2.5,405.0,2.0,150.0,1.5,34.0
2023-04-27 21:34:18.75,1682602458750000000,4.0,4.0,3.0,7958.0,530.0,18775.0,4.0,187.0,4.5,27.0,5.0,131.0,5.5,1.0,6.0,80.0,3.5,222.0,3.0,187.0,2.5,405.0,2.0,150.0,1.5,34.0
2023-04-27 21:34:44.25,1682602484250000000,4.0,4.0,3.0,7958.0,530.0,18775.0,4.0,142.0,4.5,72.0,5.0,131.0,5.5,1.0,6.0,80.0,3.5,222.0,3.0,187.0,2.5,405.0,2.0,150.0,1.5,34.0
2023-04-27 21:34:46.75,1682602486750000000,4.0,4.0,3.0,7958.0,530.0,18775.0,4.0,142.0,4.5,92.0,5.0,111.0,5.5,1.0,6.0,80.0,3.5,222.0,3.0,187.0,2.5,405.0,2.0,150.0,1.5,34.0
2023-04-27 21:34:48.0,1682602488000000000,4.0,4.0,3.0,7958.0,530.0,18775.0,4.0,142.0,4.5,72.0,5.0,131.0,5.5,1.0,6.0,80.0,3.5,222.0,3.0,187.0,2.5,405.0,2.0,150.0,1.5,34.0
2023-04-27 21:34:51.25,1682602491250000000,4.0,4.0,3.0,7958.0,530.0,18775.0,4.0,187.0,4.5,27.0,5.0,131.0,5.5,1.0,6.0,80.0,3.5,222.0,3.0,187.0,2.5,405.0,2.0,150.0,1.5,34.0
2023-04-27 21:34:55.75,1682602495750000000,4.0,4.0,3.0,7958.0,530.0,18775.0,4.0,187.0,4.5,47.0,5.0,111.0,5.5,1.0,6.0,80.0,3.5,222.0,3.0,187.0,2.5,405.0,2.0,150.0,1.5,34.0
2023-04-27 21:34:58.75,1682602498750000000,4.0,4.0,3.0,7958.0,530.0,18775.0,4.0,187.0,4.5,27.0,5.0,131.0,5.5,1.0,6.0,80.0,3.5,222.0,3.0,187.0,2.5,405.0,2.0,150.0,1.5,34.0
2023-04-27 21:34:59.0,1682602499000000000,4.0,4.0,3.0,7958.0,530.0,18775.0,4.0,187.0,4.5,47.0,5.0,111.0,5.5,1.0,6.0,80.0,3.5,222.0,3.0,187.0,2.5,405.0,2.0,150.0,1.5,34.0
2023-04-27 21:34:59.25,1682602499250000000,4.0,4.0,3.0,7958.0,530.0,18775.0,4.0,187.0,4.5,27.0,5.0,131.0,5.5,1.0,6.0,80.0,3.5,222.0,3.0,187.0,2.5,405.0,2.0,150.0,1.5,34.0
2023-04-27 21:35:00.75,1682602500750000000,4.0,4.0,3.0,7958.0,530.0,18775.0,4.0,142.0,4.5,72.0,5.0,131.0,5.5,1.0,6.0,80.0,3.5,222.0,3.0,187.0,2.5,405.0,2.0,150.0,1.5,34.0
2023-04-27 21:35:01.0,1682602501000000000,4.0,4.0,3.0,7958.0,530.0,18775.0,4.0,142.0,4.5,92.0,5.0,111.0,5.5,1.0,6.0,80.0,3.5,222.0,3.0,187.0,2.5,405.0,2.0,150.0,1.5,34.0
2023-04-27 21:35:01.25,1682602501250000000,4.0,4.0,3.0,7958.0,530.0,18775.0,4.0,187.0,4.5,47.0,5.0,111.0,5.5,1.0,6.0,80.0,3.5,222.0,3.0,187.0,2.5,405.0,2.0,150.0,1.5,34.0
2023-04-27 21:35:15.0,1682602515000000000,4.0,4.0,3.0,7958.0,530.0,18775.0,4.0,142.0,4.5,92.0,5.0,111.0,5.5,1.0,6.0,80.0,3.5,222.0,3.0,187.0,2.5,405.0,2.0,150.0,1.5,34.0
2023-04-27 21:35:16.0,1682602516000000000,4.0,4.0,3.0,7958.0,530.0,18775.0,4.0,187.0,4.5,47.0,5.0,111.0,5.5,1.0,6.0,80.0,3.5,222.0,3.0,187.0,2.5,405.0,2.0,150.0,1.5,34.0
2023-04-27 21:35:25.25,1682602525250000000,4.0,4.0,3.0,7958.0,530.0,18775.0,4.0,142.0,4.5,92.0,5.0,111.0,5.5,1.0,6.0,80.0,3.5,222.0,3.0,187.0,2.5,405.0,2.0,150.0,1.5,34.0
2023-04-27 21:35:38.25,1682602538250000000,4.0,4.0,3.0,7958.0,530.0,18775.0,4.0,142.0,4.5,92.0,5.0,131.0,5.5,1.0,6.0,80.0,3.5,242.0,3.0,187.0,2.5,405.0,2.0,150.0,1.5,34.0
2023-04-27 21:35:38.75,1682602538750000000,4.0,4.0,3.0,7958.0,530.0,18775.0,4.0,187.0,4.5,47.0,5.0,131.0,5.5,1.0,6.0,80.0,3.5,242.0,3.0,187.0,2.5,405.0,2.0,150.0,1.5,34.0
2023-04-27 21:35:55.0,1682602555000000000,4.0,4.0,3.0,7958.0,530.0,18775.0,4.0,142.0,4.5,92.0,5.0,131.0,5.5,1.0,6.0,80.0,3.5,242.0,3.0,187.0,2.5,405.0,2.0,150.0,1.5,34.0
2023-04-27 21:36:12.0,1682602572000000000,4.0,4.0,3.0,7958.0,530.0,18775.0,4.0,187.0,4.5,47.0,5.0,131.0,5.5,1.0,6.0,80.0,3.5,242.0,3.0,187.0,2.5,405.0,2.0,150.0,1.5,34.0
2023-04-27 21:36:13.75,1682602573750000000,4.0,4.0,3.0,7958.0,530.0,18775.0,4.0,187.0,4.5,47.0,5.0,131.0,5.5,1.0,6.5,1.0,3.5,242.0,3.0,187.0,2.5,405.0,2.0,150.0,1.5,34.0
2023-04-27 21:36:14.0,1682602574000000000,4.0,4.0,3.0,7958.0,530.0,18775.0,4.0,267.0,4.5,47.0,5.0,131.0,5.5,1.0,6.5,1.0,3.5,242.0,3.0,187.0,2.5,405.0,2.0,150.0,1.5,34.0
2023-04-27 21:36:30.0,1682602590000000000,4.0,4.0,3.0,7958.0,530.0,18775.0,4.0,222.0,4.5,92.0,5.0,131.0,5.5,1.0,6.5,1.0,3.5,242.0,3.0,187.0,2.5,405.0,2.0,150.0,1.5,34.0
2023-04-27 21:36:32.5,1682602592500000000,4.0,4.0,3.0,7958.0,530.0,18775.0,4.0,267.0,4.5,47.0,5.0,131.0,5.5,1.0,6.5,1.0,3.5,242.0,3.0,187.0,2.5,405.0,2.0,150.0,1.5,34.0
2023-04-27 21:37:00.0,1682602620000000000,4.0,4.0,3.0,7958.0,530.0,18775.0,4.0,267.0,4.5,27.0,5.0,151.0,5.5,1.0,6.5,1.0,3.5,242.0,3.0,187.0,2.5,405.0,2.0,150.0,1.5,34.0
2023-04-27 21:37:01.0,1682602621000000000,4.0,4.0,3.0,7958.0,530.0,18775.0,4.0,267.0,4.5,47.0,5.0,131.0,5.5,1.0,6.5,1.0,3.5,242.0,3.0,187.0,2.5,405.0,2.0,150.0,1.5,34.0
2023-04-27 21:37:02.75,1682602622750000000,4.0,4.0,3.0,7958.0,530.0,18775.0,4.0,222.0,4.5,92.0,5.0,131.0,5.5,1.0,6.5,1.0,3.5,242.0,3.0,187.0,2.5,405.0,2.0,150.0,1.5,34.0
2023-04-27 21:37:03.25,1682602623250000000,4.0,4.0,3.0,7958.0,530.0,18775.0,4.0,267.0,4.5,47.0,5.0,131.0,5.5,1.0,6.5,1.0,3.5,242.0,3.0,187.0,2.5,405.0,2.0,150.0,1.5,34.0
2023-04-27 21:37:04.25,1682602624250000000,4.0,4.0,3.0,7958.0,530.0,18775.0,4.0,222.0,4.5,92.0,5.0,131.0,5.5,1.0,6.5,1.0,3.5,242.0,3.0,187.0,2.5,405.0,2.0,150.0,1.5,34.0
2023-04-27 21:37:07.25,1682602627250000000,4.0,4.0,3.0,7958.0,530.0,18775.0,4.0,222.0,4.5,72.0,5.0,151.0,5.5,1.0,6.5,1.0,3.5,242.0,3.0,187.0,2.5,405.0,2.0,150.0,1.5,34.0
2023-04-27 21:37:12.25,1682602632250000000,4.0,4.0,3.0,7958.0,530.0,18775.0,4.0,222.0,4.5,92.0,5.0,131.0,5.5,1.0,6.5,1.0,3.5,242.0,3.0,187.0,2.5,405.0,2.0,150.0,1.5,34.0
2023-04-27 21:37:13.25,1682602633250000000,4.0,4.0,3.0,7958.0,530.0,18775.0,4.0,267.0,4.5,47.0,5.0,131.0,5.5,1.0,6.5,1.0,3.5,242.0,3.0,187.0,2.5,405.0,2.0,150.0,1.5,34.0
2023-04-27 21:37:25.0,1682602645000000000,4.0,4.0,3.0,7958.0,530.0,18775.0,4.0,267.0,4.5,47.0,5.0,131.0,5.5,2.0,6.5,1.0,3.5,242.0,3.0,187.0,2.5,405.0,2.0,150.0,1.5,34.0
2023-04-27 21:37:46.0,1682602666000000000,4.0,4.0,3.0,7958.0,530.0,18775.0,4.0,267.0,4.5,27.0,5.0,151.0,5.5,2.0,6.5,1.0,3.5,242.0,3.0,187.0,2.5,405.0,2.0,150.0,1.5,34.0
2023-04-27 21:37:48.25,1682602668250000000,4.0,4.0,3.0,7958.0,530.0,18775.0,4.0,267.0,4.5,47.0,5.0,131.0,5.5,2.0,6.5,1.0,3.5,242.0,3.0,187.0,2.5,405.0,2.0,150.0,1.5,34.0
2023-04-27 21:37:49.0,1682602669000000000,4.0,4.0,3.0,7958.0,530.0,18775.0,4.0,267.0,4.5,27.0,5.0,151.0,5.5,2.0,6.5,1.0,3.5,242.0,3.0,187.0,2.5,405.0,2.0,150.0,1.5,34.0
2023-04-27 21:37:58.75,1682602678750000000,4.0,4.0,3.0,7958.0,530.0,18775.0,4.0,222.0,4.5,72.0,5.0,151.0,5.5,2.0,6.5,1.0,3.5,242.0,3.0,187.0,2.5,405.0,2.0,150.0,1.5,34.0
2023-04-27 21:38:00.25,1682602680250000000,4.0,4.0,3.0,7958.0,530.0,18775.0,4.0,222.0,4.5,92.0,5.0,131.0,5.5,2.0,6.5,1.0,3.5,242.0,3.0,187.0,2.5,405.0,2.0,150.0,1.5,34.0
2023-04-27 21:38:00.5,1682602680500000000,4.0,4.0,3.0,7958.0,530.0,18775.0,4.0,222.0,4.5,72.0,5.0,151.0,5.5,2.0,6.5,1.0,3.5,242.0,3.0,187.0,2.5,405.0,2.0,150.0,1.5,34.0
2023-04-27 21:38:01.25,1682602681250000000,4.0,4.0,3.0,7958.0,530.0,18775.0,4.0,267.0,4.5,27.0,5.0,151.0,5.5,2.0,6.5,1.0,3.5,242.0,3.0,187.0,2.5,405.0,2.0,150.0,1.5,34.0
2023-04-27 21:38:02.25,1682602682250000000,4.0,4.0,3.0,7958.0,530.0,18775.0,4.0,267.0,4.5,47.0,5.0,131.0,5.5,2.0,6.5,1.0,3.5,242.0,3.0,187.0,2.5,405.0,2.0,150.0,1.5,34.0
2023-04-27 21:38:03.0,1682602683000000000,4.0,4.0,3.0,7958.0,530.0,18775.0,4.0,257.0,4.5,47.0,5.0,131.0,5.5,2.0,6.5,1.0,3.5,232.0,3.0,187.0,2.5,405.0,2.0,150.0,1.5,34.0
2023-04-27 21:38:05.75,1682602685750000000,4.0,4.0,3.0,7958.0,530.0,18775.0,4.0,257.0,4.5,27.0,5.0,151.0,5.5,2.0,6.5,1.0,3.5,232.0,3.0,187.0,2.5,405.0,2.0,150.0,1.5,34.0
2023-04-27 21:38:09.0,1682602689000000000,4.0,4.0,3.0,7958.0,530.0,18775.0,4.0,257.0,4.5,47.0,5.0,131.0,5.5,2.0,6.5,1.0,3.5,232.0,3.0,187.0,2.5,405.0,2.0,150.0,1.5,34.0
2023-04-27 21:38:09.25,1682602689250000000,4.0,4.0,3.0,7958.0,530.0,18775.0,4.0,257.0,4.5,27.0,5.0,151.0,5.5,2.0,6.5,1.0,3.5,232.0,3.0,187.0,2.5,405.0,2.0,150.0,1.5,34.0
2023-04-27 21:38:09.5,1682602689500000000,4.0,4.0,3.0,7958.0,530.0,18775.0,4.0,257.0,4.5,47.0,5.0,131.0,5.5,2.0,6.5,1.0,3.5,232.0,3.0,187.0,2.5,405.0,2.0,150.0,1.5,34.0
2023-04-27 21:38:10.25,1682602690250000000,4.0,4.0,3.0,7958.0,530.0,18775.0,4.0,257.0,4.5,27.0,5.0,151.0,5.5,2.0,6.5,1.0,3.5,232.0,3.0,187.0,2.5,405.0,2.0,150.0,1.5,34.0
2023-04-27 21:38:10.5,1682602690500000000,4.0,4.0,3.0,7958.0,530.0,18775.0,4.0,257.0,4.5,47.0,5.0,131.0,5.5,2.0,6.5,1.0,3.5,232.0,3.0,187.0,2.5,405.0,2.0,150.0,1.5,34.0
2023-04-27 21:38:13.5,1682602693500000000,4.0,4.0,3.0,7958.0,530.0,18775.0,4.0,257.0,4.5,27.0,5.0,151.0,5.5,2.0,6.5,1.0,3.5,232.0,3.0,187.0,2.5,405.0,2.0,150.0,1.5,34.0
2023-04-27 21:38:15.0,1682602695000000000,4.0,4.0,3.0,7958.0,530.0,18775.0,4.0,257.0,4.5,47.0,5.0,131.0,5.5,2.0,6.5,1.0,3.5,232.0,3.0,187.0,2.5,405.0,2.0,150.0,1.5,34.0
2023-04-27 21:38:15.75,1682602695750000000,4.0,4.0,3.0,7958.0,530.0,18775.0,4.0,257.0,4.5,27.0,5.0,151.0,5.5,2.0,6.5,1.0,3.5,232.0,3.0,187.0,2.5,405.0,2.0,150.0,1.5,34.0
2023-04-27 21:38:16.0,1682602696000000000,4.0,4.0,3.0,7958.0,530.0,18775.0,4.0,257.0,4.5,47.0,5.0,131.0,5.5,2.0,6.5,1.0,3.5,232.0,3.0,187.0,2.5,405.0,2.0,150.0,1.5,34.0
2023-04-27 21:38:16.75,1682602696750000000,4.0,4.0,3.0,7958.0,530.0,18775.0,4.0,257.0,4.5,27.0,5.0,151.0,5.5,2.0,6.5,1.0,3.5,232.0,3.0,187.0,2.5,405.0,2.0,150.0,1.5,34.0
2023-04-27 21:38:18.0,1682602698000000000,4.0,4.0,3.0,7958.0,530.0,18775.0,4.0,257.0,4.5,47.0,5.0,131.0,5.5,2.0,6.5,1.0,3.5,232.0,3.0,187.0,2.5,405.0,2.0,150.0,1.5,34.0
2023-04-27 21:38:18.75,1682602698750000000,4.0,4.0,3.0,7958.0,530.0,18775.0,4.0,257.0,4.5,27.0,5.0,151.0,5.5,2.0,6.5,1.0,3.5,232.0,3.0,187.0,2.5,405.0,2.0,150.0,1.5,34.0
2023-04-27 21:38:19.25,1682602699250000000,4.0,4.0,3.0,7958.0,530.0,18775.0,4.0,257.0,4.5,47.0,5.0,131.0,5.5,2.0,6.5,1.0,3.5,232.0,3.0,187.0,2.5,405.0,2.0,150.0,1.5,34.0
2023-04-27 21:38:19.5,1682602699500000000,4.0,4.0,3.0,7958.0,530.0,18775.0,4.0,267.0,4.5,47.0,5.0,131.0,5.5,2.0,6.5,1.0,3.5,242.0,3.0,187.0,2.5,405.0,2.0,150.0,1.5,34.0
2023-04-27 21:38:20.0,1682602700000000000,4.0,4.0,3.0,7958.0,530.0,18775.0,4.0,267.0,4.5,27.0,5.0,151.0,5.5,2.0,6.5,1.0,3.5,242.0,3.0,187.0,2.5,425.0,2.0,130.0,1.5,34.0
2023-04-27 21:38:25.75,1682602705750000000,4.0,4.0,3.0,7958.0,530.0,18775.0,4.0,222.0,4.5,72.0,5.0,151.0,5.5,2.0,6.5,1.0,3.5,242.0,3.0,187.0,2.5,425.0,2.0,130.0,1.5,34.0
2023-04-27 21:38:27.75,1682602707750000000,4.0,4.0,3.0,7958.0,530.0,18775.0,4.0,267.0,4.5,27.0,5.0,151.0,5.5,2.0,6.5,1.0,3.5,242.0,3.0,187.0,2.5,425.0,2.0,130.0,1.5,34.0
2023-04-27 21:38:42.25,1682602722250000000,4.0,4.0,3.0,7958.0,530.0,18775.0,4.0,267.0,4.5,47.0,5.0,131.0,5.5,2.0,6.5,1.0,3.5,242.0,3.0,187.0,2.5,405.0,2.0,150.0,1.5,34.0
2023-04-27 21:38:46.25,1682602726250000000,4.0,4.0,3.0,7958.0,530.0,18775.0,4.0,267.0,4.5,27.0,5.0,151.0,5.5,2.0,6.5,1.0,3.5,242.0,3.0,187.0,2.5,405.0,2.0,150.0,1.5,34.0
2023-04-27 21:38:46.5,1682602726500000000,4.0,4.0,3.0,7958.0,530.0,18775.0,4.0,267.0,4.5,47.0,5.0,131.0,5.5,2.0,6.5,1.0,3.5,242.0,3.0,187.0,2.5,405.0,2.0,150.0,1.5,34.0
2023-04-27 21:38:46.75,1682602726750000000,4.0,4.0,3.0,7958.0,530.0,18775.0,4.0,267.0,4.5,27.0,5.0,151.0,5.5,2.0,6.5,1.0,3.5,242.0,3.0,187.0,2.5,405.0,2.0,150.0,1.5,34.0
2023-04-27 21:38:48.75,1682602728750000000,4.0,4.0,3.0,7958.0,530.0,18775.0,4.0,267.0,4.5,47.0,5.0,131.0,5.5,2.0,6.5,1.0,3.5,242.0,3.0,187.0,2.5,405.0,2.0,150.0,1.5,34.0
2023-04-27 21:39:06.5,1682602746500000000,4.0,4.0,3.0,7959.0,531.0,18815.0,4.0,266.0,4.5,47.0,5.0,131.0,5.5,2.0,6.5,1.0,3.5,242.0,3.0,187.0,2.5,405.0,2.0,150.0,1.5,34.0
2023-04-27 21:39:06.75,1682602746750000000,4.0,4.0,3.0,7959.0,531.0,18815.0,4.0,289.0,4.5,47.0,5.0,131.0,5.5,2.0,6.5,1.0,3.5,242.0,3.0,187.0,2.5,405.0,2.0,150.0,1.5,34.0
2023-04-27 21:39:08.75,1682602748750000000,4.0,4.0,3.0,7959.0,531.0,18815.0,4.0,289.0,4.5,27.0,5.0,151.0,5.5,2.0,6.5,1.0,3.5,242.0,3.0,187.0,2.5,405.0,2.0,150.0,1.5,34.0
2023-04-27 21:39:10.75,1682602750750000000,4.0,4.0,3.0,7959.0,531.0,18815.0,4.0,289.0,4.5,47.0,5.0,131.0,5.5,2.0,6.5,1.0,3.5,242.0,3.0,187.0,2.5,405.0,2.0,150.0,1.5,34.0
2023-04-27 21:39:19.0,1682602759000000000,4.0,4.0,3.0,7959.0,531.0,18815.0,4.0,289.0,4.5,27.0,5.0,151.0,5.5,2.0,6.5,1.0,3.5,242.0,3.0,187.0,2.5,405.0,2.0,150.0,1.5,34.0
2023-04-27 21:39:19.75,1682602759750000000,4.0,4.0,3.0,7959.0,531.0,18815.0,4.0,289.0,4.5,47.0,5.0,131.0,5.5,2.0,6.5,1.0,3.5,242.0,3.0,187.0,2.5,405.0,2.0,150.0,1.5,34.0
2023-04-27 21:39:20.5,1682602760500000000,4.0,4.0,3.0,7959.0,531.0,18815.0,4.0,289.0,4.5,27.0,5.0,151.0,5.5,2.0,6.5,1.0,3.5,242.0,3.0,187.0,2.5,405.0,2.0,150.0,1.5,34.0
2023-04-27 21:39:21.0,1682602761000000000,4.0,4.0,3.0,7959.0,531.0,18815.0,4.0,289.0,4.5,47.0,5.0,131.0,5.5,2.0,6.5,1.0,3.5,242.0,3.0,187.0,2.5,405.0,2.0,150.0,1.5,34.0
2023-04-27 21:39:22.75,1682602762750000000,4.0,4.0,3.0,7959.0,531.0,18815.0,4.0,289.0,4.5,47.0,5.0,131.0,5.5,2.0,6.5,1.0,3.5,252.0,3.0,187.0,2.5,405.0,2.0,150.0,1.5,34.0
2023-04-27 21:39:23.25,1682602763250000000,4.0,4.0,3.0,7959.0,531.0,18815.0,4.0,289.0,4.5,27.0,5.0,151.0,5.5,2.0,6.5,1.0,3.5,252.0,3.0,187.0,2.5,405.0,2.0,150.0,1.5,34.0
2023-04-27 21:39:23.75,1682602763750000000,4.0,4.0,3.0,7959.0,531.0,18815.0,4.0,289.0,4.5,47.0,5.0,131.0,5.5,2.0,6.5,1.0,3.5,252.0,3.0,187.0,2.5,405.0,2.0,150.0,1.5,34.0
2023-04-27 21:39:25.75,1682602765750000000,4.0,4.0,3.0,7959.0,531.0,18815.0,4.0,289.0,4.5,27.0,5.0,151.0,5.5,2.0,6.5,1.0,3.5,252.0,3.0,187.0,2.5,405.0,2.0,150.0,1.5,34.0
2023-04-27 21:39:26.75,1682602766750000000,4.0,4.0,3.0,7959.0,531.0,18815.0,4.0,289.0,4.5,47.0,5.0,131.0,5.5,2.0,6.5,1.0,3.5,252.0,3.0,187.0,2.5,405.0,2.0,150.0,1.5,34.0
2023-04-27 21:39:28.25,1682602768250000000,4.0,4.0,3.0,7959.0,531.0,18815.0,4.0,289.0,4.5,27.0,5.0,151.0,5.5,2.0,6.5,1.0,3.5,252.0,3.0,187.0,2.5,405.0,2.0,150.0,1.5,34.0
2023-04-27 21:39:28.5,1682602768500000000,4.0,4.0,3.0,7959.0,531.0,18815.0,4.0,289.0,4.5,47.0,5.0,131.0,5.5,2.0,6.5,1.0,3.5,252.0,3.0,187.0,2.5,405.0,2.0,150.0,1.5,34.0
2023-04-27 21:39:29.25,1682602769250000000,4.0,4.0,3.0,7959.0,531.0,18815.0,4.0,289.0,4.5,27.0,5.0,151.0,5.5,2.0,6.5,1.0,3.5,252.0,3.0,187.0,2.5,405.0,2.0,150.0,1.5,34.0
2023-04-27 21:39:46.0,1682602786000000000,4.0,4.0,3.0,7959.0,531.0,18815.0,4.0,289.0,4.5,47.0,5.0,131.0,5.5,2.0,6.5,1.0,3.5,252.0,3.0,187.0,2.5,405.0,2.0,150.0,1.5,34.0
2023-04-27 21:39:50.5,1682602790500000000,4.0,4.0,3.0,7959.0,531.0,18815.0,4.0,289.0,4.5,27.0,5.0,151.0,5.5,2.0,6.5,1.0,3.5,252.0,3.0,187.0,2.5,405.0,2.0,150.0,1.5,34.0
2023-04-27 21:39:51.75,1682602791750000000,4.0,4.0,3.0,7959.0,531.0,18815.0,4.0,289.0,4.5,27.0,5.0,151.0,5.5,2.0,6.5,1.0,3.5,252.0,3.0,187.0,2.5,405.0,2.0,160.0,1.5,34.0
2023-04-27 21:39:53.75,1682602793750000000,4.0,4.0,3.0,7959.0,531.0,18815.0,4.0,289.0,4.5,47.0,5.0,131.0,5.5,2.0,6.5,1.0,3.5,252.0,3.0,187.0,2.5,405.0,2.0,160.0,1.5,34.0
2023-04-27 21:39:59.5,1682602799500000000,4.0,4.0,3.0,7959.0,531.0,18815.0,4.0,289.0,4.5,27.0,5.0,151.0,5.5,2.0,6.5,1.0,3.5,252.0,3.0,187.0,2.5,405.0,2.0,160.0,1.5,34.0
2023-04-27 21:40:00.25,1682602800250000000,4.0,4.0,3.0,7959.0,531.0,18815.0,4.0,289.0,4.5,47.0,5.0,131.0,5.5,2.0,6.5,1.0,3.5,252.0,3.0,187.0,2.5,405.0,2.0,160.0,1.5,34.0
2023-04-27 21:40:20.25,1682602820250000000,4.0,4.0,3.0,7959.0,537.0,19055.0,4.0,237.0,4.5,47.0,5.0,131.0,5.5,2.0,6.5,1.0,3.5,201.0,3.0,187.0,2.5,405.0,2.0,160.0,1.5,34.0
2023-04-27 21:40:21.0,1682602821000000000,4.0,4.0,3.0,7959.0,537.0,19055.0,4.0,239.0,4.5,47.0,5.0,131.0,5.5,2.0,6.5,1.0,3.5,201.0,3.0,187.0,2.5,405.0,2.0,160.0,1.5,34.0
2023-04-27 21:40:21.5,1682602821500000000,4.0,4.0,3.0,7958.0,538.0,19095.0,4.0,238.0,4.5,47.0,5.0,131.0,5.5,2.0,6.5,1.0,3.5,201.0,3.0,187.0,2.5,405.0,2.0,160.0,1.5,34.0
2023-04-27 21:40:22.5,1682602822500000000,4.0,4.0,3.0,7958.0,538.0,19095.0,4.0,239.0,4.5,47.0,5.0,131.0,5.5,2.0,6.5,1.0,3.5,202.0,3.0,187.0,2.5,405.0,2.0,160.0,1.5,34.0
2023-04-27 21:40:22.75,1682602822750000000,4.0,4.0,3.0,7958.0,538.0,19095.0,4.0,239.0,4.5,27.0,5.0,151.0,5.5,2.0,6.5,1.0,3.5,202.0,3.0,187.0,2.5,405.0,2.0,160.0,1.5,34.0
2023-04-27 21:40:25.25,1682602825250000000,4.0,4.0,3.0,7958.0,538.0,19095.0,4.0,289.0,4.5,27.0,5.0,151.0,5.5,2.0,6.5,1.0,3.5,252.0,3.0,187.0,2.5,405.0,2.0,160.0,1.5,34.0
2023-04-27 21:40:25.75,1682602825750000000,4.0,4.0,3.0,7958.0,538.0,19095.0,4.0,289.0,4.5,27.0,5.0,151.0,5.5,2.0,6.5,1.0,3.5,261.0,3.0,187.0,2.5,405.0,2.0,160.0,1.5,34.0
2023-04-27 21:40:31.5,1682602831500000000,4.0,4.0,3.0,7958.0,538.0,19095.0,4.0,289.0,4.5,47.0,5.0,131.0,5.5,2.0,6.5,1.0,3.5,261.0,3.0,187.0,2.5,405.0,2.0,160.0,1.5,34.0
2023-04-27 21:40:33.5,1682602833500000000,4.0,4.0,3.0,7958.0,538.0,19095.0,4.0,289.0,4.5,27.0,5.0,151.0,5.5,2.0,6.5,1.0,3.5,261.0,3.0,190.0,2.5,425.0,2.0,140.0,1.5,34.0
2023-04-27 21:40:37.25,1682602837250000000,4.0,4.0,3.0,7958.0,538.0,19095.0,4.0,244.0,4.5,72.0,5.0,151.0,5.5,2.0,6.5,1.0,3.5,261.0,3.0,190.0,2.5,425.0,2.0,140.0,1.5,34.0
2023-04-27 21:40:39.25,1682602839250000000,4.0,4.0,3.0,7958.0,538.0,19095.0,4.0,289.0,4.5,27.0,5.0,151.0,5.5,2.0,6.5,1.0,3.5,261.0,3.0,190.0,2.5,425.0,2.0,140.0,1.5,34.0
2023-04-27 21:40:39.75,1682602839750000000,4.0,4.0,3.0,7958.0,538.0,19095.0,4.0,244.0,4.5,72.0,5.0,151.0,5.5,2.0,6.5,1.0,3.5,261.0,3.0,190.0,2.5,425.0,2.0,140.0,1.5,34.0
2023-04-27 21:40:55.75,1682602855750000000,4.0,4.0,3.0,7958.0,538.0,19095.0,4.0,289.0,4.5,27.0,5.0,151.0,5.5,2.0,6.5,1.0,3.5,261.0,3.0,190.0,2.5,425.0,2.0,140.0,1.5,34.0
2023-04-27 21:40:56.25,1682602856250000000,4.0,4.0,3.0,7958.0,538.0,19095.0,4.0,244.0,4.5,72.0,5.0,151.0,5.5,2.0,6.5,1.0,3.5,261.0,3.0,190.0,2.5,425.0,2.0,140.0,1.5,34.0
2023-04-27 21:40:57.75,1682602857750000000,4.0,4.0,3.0,7958.0,538.0,19095.0,4.0,289.0,4.5,27.0,5.0,151.0,5.5,2.0,6.5,1.0,3.5,261.0,3.0,190.0,2.5,425.0,2.0,140.0,1.5,34.0
2023-04-27 21:41:02.0,1682602862000000000,4.0,4.0,3.0,7958.0,538.0,19095.0,4.0,244.0,4.5,72.0,5.0,151.0,5.5,2.0,6.5,1.0,3.5,261.0,3.0,190.0,2.5,425.0,2.0,140.0,1.5,34.0
2023-04-27 21:41:03.5,1682602863500000000,4.0,4.0,3.0,7958.0,538.0,19095.0,4.0,289.0,4.5,27.0,5.0,151.0,5.5,2.0,6.5,1.0,3.5,261.0,3.0,190.0,2.5,425.0,2.0,140.0,1.5,34.0
2023-04-27 21:41:06.25,1682602866250000000,4.0,4.0,3.0,7958.0,538.0,19095.0,4.0,289.0,4.5,47.0,5.0,131.0,5.5,2.0,6.5,1.0,3.5,261.0,3.0,190.0,2.5,405.0,2.0,160.0,1.5,34.0
2023-04-27 21:41:06.5,1682602866500000000,4.0,4.0,3.0,7958.0,538.0,19095.0,4.0,289.0,4.5,27.0,5.0,151.0,5.5,2.0,6.5,1.0,3.5,261.0,3.0,190.0,2.5,405.0,2.0,160.0,1.5,34.0
2023-04-27 21:41:07.5,1682602867500000000,4.0,4.0,3.0,7958.0,538.0,19095.0,4.0,244.0,4.5,72.0,5.0,151.0,5.5,2.0,6.5,1.0,3.5,261.0,3.0,190.0,2.5,405.0,2.0,160.0,1.5,34.0
2023-04-27 21:41:08.0,1682602868000000000,4.0,4.0,3.0,7958.0,538.0,19095.0,4.0,244.0,4.5,72.0,5.0,171.0,5.5,2.0,6.5,1.0,3.5,261.0,3.0,190.0,2.5,405.0,2.0,180.0,1.5,34.0
2023-04-27 21:41:08.25,1682602868250000000,4.0,4.0,3.0,7958.0,538.0,19095.0,4.0,244.0,4.5,112.0,5.0,131.0,5.5,2.0,6.5,1.0,3.5,261.0,3.0,210.0,2.5,405.0,2.0,160.0,1.5,34.0
2023-04-27 21:41:15.5,1682602875500000000,4.0,4.0,3.0,7958.0,538.0,19095.0,4.0,244.0,4.5,72.0,5.0,171.0,5.5,2.0,6.5,1.0,3.5,261.0,3.0,210.0,2.5,405.0,2.0,160.0,1.5,34.0
2023-04-27 21:41:15.75,1682602875750000000,4.0,4.0,3.0,7958.0,538.0,19095.0,4.0,244.0,4.5,92.0,5.0,151.0,5.5,2.0,6.5,1.0,3.5,261.0,3.0,210.0,2.5,405.0,2.0,160.0,1.5,34.0
2023-04-27 21:41:30.25,1682602890250000000,4.0,4.0,3.0,7958.0,538.0,19095.0,4.0,289.0,4.5,47.0,5.0,151.0,5.5,2.0,6.5,1.0,3.5,261.0,3.0,210.0,2.5,405.0,2.0,160.0,1.5,34.0
2023-04-27 21:41:31.0,1682602891000000000,4.0,4.0,3.0,7958.0,538.0,19095.0,4.0,244.0,4.5,92.0,5.0,151.0,5.5,2.0,6.5,1.0,3.5,261.0,3.0,210.0,2.5,405.0,2.0,160.0,1.5,34.0
2023-04-27 21:41:31.75,1682602891750000000,4.0,4.0,3.0,7958.0,538.0,19095.0,4.0,289.0,4.5,47.0,5.0,151.0,5.5,2.0,6.5,1.0,3.5,261.0,3.0,210.0,2.5,405.0,2.0,160.0,1.5,34.0
2023-04-27 21:41:34.5,1682602894500000000,4.0,4.0,3.0,7958.0,538.0,19095.0,4.0,299.0,4.5,47.0,5.0,151.0,5.5,2.0,6.5,1.0,3.5,271.0,3.0,210.0,2.5,405.0,2.0,160.0,1.5,34.0
2023-04-27 21:41:42.75,1682602902750000000,4.0,4.0,3.0,7958.0,538.0,19095.0,4.0,299.0,4.5,27.0,5.0,171.0,5.5,2.0,6.5,1.0,3.5,271.0,3.0,210.0,2.5,405.0,2.0,160.0,1.5,34.0
2023-04-27 21:41:43.25,1682602903250000000,4.0,4.0,3.0,7958.0,538.0,19095.0,4.0,299.0,4.5,47.0,5.0,151.0,5.5,2.0,6.5,1.0,3.5,271.0,3.0,210.0,2.5,405.0,2.0,160.0,1.5,34.0
2023-04-27 21:41:44.25,1682602904250000000,4.0,4.0,3.0,7958.0,538.0,19095.0,4.0,299.0,4.5,27.0,5.0,171.0,5.5,2.0,6.5,1.0,3.5,271.0,3.0,210.0,2.5,405.0,2.0,160.0,1.5,34.0
2023-04-27 21:41:47.5,1682602907500000000,4.0,4.0,3.0,7958.0,538.0,19095.0,4.0,254.0,4.5,72.0,5.0,171.0,5.5,2.0,6.5,1.0,3.5,271.0,3.0,210.0,2.5,405.0,2.0,160.0,1.5,34.0
2023-04-27 21:41:48.25,1682602908250000000,4.0,4.0,3.0,7958.0,538.0,19095.0,4.0,254.0,4.5,92.0,5.0,151.0,5.5,2.0,6.5,1.0,3.5,271.0,3.0,210.0,2.5,405.0,2.0,160.0,1.5,34.0
2023-04-27 21:41:49.0,1682602909000000000,4.0,4.0,3.0,7958.0,538.0,19095.0,4.0,254.0,4.5,72.0,5.0,171.0,5.5,2.0,6.5,1.0,3.5,271.0,3.0,210.0,2.5,405.0,2.0,160.0,1.5,34.0
2023-04-27 21:41:49.25,1682602909250000000,4.0,4.0,3.0,7958.0,538.0,19095.0,4.0,254.0,4.5,92.0,5.0,151.0,5.5,2.0,6.5,1.0,3.5,271.0,3.0,210.0,2.5,405.0,2.0,160.0,1.5,34.0
2023-04-27 21:41:49.75,1682602909750000000,4.0,4.0,3.0,7958.0,538.0,19095.0,4.0,254.0,4.5,72.0,5.0,171.0,5.5,2.0,6.5,1.0,3.5,271.0,3.0,210.0,2.5,405.0,2.0,160.0,1.5,34.0
2023-04-27 21:41:52.25,1682602912250000000,4.0,4.0,3.0,7958.0,538.0,19095.0,4.0,254.0,4.5,92.0,5.0,151.0,5.5,2.0,6.5,1.0,3.5,271.0,3.0,210.0,2.5,405.0,2.0,160.0,1.5,34.0
2023-04-27 21:41:55.0,1682602915000000000,4.0,4.0,3.0,7958.0,538.0,19095.0,4.0,254.0,4.5,92.0,5.0,151.0,5.5,2.0,6.5,1.0,3.5,231.0,3.0,255.0,2.5,405.0,2.0,160.0,1.5,34.0
2023-04-27 21:41:56.5,1682602916500000000,4.0,4.0,3.0,7958.0,538.0,19095.0,4.0,299.0,4.5,27.0,5.0,171.0,5.5,2.0,6.5,1.0,3.5,231.0,3.0,255.0,2.5,405.0,2.0,160.0,1.5,34.0
2023-04-27 21:41:57.5,1682602917500000000,4.0,4.0,3.0,7958.0,538.0,19095.0,4.0,254.0,4.5,72.0,5.0,171.0,5.5,2.0,6.5,1.0,3.5,231.0,3.0,255.0,2.5,405.0,2.0,160.0,1.5,34.0
2023-04-27 21:41:58.5,1682602918500000000,4.0,4.0,3.0,7958.0,538.0,19095.0,4.0,254.0,4.5,92.0,5.0,151.0,5.5,2.0,6.5,1.0,3.5,231.0,3.0,255.0,2.5,405.0,2.0,160.0,1.5,34.0
2023-04-27 21:42:03.25,1682602923250000000,4.0,4.0,3.0,7958.0,538.0,19095.0,4.0,299.0,4.5,47.0,5.0,151.0,5.5,2.0,6.5,1.0,3.5,231.0,3.0,255.0,2.5,405.0,2.0,160.0,1.5,34.0
2023-04-27 21:42:06.25,1682602926250000000,4.0,4.0,3.0,7958.0,538.0,19095.0,4.0,254.0,4.5,92.0,5.0,151.0,5.5,2.0,6.5,1.0,3.5,231.0,3.0,255.0,2.5,405.0,2.0,160.0,1.5,34.0
2023-04-27 21:42:08.75,1682602928750000000,4.0,4.0,3.0,7958.0,538.0,19095.0,4.0,299.0,4.5,47.0,5.0,151.0,5.5,2.0,6.5,1.0,3.5,231.0,3.0,255.0,2.5,405.0,2.0,160.0,1.5,34.0
2023-04-27 21:42:21.0,1682602941000000000,4.0,4.0,3.0,7958.0,538.0,19095.0,4.0,299.0,4.5,27.0,5.0,171.0,5.5,2.0,6.5,1.0,3.5,231.0,3.0,255.0,2.5,405.0,2.0,160.0,1.5,34.0
2023-04-27 21:42:21.75,1682602941750000000,4.0,4.0,3.0,7958.0,538.0,19095.0,4.0,299.0,4.5,47.0,5.0,151.0,5.5,2.0,6.5,1.0,3.5,231.0,3.0,255.0,2.5,405.0,2.0,160.0,1.5,34.0
2023-04-27 21:42:22.0,1682602942000000000,4.0,4.0,3.0,7958.0,538.0,19095.0,4.0,299.0,4.5,27.0,5.0,171.0,5.5,2.0,6.5,1.0,3.5,231.0,3.0,255.0,2.5,405.0,2.0,160.0,1.5,34.0
2023-04-27 21:42:24.0,1682602944000000000,4.0,4.0,3.0,7958.0,538.0,19095.0,4.0,299.0,4.5,47.0,5.0,151.0,5.5,2.0,6.5,1.0,3.5,231.0,3.0,255.0,2.5,405.0,2.0,160.0,1.5,34.0
2023-04-27 21:42:24.5,1682602944500000000,4.0,4.0,3.0,7958.0,538.0,19095.0,4.0,299.0,4.5,27.0,5.0,171.0,5.5,2.0,6.5,1.0,3.5,231.0,3.0,255.0,2.5,405.0,2.0,160.0,1.5,34.0
2023-04-27 21:42:25.0,1682602945000000000,4.0,4.0,3.0,7958.0,538.0,19095.0,4.0,299.0,4.5,47.0,5.0,151.0,5.5,2.0,6.5,1.0,3.5,231.0,3.0,255.0,2.5,405.0,2.0,160.0,1.5,34.0
2023-04-27 21:42:32.0,1682602952000000000,4.0,4.0,3.0,7958.0,538.0,19095.0,4.0,254.0,4.5,92.0,5.0,151.0,5.5,2.0,6.5,1.0,3.5,231.0,3.0,255.0,2.5,405.0,2.0,160.0,1.5,34.0
2023-04-27 21:42:50.0,1682602970000000000,4.0,4.0,3.0,7958.0,538.0,19095.0,4.0,254.0,4.5,72.0,5.0,171.0,5.5,2.0,6.5,1.0,3.5,231.0,3.0,255.0,2.5,405.0,2.0,160.0,1.5,34.0
2023-04-27 21:42:50.25,1682602970250000000,4.0,4.0,3.0,7958.0,538.0,19095.0,4.0,254.0,4.5,92.0,5.0,151.0,5.5,2.0,6.5,1.0,3.5,231.0,3.0,255.0,2.5,405.0,2.0,160.0,1.5,34.0
2023-04-27 21:43:06.0,1682602986000000000,4.0,4.0,3.0,7958.0,538.0,19095.0,4.0,254.0,4.5,92.0,5.0,131.0,5.5,2.0,6.5,1.0,3.5,211.0,3.0,255.0,2.5,405.0,2.0,160.0,1.5,34.0
2023-04-27 21:43:06.5,1682602986500000000,4.0,4.0,3.0,7958.0,538.0,19095.0,4.0,299.0,4.5,47.0,5.0,131.0,5.5,2.0,6.5,1.0,3.5,211.0,3.0,255.0,2.5,405.0,2.0,160.0,1.5,34.0
2023-04-27 21:43:08.25,1682602988250000000,4.0,4.0,3.0,7958.0,538.0,19095.0,4.0,299.0,4.5,27.0,5.0,151.0,5.5,2.0,6.5,1.0,3.5,211.0,3.0,255.0,2.5,405.0,2.0,160.0,1.5,34.0
2023-04-27 21:43:08.5,1682602988500000000,4.0,4.0,3.0,7958.0,538.0,19095.0,4.0,299.0,4.5,47.0,5.0,131.0,5.5,2.0,6.5,1.0,3.5,211.0,3.0,255.0,2.5,405.0,2.0,160.0,1.5,34.0
2023-04-27 21:43:08.75,1682602988750000000,4.0,4.0,3.0,7958.0,538.0,19095.0,4.0,254.0,4.5,72.0,5.0,151.0,5.5,2.0,6.5,1.0,3.5,211.0,3.0,255.0,2.5,405.0,2.0,160.0,1.5,34.0
2023-04-27 21:43:09.0,1682602989000000000,4.0,4.0,3.0,7958.0,538.0,19095.0,4.0,254.0,4.5,92.0,5.0,131.0,5.5,2.0,6.5,1.0,3.5,211.0,3.0,255.0,2.5,405.0,2.0,160.0,1.5,34.0
2023-04-27 21:43:09.5,1682602989500000000,4.0,4.0,3.0,7958.0,538.0,19095.0,4.0,254.0,4.5,72.0,5.0,151.0,5.5,2.0,6.5,1.0,3.5,211.0,3.0,255.0,2.5,405.0,2.0,160.0,1.5,34.0
2023-04-27 21:43:11.25,1682602991250000000,4.0,4.0,3.0,7958.0,538.0,19095.0,4.0,254.0,4.5,92.0,5.0,131.0,5.5,2.0,6.5,1.0,3.5,211.0,3.0,255.0,2.5,405.0,2.0,160.0,1.5,34.0
2023-04-27 21:43:22.75,1682603002750000000,4.0,4.0,3.0,7958.0,538.0,19095.0,4.0,254.0,4.5,92.0,5.0,151.0,5.5,2.0,6.5,1.0,3.5,231.0,3.0,255.0,2.5,405.0,2.0,160.0,1.5,34.0
2023-04-27 21:43:37.0,1682603017000000000,4.0,4.0,3.0,7958.0,538.0,19095.0,4.0,236.0,4.5,92.0,5.0,151.0,5.5,2.0,6.5,1.0,3.5,213.0,3.0,255.0,2.5,405.0,2.0,160.0,1.5,34.0
2023-04-27 21:43:38.5,1682603018500000000,4.0,4.0,3.0,7958.0,538.0,19095.0,4.0,213.0,4.5,92.0,5.0,151.0,5.5,2.0,6.5,1.0,3.5,213.0,3.0,255.0,2.5,405.0,2.0,160.0,1.5,34.0
2023-04-27 21:43:39.0,1682603019000000000,4.0,4.0,3.0,7958.0,548.0,19495.0,4.0,203.0,4.5,110.0,5.0,151.0,5.5,2.0,6.5,1.0,3.5,213.0,3.0,255.0,2.5,423.0,2.0,160.0,1.5,34.0
2023-04-27 21:43:45.0,1682603025000000000,4.0,4.0,3.0,7958.0,558.0,19895.0,4.0,193.0,4.5,110.0,5.0,151.0,5.5,2.0,6.5,1.0,3.5,213.0,3.0,255.0,2.5,405.0,2.0,160.0,1.5,52.0
2023-04-27 21:43:47.0,1682603027000000000,4.0,4.0,3.0,7958.0,558.0,19895.0,4.0,193.0,4.5,90.0,5.0,171.0,5.5,2.0,6.5,1.0,3.5,213.0,3.0,255.0,2.5,405.0,2.0,160.0,1.5,52.0
2023-04-27 21:43:47.5,1682603027500000000,4.0,4.0,3.0,7958.0,558.0,19895.0,4.0,193.0,4.5,90.0,5.0,151.0,5.5,2.0,6.5,1.0,3.5,193.0,3.0,255.0,2.5,405.0,2.0,160.0,1.5,52.0
