datetime,datetime_nano,highest,last_price,lowest,open_interest,volume,amount,ask_price1,ask_volume1,ask_price2,ask_volume2,ask_price3,ask_volume3,ask_price4,ask_volume4,ask_price5,ask_volume5,bid_price1,bid_volume1,bid_price2,bid_volume2,bid_price3,bid_volume3,bid_price4,bid_volume4,bid_price5,bid_volume5
2023-04-27 20:55:50.5,1682600150500000000,,,,19264.0,0.0,0.0,,0.0,,0.0,,0.0,,0.0,,0.0,,0.0,,0.0,,0.0,,0.0,,0.0
2023-04-27 20:59:00.0,1682600340000000000,,,,19264.0,0.0,0.0,2.5,300.0,3.0,15.0,3.5,3.0,4.5,3.0,5.0,3.0,2.0,212.0,1.5,1461.0,1.0,260.0,0.5,1520.0,,0.0
2023-04-27 21:00:01.25,1682600401250000000,,,,19264.0,0.0,0.0,2.5,300.0,3.0,15.0,3.5,3.0,4.5,3.0,5.0,19.0,2.0,212.0,1.5,1461.0,1.0,276.0,0.5,1520.0,,0.0
2023-04-27 21:00:05.0,1682600405000000000,,,,19264.0,0.0,0.0,2.5,300.0,3.0,15.0,3.5,3.0,4.5,3.0,5.0,20.0,2.0,212.0,1.5,1461.0,1.0,276.0,0.5,1520.0,,0.0
2023-04-27 21:00:06.0,1682600406000000000,,,,19264.0,0.0,0.0,2.5,300.0,3.0,15.0,3.5,3.0,4.5,3.0,5.0,24.0,2.0,212.0,1.5,1481.0,1.0,276.0,0.5,1520.0,,0.0
2023-04-27 21:00:06.25,1682600406250000000,,,,19264.0,0.0,0.0,2.5,300.0,3.0,15.0,3.5,3.0,4.5,3.0,5.0,25.0,2.0,212.0,1.5,1481.0,1.0,276.0,0.5,1520.0,,0.0
2023-04-27 21:00:06.75,1682600406750000000,,,,19264.0,0.0,0.0,2.5,300.0,3.0,15.0,3.5,3.0,4.5,5.0,5.0,30.0,2.0,212.0,1.5,1481.0,1.0,276.0,0.5,1520.0,,0.0
2023-04-27 21:00:07.25,1682600407250000000,,,,19264.0,0.0,0.0,2.5,300.0,3.0,15.0,3.5,3.0,4.5,5.0,5.0,34.0,2.0,212.0,1.5,1481.0,1.0,276.0,0.5,1520.0,,0.0
2023-04-27 21:00:08.0,1682600408000000000,,,,19264.0,0.0,0.0,2.5,300.0,3.0,15.0,3.5,3.0,4.5,10.0,5.0,36.0,2.0,212.0,1.5,1481.0,1.0,276.0,0.5,1520.0,,0.0
2023-04-27 21:00:08.5,1682600408500000000,,,,19264.0,0.0,0.0,2.5,300.0,3.0,33.0,3.5,3.0,4.5,11.0,5.0,38.0,2.0,212.0,1.5,1481.0,1.0,294.0,0.5,1520.0,,0.0
2023-04-27 21:00:08.75,1682600408750000000,,,,19264.0,0.0,0.0,2.5,300.0,3.0,33.0,3.5,3.0,4.0,20.0,4.5,23.0,2.0,212.0,1.5,1481.0,1.0,294.0,0.5,1520.0,,0.0
2023-04-27 21:00:09.25,1682600409250000000,,,,19264.0,0.0,0.0,2.5,300.0,3.0,15.0,3.5,3.0,4.0,20.0,4.5,23.0,2.0,212.0,1.5,1481.0,1.0,276.0,0.5,1520.0,,0.0
2023-04-27 21:00:10.25,1682600410250000000,,,,19264.0,0.0,0.0,2.5,300.0,3.0,15.0,3.5,3.0,4.0,20.0,4.5,23.0,2.0,218.0,1.5,1481.0,1.0,276.0,0.5,1520.0,,0.0
2023-04-27 21:00:10.5,1682600410500000000,,,,19264.0,0.0,0.0,2.5,300.0,3.0,15.0,3.5,3.0,4.0,20.0,4.5,23.0,2.0,221.0,1.5,1481.0,1.0,276.0,0.5,1520.0,,0.0
2023-04-27 21:00:11.0,1682600411000000000,,,,19264.0,0.0,0.0,2.5,300.0,3.0,15.0,3.5,3.0,4.0,20.0,4.5,23.0,2.0,231.0,1.5,1481.0,1.0,276.0,0.5,1520.0,,0.0
2023-04-27 21:00:11.75,1682600411750000000,2.5,2.5,2.5,19264.0,8.0,200.0,2.5,292.0,3.0,15.0,3.5,3.0,4.0,20.0,4.5,23.0,2.0,232.0,1.5,1481.0,1.0,276.0,0.5,1520.0,,0.0
2023-04-27 21:00:12.25,1682600412250000000,2.5,2.5,2.5,19264.0,9.0,225.0,2.5,291.0,3.0,15.0,3.5,3.0,4.0,20.0,4.5,23.0,2.0,232.0,1.5,1481.0,1.0,276.0,0.5,1520.0,,0.0
2023-04-27 21:00:13.0,1682600413000000000,2.5,2.5,2.5,19264.0,11.0,275.0,2.5,289.0,3.0,15.0,3.5,3.0,4.0,20.0,4.5,23.0,2.0,232.0,1.5,1481.0,1.0,276.0,0.5,1520.0,,0.0
2023-04-27 21:00:13.25,1682600413250000000,2.5,2.5,2.5,19264.0,19.0,475.0,2.5,281.0,3.0,15.0,3.5,3.0,4.0,20.0,4.5,23.0,2.0,232.0,1.5,1481.0,1.0,276.0,0.5,1520.0,,0.0
2023-04-27 21:00:14.0,1682600414000000000,2.5,2.5,2.5,19264.0,20.0,500.0,2.5,280.0,3.0,15.0,3.5,12.0,4.0,20.0,4.5,23.0,2.0,232.0,1.5,1481.0,1.0,276.0,0.5,1520.0,,0.0
2023-04-27 21:00:14.75,1682600414750000000,2.5,2.5,2.5,19264.0,20.0,500.0,2.5,280.0,3.0,15.0,3.5,22.0,4.0,20.0,4.5,23.0,2.0,232.0,1.5,1481.0,1.0,276.0,0.5,1520.0,,0.0
2023-04-27 21:00:16.5,1682600416500000000,2.5,2.5,2.5,19264.0,20.0,500.0,2.5,280.0,3.0,15.0,3.5,23.0,4.0,20.0,4.5,23.0,2.0,232.0,1.5,1481.0,1.0,276.0,0.5,1520.0,,0.0
2023-04-27 21:00:16.75,1682600416750000000,2.5,2.5,2.5,19264.0,20.0,500.0,2.5,280.0,3.0,15.0,3.5,23.0,4.0,20.0,4.5,23.0,2.0,244.0,1.5,1481.0,1.0,276.0,0.5,1520.0,,0.0
2023-04-27 21:00:22.0,1682600422000000000,2.5,2.5,2.5,19264.0,20.0,500.0,2.5,280.0,3.0,15.0,3.5,23.0,4.0,120.0,4.5,23.0,2.0,244.0,1.5,1481.0,1.0,276.0,0.5,1520.0,,0.0
2023-04-27 21:00:22.5,1682600422500000000,2.5,2.5,2.5,19264.0,20.0,500.0,2.5,280.0,3.0,15.0,3.5,23.0,4.0,130.0,4.5,23.0,2.0,244.0,1.5,1481.0,1.0,276.0,0.5,1520.0,,0.0
2023-04-27 21:00:24.0,1682600424000000000,2.5,2.5,2.5,19264.0,20.0,500.0,2.5,280.0,3.0,15.0,3.5,41.0,4.0,130.0,4.5,23.0,2.0,244.0,1.5,1481.0,1.0,276.0,0.5,1538.0,,0.0
2023-04-27 21:00:25.75,1682600425750000000,2.5,2.5,2.5,19264.0,20.0,500.0,2.5,280.0,3.0,20.0,3.5,41.0,4.0,130.0,4.5,23.0,2.0,244.0,1.5,1481.0,1.0,276.0,0.5,1538.0,,0.0
2023-04-27 21:00:26.75,1682600426750000000,2.5,2.5,2.5,19264.0,20.0,500.0,2.5,280.0,3.0,30.0,3.5,41.0,4.0,130.0,4.5,23.0,2.0,244.0,1.5,1481.0,1.0,276.0,0.5,1538.0,,0.0
2023-04-27 21:00:27.25,1682600427250000000,2.5,2.5,2.5,19264.0,20.0,500.0,2.5,280.0,3.0,30.0,3.5,41.0,4.0,130.0,4.5,23.0,2.0,244.0,1.5,1481.0,1.0,276.0,0.5,1588.0,,0.0
2023-04-27 21:00:28.25,1682600428250000000,2.5,2.5,2.5,19264.0,20.0,500.0,2.5,280.0,3.0,30.0,3.5,23.0,4.0,130.0,4.5,23.0,2.0,244.0,1.5,1481.0,1.0,276.0,0.5,1570.0,,0.0
2023-04-27 21:00:28.5,1682600428500000000,2.5,2.5,2.5,19264.0,20.0,500.0,2.5,280.0,3.0,35.0,3.5,23.0,4.0,130.0,4.5,23.0,2.0,244.0,1.5,1481.0,1.0,276.0,0.5,1570.0,,0.0
2023-04-27 21:00:40.0,1682600440000000000,2.5,2.0,2.0,19264.0,30.0,700.0,2.5,280.0,3.0,35.0,3.5,23.0,4.0,130.0,4.5,23.0,2.0,234.0,1.5,1481.0,1.0,276.0,0.5,1570.0,,0.0
2023-04-27 21:00:45.75,1682600445750000000,2.5,2.0,2.0,19264.0,30.0,700.0,2.5,280.0,3.0,35.0,3.5,23.0,4.0,130.0,4.5,23.0,2.0,144.0,1.5,1481.0,1.0,276.0,0.5,1570.0,,0.0
2023-04-27 21:00:51.75,1682600451750000000,2.5,2.0,2.0,19264.0,30.0,700.0,2.5,290.0,3.0,35.0,3.5,23.0,4.0,130.0,4.5,23.0,2.0,144.0,1.5,1481.0,1.0,276.0,0.5,1570.0,,0.0
2023-04-27 21:01:08.0,1682600468000000000,2.5,2.0,2.0,19264.0,30.0,700.0,2.5,290.0,3.0,53.0,3.5,23.0,4.0,130.0,4.5,23.0,2.0,144.0,1.5,1481.0,1.0,294.0,0.5,1570.0,,0.0
2023-04-27 21:01:09.5,1682600469500000000,2.5,2.0,2.0,19264.0,30.0,700.0,2.5,290.0,3.0,35.0,3.5,23.0,4.0,130.0,4.5,23.0,2.0,144.0,1.5,1481.0,1.0,276.0,0.5,1570.0,,0.0
2023-04-27 21:01:34.25,1682600494250000000,2.5,2.0,2.0,19264.0,30.0,700.0,2.5,290.0,3.0,53.0,3.5,23.0,4.0,130.0,4.5,23.0,2.0,144.0,1.5,1481.0,1.0,294.0,0.5,1570.0,,0.0
2023-04-27 21:01:34.5,1682600494500000000,2.5,2.0,2.0,19264.0,30.0,700.0,2.5,290.0,3.0,35.0,3.5,23.0,4.0,130.0,4.5,23.0,2.0,144.0,1.5,1481.0,1.0,276.0,0.5,1570.0,,0.0
2023-04-27 21:01:58.25,1682600518250000000,2.5,2.0,2.0,19264.0,30.0,700.0,2.5,190.0,3.0,35.0,3.5,23.0,4.0,130.0,4.5,23.0,2.0,144.0,1.5,1481.0,1.0,276.0,0.5,1570.0,,0.0
2023-04-27 21:02:02.75,1682600522750000000,2.5,2.0,2.0,19264.0,30.0,700.0,2.5,190.0,3.0,35.0,3.5,23.0,4.0,130.0,4.5,23.0,2.0,144.0,1.5,1496.0,1.0,276.0,0.5,1570.0,,0.0
2023-04-27 21:02:06.25,1682600526250000000,2.5,2.0,2.0,19264.0,30.0,700.0,2.5,190.0,3.0,53.0,3.5,23.0,4.0,130.0,4.5,23.0,2.0,144.0,1.5,1514.0,1.0,276.0,0.5,1570.0,,0.0
2023-04-27 21:02:06.5,1682600526500000000,2.5,2.0,2.0,19264.0,30.0,700.0,2.5,190.0,3.0,35.0,3.5,23.0,4.0,130.0,4.5,23.0,2.0,144.0,1.5,1496.0,1.0,276.0,0.5,1570.0,,0.0
2023-04-27 21:02:25.0,1682600545000000000,2.5,2.0,2.0,19264.0,30.0,700.0,2.5,190.0,3.0,35.0,3.5,41.0,4.0,130.0,4.5,23.0,2.0,144.0,1.5,1496.0,1.0,276.0,0.5,1588.0,,0.0
2023-04-27 21:02:30.75,1682600550750000000,2.5,2.0,2.0,19264.0,30.0,700.0,2.5,190.0,3.0,35.0,3.5,41.0,4.0,130.0,4.5,23.0,2.0,148.0,1.5,1496.0,1.0,276.0,0.5,1588.0,,0.0
2023-04-27 21:02:35.25,1682600555250000000,2.5,2.0,2.0,19264.0,30.0,700.0,2.5,190.0,3.0,53.0,3.5,23.0,4.0,130.0,4.5,23.0,2.0,148.0,1.5,1496.0,1.0,294.0,0.5,1570.0,,0.0
2023-04-27 21:02:38.75,1682600558750000000,2.5,2.5,2.0,19264.0,31.0,725.0,2.5,189.0,3.0,53.0,3.5,23.0,4.0,130.0,4.5,23.0,2.0,148.0,1.5,1496.0,1.0,294.0,0.5,1570.0,,0.0
2023-04-27 21:02:45.0,1682600565000000000,2.5,2.5,2.0,19264.0,31.0,725.0,2.5,89.0,3.0,53.0,3.5,23.0,4.0,130.0,4.5,23.0,2.0,148.0,1.5,1496.0,1.0,294.0,0.5,1570.0,,0.0
2023-04-27 21:02:48.5,1682600568500000000,2.5,2.5,2.0,19264.0,31.0,725.0,2.5,89.0,3.0,53.0,3.5,23.0,4.0,130.0,4.5,23.0,2.0,152.0,1.5,1496.0,1.0,294.0,0.5,1570.0,,0.0
2023-04-27 21:02:49.75,1682600569750000000,2.5,2.5,2.0,19264.0,31.0,725.0,2.5,89.0,3.0,63.0,3.5,23.0,4.0,130.0,4.5,23.0,2.0,162.0,1.5,1496.0,1.0,294.0,0.5,1570.0,,0.0
2023-04-27 21:02:50.0,1682600570000000000,2.5,2.5,2.0,19264.0,31.0,725.0,2.5,89.0,3.0,45.0,3.5,23.0,4.0,130.0,4.5,23.0,2.0,162.0,1.5,1496.0,1.0,276.0,0.5,1570.0,,0.0
2023-04-27 21:02:50.25,1682600570250000000,2.5,2.5,2.0,19264.0,31.0,725.0,2.5,89.0,3.0,63.0,3.5,23.0,4.0,130.0,4.5,23.0,2.0,162.0,1.5,1514.0,1.0,276.0,0.5,1570.0,,0.0
2023-04-27 21:02:58.75,1682600578750000000,2.5,2.5,2.0,19264.0,31.0,725.0,2.5,10.0,3.0,63.0,3.5,23.0,4.0,130.0,4.5,23.0,2.0,162.0,1.5,1514.0,1.0,276.0,0.5,1570.0,,0.0
2023-04-27 21:03:03.75,1682600583750000000,2.5,2.5,2.0,19264.0,31.0,725.0,2.5,10.0,3.0,53.0,3.5,23.0,4.0,130.0,4.5,23.0,2.0,152.0,1.5,1514.0,1.0,276.0,0.5,1570.0,,0.0
2023-04-27 21:03:13.75,1682600593750000000,2.5,2.5,2.0,19264.0,31.0,725.0,2.5,10.0,3.0,53.0,3.5,23.0,4.0,130.0,4.5,23.0,2.0,202.0,1.5,1514.0,1.0,276.0,0.5,1570.0,,0.0
2023-04-27 21:03:30.0,1682600610000000000,2.5,2.5,2.0,19264.0,31.0,725.0,2.5,10.0,3.0,53.0,3.5,23.0,4.0,130.0,4.5,23.0,2.0,198.0,1.5,1514.0,1.0,276.0,0.5,1570.0,,0.0
2023-04-27 21:03:31.5,1682600611500000000,2.5,2.5,2.0,19264.0,31.0,725.0,2.5,11.0,3.0,53.0,3.5,23.0,4.0,130.0,4.5,23.0,2.0,199.0,1.5,1514.0,1.0,276.0,0.5,1570.0,,0.0
2023-04-27 21:03:34.75,1682600614750000000,2.5,2.5,2.0,19264.0,31.0,725.0,2.5,11.0,3.0,153.0,3.5,23.0,4.0,130.0,4.5,23.0,2.0,199.0,1.5,1514.0,1.0,276.0,0.5,1570.0,,0.0
2023-04-27 21:03:47.5,1682600627500000000,2.5,2.5,2.0,19264.0,31.0,725.0,2.5,11.0,3.0,135.0,3.5,23.0,4.0,130.0,4.5,23.0,2.0,199.0,1.5,1496.0,1.0,276.0,0.5,1570.0,,0.0
2023-04-27 21:04:00.0,1682600640000000000,2.5,2.5,2.0,19264.0,31.0,725.0,2.5,11.0,3.0,135.0,3.5,41.0,4.0,130.0,4.5,23.0,2.0,199.0,1.5,1496.0,1.0,294.0,0.5,1570.0,,0.0
2023-04-27 21:04:02.5,1682600642500000000,2.5,2.5,2.0,19264.0,31.0,725.0,2.5,11.0,3.0,135.0,3.5,23.0,4.0,130.0,4.5,23.0,2.0,199.0,1.5,1496.0,1.0,276.0,0.5,1570.0,,0.0
2023-04-27 21:04:12.5,1682600652500000000,2.5,2.5,2.0,19264.0,31.0,725.0,2.5,11.0,3.0,135.0,3.5,41.0,4.0,130.0,4.5,23.0,2.0,199.0,1.5,1496.0,1.0,294.0,0.5,1570.0,,0.0
2023-04-27 21:04:18.25,1682600658250000000,2.5,2.5,2.0,19264.0,31.0,725.0,2.5,11.0,3.0,153.0,3.5,23.0,4.0,130.0,4.5,23.0,2.0,199.0,1.5,1514.0,1.0,276.0,0.5,1570.0,,0.0
2023-04-27 21:04:34.5,1682600674500000000,2.5,2.5,2.0,19264.0,31.0,725.0,2.5,11.0,3.0,153.0,3.5,23.0,4.0,130.0,4.5,23.0,2.0,200.0,1.5,1514.0,1.0,276.0,0.5,1570.0,,0.0
2023-04-27 21:04:44.0,1682600684000000000,2.5,2.5,2.0,19264.0,31.0,725.0,2.5,11.0,3.0,153.0,3.5,23.0,4.0,130.0,4.5,23.0,2.0,199.0,1.5,1514.0,1.0,276.0,0.5,1570.0,,0.0
2023-04-27 21:04:50.25,1682600690250000000,2.5,2.0,2.0,19263.0,32.0,745.0,2.5,11.0,3.0,153.0,3.5,23.0,4.0,130.0,4.5,23.0,2.0,198.0,1.5,1514.0,1.0,276.0,0.5,1570.0,,0.0
2023-04-27 21:05:00.5,1682600700500000000,2.5,2.0,2.0,19263.0,32.0,745.0,2.5,11.0,3.0,163.0,3.5,23.0,4.0,130.0,4.5,23.0,2.0,208.0,1.5,1514.0,1.0,276.0,0.5,1570.0,,0.0
2023-04-27 21:05:01.0,1682600701000000000,2.5,2.0,2.0,19263.0,32.0,745.0,2.5,11.0,3.0,163.0,3.5,23.0,4.0,130.0,4.5,39.0,2.0,208.0,1.5,1514.0,1.0,276.0,0.5,1570.0,,0.0
2023-04-27 21:05:43.25,1682600743250000000,2.5,2.0,2.0,19263.0,32.0,745.0,2.5,11.0,3.0,163.0,3.5,23.0,4.0,130.0,4.5,39.0,2.0,208.0,1.5,1814.0,1.0,276.0,0.5,1570.0,,0.0
2023-04-27 21:05:48.0,1682600748000000000,2.5,2.0,2.0,19263.0,32.0,745.0,2.5,11.0,3.0,163.0,3.5,23.0,4.0,130.0,4.5,39.0,2.0,308.0,1.5,1814.0,1.0,276.0,0.5,1570.0,,0.0
2023-04-27 21:06:10.5,1682600770500000000,2.5,2.0,2.0,19263.0,32.0,745.0,2.5,11.0,3.0,153.0,3.5,23.0,4.0,130.0,4.5,39.0,2.0,298.0,1.5,1814.0,1.0,276.0,0.5,1570.0,,0.0
2023-04-27 21:06:13.5,1682600773500000000,2.5,2.0,2.0,19263.0,32.0,745.0,2.5,11.0,3.0,153.0,3.5,23.0,4.0,130.0,4.5,39.0,2.0,299.0,1.5,1814.0,1.0,276.0,0.5,1570.0,,0.0
2023-04-27 21:06:20.5,1682600780500000000,2.5,2.0,2.0,19263.0,32.0,745.0,2.5,11.0,3.0,153.0,3.5,23.0,4.0,130.0,4.5,39.0,2.0,298.0,1.5,1814.0,1.0,276.0,0.5,1570.0,,0.0
2023-04-27 21:06:26.5,1682600786500000000,2.5,2.0,2.0,19262.0,33.0,765.0,2.5,11.0,3.0,153.0,3.5,23.0,4.0,130.0,4.5,39.0,2.0,297.0,1.5,1814.0,1.0,276.0,0.5,1570.0,,0.0
2023-04-27 21:06:34.25,1682600794250000000,2.5,2.0,2.0,19262.0,33.0,765.0,2.5,11.0,3.0,153.0,3.5,23.0,4.0,130.0,4.5,39.0,2.0,247.0,1.5,1814.0,1.0,276.0,0.5,1570.0,,0.0
2023-04-27 21:06:36.25,1682600796250000000,2.5,2.5,2.0,19262.0,34.0,790.0,2.5,10.0,3.0,153.0,3.5,23.0,4.0,130.0,4.5,39.0,2.0,247.0,1.5,1814.0,1.0,276.0,0.5,1570.0,,0.0
2023-04-27 21:06:43.5,1682600803500000000,2.5,2.5,2.0,19262.0,34.0,790.0,2.5,10.0,3.0,163.0,3.5,23.0,4.0,130.0,4.5,39.0,2.0,257.0,1.5,1814.0,1.0,276.0,0.5,1570.0,,0.0
2023-04-27 21:06:47.75,1682600807750000000,2.5,2.5,2.0,19263.0,44.0,1040.0,3.0,163.0,3.5,23.0,4.0,130.0,4.5,39.0,5.0,23.0,2.5,40.0,2.0,256.0,1.5,1814.0,1.0,276.0,0.5,1570.0
2023-04-27 21:06:48.25,1682600808250000000,2.5,2.5,2.0,19263.0,44.0,1040.0,3.0,153.0,3.5,33.0,4.0,130.0,4.5,39.0,5.0,23.0,2.5,50.0,2.0,246.0,1.5,1814.0,1.0,276.0,0.5,1570.0
2023-04-27 21:06:49.0,1682600809000000000,2.5,2.5,2.0,19263.0,44.0,1040.0,3.0,153.0,3.5,33.0,4.0,130.0,4.5,39.0,5.0,23.0,2.5,51.0,2.0,246.0,1.5,1814.0,1.0,276.0,0.5,1570.0
2023-04-27 21:06:57.5,1682600817500000000,2.5,2.5,2.0,19263.0,44.0,1040.0,3.0,153.0,3.5,33.0,4.0,130.0,4.5,39.0,5.0,23.0,2.5,11.0,2.0,246.0,1.5,1814.0,1.0,276.0,0.5,1570.0
2023-04-27 21:07:11.25,1682600831250000000,2.5,2.5,2.0,19263.0,44.0,1040.0,3.0,153.0,3.5,33.0,4.0,130.0,4.5,39.0,5.0,23.0,2.5,11.0,2.0,246.0,1.5,1814.0,1.0,276.0,0.5,1590.0
2023-04-27 21:07:18.25,1682600838250000000,2.5,2.5,2.0,19263.0,44.0,1040.0,3.0,153.0,3.5,33.0,4.0,130.0,4.5,39.0,5.0,23.0,2.5,11.0,2.0,246.0,1.5,1854.0,1.0,276.0,0.5,1590.0
2023-04-27 21:07:38.0,1682600858000000000,2.5,2.5,2.0,19263.0,44.0,1040.0,3.0,153.0,3.5,33.0,4.0,130.0,4.5,39.0,5.0,23.0,2.5,11.0,2.0,250.0,1.5,1854.0,1.0,276.0,0.5,1590.0
2023-04-27 21:07:39.0,1682600859000000000,2.5,2.5,2.0,19263.0,44.0,1040.0,3.0,153.0,3.5,33.0,4.0,130.0,4.5,39.0,5.0,23.0,2.5,29.0,2.0,250.0,1.5,1854.0,1.0,276.0,0.5,1590.0
2023-04-27 21:08:53.75,1682600933750000000,2.5,2.5,2.0,19263.0,44.0,1040.0,3.0,153.0,3.5,33.0,4.0,130.0,4.5,39.0,5.0,23.0,2.5,11.0,2.0,250.0,1.5,1854.0,1.0,276.0,0.5,1590.0
2023-04-27 21:09:00.25,1682600940250000000,2.5,2.5,2.0,19263.0,44.0,1040.0,3.0,153.0,3.5,33.0,4.0,130.0,4.5,39.0,5.0,23.0,2.5,11.0,2.0,250.0,1.5,1854.0,1.0,276.0,0.5,1570.0
2023-04-27 21:09:00.75,1682600940750000000,2.5,2.5,2.0,19263.0,44.0,1040.0,3.0,153.0,3.5,33.0,4.0,130.0,4.5,39.0,5.0,23.0,2.5,11.0,2.0,250.0,1.5,1854.0,1.0,276.0,0.5,1590.0
2023-04-27 21:09:42.0,1682600982000000000,3.0,3.0,2.0,19264.0,45.0,1070.0,3.0,152.0,3.5,33.0,4.0,130.0,4.5,39.0,5.0,23.0,2.5,11.0,2.0,250.0,1.5,1854.0,1.0,276.0,0.5,1590.0
2023-04-27 21:09:48.75,1682600988750000000,3.0,3.0,2.0,19264.0,45.0,1070.0,3.0,152.0,3.5,33.0,4.0,130.0,4.5,39.0,5.0,23.0,2.5,11.0,2.0,250.0,1.5,1854.0,1.0,276.0,0.5,1570.0
2023-04-27 21:11:01.0,1682601061000000000,3.0,3.0,2.0,19264.0,45.0,1070.0,3.0,152.0,3.5,33.0,4.0,130.0,4.5,39.0,5.0,23.0,2.5,11.0,2.0,250.0,1.5,1854.0,1.0,276.0,0.5,1670.0
2023-04-27 21:11:01.5,1682601061500000000,3.0,3.0,2.0,19264.0,45.0,1070.0,3.0,152.0,3.5,33.0,4.0,130.0,4.5,39.0,5.0,23.0,2.5,11.0,2.0,250.0,1.5,1854.0,1.0,276.0,0.5,1720.0
2023-04-27 21:11:22.25,1682601082250000000,3.0,3.0,2.0,19264.0,45.0,1070.0,3.0,152.0,3.5,33.0,4.0,130.0,4.5,39.0,5.0,23.0,2.5,11.0,2.0,250.0,1.5,1869.0,1.0,276.0,0.5,1720.0
2023-04-27 21:11:23.75,1682601083750000000,3.0,3.0,2.0,19264.0,45.0,1070.0,3.0,152.0,3.5,33.0,4.0,130.0,4.5,39.0,5.0,23.0,2.5,11.0,2.0,250.0,1.5,2069.0,1.0,276.0,0.5,1720.0
2023-04-27 21:11:24.5,1682601084500000000,3.0,3.0,2.0,19264.0,45.0,1070.0,3.0,157.0,3.5,33.0,4.0,130.0,4.5,39.0,5.0,23.0,2.5,11.0,2.0,250.0,1.5,2069.0,1.0,276.0,0.5,1720.0
2023-04-27 21:12:14.5,1682601134500000000,3.0,3.0,2.0,19264.0,45.0,1070.0,3.0,157.0,3.5,33.0,4.0,130.0,4.5,39.0,5.0,23.0,2.5,11.0,2.0,260.0,1.5,2069.0,1.0,276.0,0.5,1720.0
2023-04-27 21:13:28.5,1682601208500000000,3.0,2.5,2.0,19264.0,50.0,1195.0,3.0,157.0,3.5,33.0,4.0,130.0,4.5,39.0,5.0,23.0,2.5,5.0,2.0,260.0,1.5,2069.0,1.0,277.0,0.5,1720.0
2023-04-27 21:13:34.25,1682601214250000000,3.0,2.5,2.0,19264.0,50.0,1195.0,3.0,157.0,3.5,33.0,4.0,130.0,4.5,39.0,5.0,23.0,2.5,6.0,2.0,260.0,1.5,2069.0,1.0,277.0,0.5,1720.0
2023-04-27 21:13:42.25,1682601222250000000,3.0,2.5,2.0,19264.0,50.0,1195.0,3.0,157.0,3.5,33.0,4.0,130.0,4.5,39.0,5.0,23.0,2.5,6.0,2.0,261.0,1.5,2069.0,1.0,277.0,0.5,1720.0
2023-04-27 21:13:54.5,1682601234500000000,3.0,2.5,2.0,19259.0,56.0,1345.0,3.0,157.0,3.5,33.0,4.0,130.0,4.5,39.0,5.0,23.0,2.0,261.0,1.5,2069.0,1.0,277.0,0.5,1720.0,,0.0
2023-04-27 21:13:54.75,1682601234750000000,3.0,2.5,2.0,19259.0,56.0,1345.0,3.0,167.0,3.5,23.0,4.0,130.0,4.5,39.0,5.0,23.0,2.5,11.0,2.0,261.0,1.5,2069.0,1.0,276.0,0.5,1720.0
2023-04-27 21:14:07.5,1682601247500000000,3.0,2.5,2.0,19259.0,56.0,1345.0,3.0,167.0,3.5,23.0,4.0,130.0,4.5,39.0,5.0,23.0,2.5,11.0,2.0,271.0,1.5,2085.0,1.0,260.0,0.5,1720.0
2023-04-27 21:15:01.25,1682601301250000000,3.0,2.5,2.0,19259.0,56.0,1345.0,3.0,167.0,3.5,23.0,4.0,130.0,4.5,39.0,5.0,23.0,2.5,11.0,2.0,271.0,1.5,2085.0,1.0,280.0,0.5,1700.0
2023-04-27 21:15:30.25,1682601330250000000,3.0,2.5,2.0,19259.0,61.0,1470.0,3.0,167.0,3.5,23.0,4.0,130.0,4.5,39.0,5.0,23.0,2.5,5.0,2.0,271.0,1.5,2085.0,1.0,281.0,0.5,1700.0
2023-04-27 21:15:34.25,1682601334250000000,3.0,2.5,2.0,19259.0,66.0,1595.0,3.0,167.0,3.5,23.0,4.0,130.0,4.5,39.0,5.0,23.0,2.0,271.0,1.5,2085.0,1.0,281.0,0.5,1700.0,,0.0
2023-04-27 21:15:34.5,1682601334500000000,3.0,2.5,2.0,19259.0,66.0,1595.0,3.0,167.0,3.5,23.0,4.0,130.0,4.5,39.0,5.0,23.0,2.0,282.0,1.5,2085.0,1.0,280.0,0.5,1700.0,,0.0
2023-04-27 21:15:42.25,1682601342250000000,3.0,2.5,2.0,19259.0,66.0,1595.0,2.5,40.0,3.0,167.0,3.5,23.0,4.0,130.0,4.5,39.0,2.0,282.0,1.5,2085.0,1.0,280.0,0.5,1700.0,,0.0
2023-04-27 21:16:26.75,1682601386750000000,3.0,2.5,2.0,19259.0,66.0,1595.0,2.5,40.0,3.0,167.0,3.5,23.0,4.0,146.0,4.5,23.0,2.0,282.0,1.5,2085.0,1.0,260.0,0.5,1720.0,,0.0
2023-04-27 21:17:01.0,1682601421000000000,3.0,2.5,2.0,19259.0,66.0,1595.0,2.5,40.0,3.0,167.0,3.5,23.0,4.0,146.0,4.5,23.0,2.0,282.0,1.5,2185.0,1.0,260.0,0.5,1720.0,,0.0
2023-04-27 21:17:03.25,1682601423250000000,3.0,2.5,2.0,19259.0,66.0,1595.0,2.5,65.0,3.0,167.0,3.5,23.0,4.0,146.0,4.5,23.0,2.0,282.0,1.5,2185.0,1.0,260.0,0.5,1720.0,,0.0
2023-04-27 21:17:06.0,1682601426000000000,3.0,2.5,2.0,19259.0,66.0,1595.0,2.5,65.0,3.0,167.0,3.5,23.0,4.0,146.0,4.5,23.0,2.0,282.0,1.5,2285.0,1.0,260.0,0.5,1720.0,,0.0
2023-04-27 21:17:10.25,1682601430250000000,3.0,2.5,2.0,19259.0,66.0,1595.0,2.5,65.0,3.0,167.0,3.5,23.0,4.0,146.0,4.5,23.0,2.0,282.0,1.5,2385.0,1.0,260.0,0.5,1720.0,,0.0
2023-04-27 21:17:15.0,1682601435000000000,3.0,2.5,2.0,19259.0,66.0,1595.0,2.5,65.0,3.0,167.0,3.5,23.0,4.0,146.0,4.5,23.0,2.0,282.0,1.5,2485.0,1.0,260.0,0.5,1720.0,,0.0
2023-04-27 21:17:20.5,1682601440500000000,3.0,2.5,2.0,19259.0,66.0,1595.0,2.5,65.0,3.0,167.0,3.5,23.0,4.0,146.0,4.5,23.0,2.0,282.0,1.5,2585.0,1.0,260.0,0.5,1720.0,,0.0
2023-04-27 21:17:41.25,1682601461250000000,3.0,2.5,2.0,19259.0,66.0,1595.0,2.5,115.0,3.0,167.0,3.5,23.0,4.0,146.0,4.5,23.0,2.0,282.0,1.5,2585.0,1.0,260.0,0.5,1720.0,,0.0
2023-04-27 21:17:54.25,1682601474250000000,3.0,2.5,2.0,19259.0,66.0,1595.0,2.5,115.0,3.0,167.0,3.5,23.0,4.0,146.0,4.5,23.0,2.0,382.0,1.5,2585.0,1.0,260.0,0.5,1720.0,,0.0
2023-04-27 21:20:58.5,1682601658500000000,3.0,2.5,2.0,19259.0,66.0,1595.0,2.5,115.0,3.0,167.0,3.5,23.0,4.0,146.0,4.5,23.0,2.0,282.0,1.5,2585.0,1.0,280.0,0.5,1700.0,,0.0
2023-04-27 21:21:16.25,1682601676250000000,3.0,2.5,2.0,19259.0,66.0,1595.0,2.5,135.0,3.0,167.0,3.5,23.0,4.0,146.0,4.5,23.0,2.0,282.0,1.5,2585.0,1.0,280.0,0.5,1700.0,,0.0
2023-04-27 21:22:20.0,1682601740000000000,3.0,2.5,2.0,19259.0,66.0,1595.0,2.5,85.0,3.0,167.0,3.5,23.0,4.0,146.0,4.5,23.0,2.0,282.0,1.5,2585.0,1.0,280.0,0.5,1700.0,,0.0
2023-04-27 21:22:27.5,1682601747500000000,3.0,2.5,2.0,19259.0,66.0,1595.0,2.5,45.0,3.0,167.0,3.5,23.0,4.0,146.0,4.5,23.0,2.0,282.0,1.5,2585.0,1.0,280.0,0.5,1700.0,,0.0
2023-04-27 21:24:15.5,1682601855500000000,3.0,2.5,2.0,19259.0,66.0,1595.0,2.5,45.0,3.0,167.0,3.5,23.0,4.0,146.0,4.5,23.0,2.0,382.0,1.5,2585.0,1.0,280.0,0.5,1700.0,,0.0
2023-04-27 21:26:21.5,1682601981500000000,3.0,2.5,2.0,19259.0,66.0,1595.0,2.5,45.0,3.0,149.0,3.5,23.0,4.0,146.0,4.5,23.0,2.0,382.0,1.5,2567.0,1.0,280.0,0.5,1700.0,,0.0
2023-04-27 21:26:30.75,1682601990750000000,3.0,2.5,2.0,19259.0,66.0,1595.0,2.5,45.0,3.0,149.0,3.5,41.0,4.0,146.0,4.5,23.0,2.0,382.0,1.5,2567.0,1.0,298.0,0.5,1700.0,,0.0
2023-04-27 21:26:31.75,1682601991750000000,3.0,2.5,2.0,19259.0,66.0,1595.0,2.5,45.0,3.0,167.0,3.5,23.0,4.0,146.0,4.5,23.0,2.0,382.0,1.5,2585.0,1.0,280.0,0.5,1700.0,,0.0
2023-04-27 21:26:45.75,1682602005750000000,3.0,2.5,2.0,19284.0,111.0,2720.0,3.0,167.0,3.5,23.0,4.0,146.0,4.5,23.0,5.0,23.0,2.5,55.0,2.0,382.0,1.5,2585.0,1.0,280.0,0.5,1700.0
2023-04-27 21:27:13.75,1682602033750000000,3.0,2.5,2.0,19284.0,151.0,3720.0,3.0,167.0,3.5,23.0,4.0,146.0,4.5,23.0,5.0,23.0,2.5,15.0,2.0,382.0,1.5,2585.0,1.0,280.0,0.5,1700.0
2023-04-27 21:27:15.5,1682602035500000000,3.0,2.5,2.0,19284.0,151.0,3720.0,3.0,167.0,3.5,23.0,4.0,146.0,4.5,23.0,5.0,23.0,2.5,16.0,2.0,382.0,1.5,2585.0,1.0,280.0,0.5,1700.0
2023-04-27 21:27:45.0,1682602065000000000,3.0,2.5,2.0,19284.0,166.0,4095.0,3.0,167.0,3.5,23.0,4.0,146.0,4.5,23.0,5.0,23.0,2.5,1.0,2.0,381.0,1.5,2585.0,1.0,281.0,0.5,1700.0
2023-04-27 21:27:49.25,1682602069250000000,3.0,2.5,2.0,19284.0,167.0,4120.0,3.0,167.0,3.5,23.0,4.0,146.0,4.5,23.0,5.0,23.0,2.0,382.0,1.5,2585.0,1.0,280.0,0.5,1700.0,,0.0
2023-04-27 21:28:15.75,1682602095750000000,3.0,2.5,2.0,19284.0,167.0,4120.0,3.0,167.0,3.5,23.0,4.0,146.0,4.5,23.0,5.0,23.0,2.0,383.0,1.5,2585.0,1.0,280.0,0.5,1700.0,,0.0
2023-04-27 21:28:27.5,1682602107500000000,3.0,2.5,2.0,19284.0,167.0,4120.0,3.0,167.0,3.5,23.0,4.0,146.0,4.5,23.0,5.0,23.0,2.0,283.0,1.5,2585.0,1.0,280.0,0.5,1700.0,,0.0
2023-04-27 21:29:06.25,1682602146250000000,3.0,2.5,2.0,19284.0,167.0,4120.0,3.0,167.0,3.5,23.0,4.0,146.0,4.5,23.0,5.0,23.0,2.0,333.0,1.5,2585.0,1.0,280.0,0.5,1700.0,,0.0
2023-04-27 21:29:17.75,1682602157750000000,3.0,2.5,2.0,19284.0,167.0,4120.0,3.0,267.0,3.5,23.0,4.0,146.0,4.5,23.0,5.0,23.0,2.0,433.0,1.5,2585.0,1.0,280.0,0.5,1700.0,,0.0
2023-04-27 21:29:25.75,1682602165750000000,3.0,2.5,2.0,19284.0,167.0,4120.0,3.0,267.0,3.5,23.0,4.0,146.0,4.5,23.0,5.0,23.0,2.0,383.0,1.5,2585.0,1.0,280.0,0.5,1700.0,,0.0
2023-04-27 21:29:36.75,1682602176750000000,3.0,2.5,2.0,19284.0,167.0,4120.0,3.0,267.0,3.5,23.0,4.0,146.0,4.5,23.0,5.0,23.0,2.0,460.0,1.5,2585.0,1.0,280.0,0.5,1700.0,,0.0
2023-04-27 21:29:37.75,1682602177750000000,3.0,2.5,2.0,19284.0,167.0,4120.0,3.0,267.0,3.5,23.0,4.0,146.0,4.5,23.0,5.0,23.0,2.0,537.0,1.5,2585.0,1.0,280.0,0.5,1700.0,,0.0
2023-04-27 21:32:12.0,1682602332000000000,3.0,2.5,2.0,19284.0,167.0,4120.0,3.0,249.0,3.5,23.0,4.0,146.0,4.5,23.0,5.0,23.0,2.0,537.0,1.5,2567.0,1.0,280.0,0.5,1700.0,,0.0
2023-04-27 21:32:22.25,1682602342250000000,3.0,2.5,2.0,19284.0,167.0,4120.0,2.5,3.0,3.0,249.0,3.5,23.0,4.0,146.0,4.5,23.0,2.0,537.0,1.5,2567.0,1.0,280.0,0.5,1700.0,,0.0
2023-04-27 21:32:22.5,1682602342500000000,3.0,2.5,2.0,19284.0,170.0,4195.0,2.5,100.0,3.0,149.0,3.5,23.0,4.0,146.0,4.5,23.0,2.0,537.0,1.5,2567.0,1.0,280.0,0.5,1700.0,,0.0
2023-04-27 21:32:27.5,1682602347500000000,3.0,2.5,2.0,19284.0,170.0,4195.0,2.5,100.0,3.0,149.0,3.5,41.0,4.0,146.0,4.5,23.0,2.0,537.0,1.5,2567.0,1.0,298.0,0.5,1700.0,,0.0
2023-04-27 21:32:29.0,1682602349000000000,3.0,2.5,2.0,19284.0,170.0,4195.0,2.5,100.0,3.0,149.0,3.5,23.0,4.0,146.0,4.5,23.0,2.0,537.0,1.5,2567.0,1.0,280.0,0.5,1700.0,,0.0
2023-04-27 21:32:31.0,1682602351000000000,3.0,2.5,2.0,19284.0,170.0,4195.0,2.5,100.0,3.0,167.0,3.5,23.0,4.0,146.0,4.5,23.0,2.0,537.0,1.5,2585.0,1.0,280.0,0.5,1700.0,,0.0
2023-04-27 21:34:12.0,1682602452000000000,3.0,2.5,2.0,19284.0,170.0,4195.0,2.5,100.0,3.0,167.0,3.5,23.0,4.0,146.0,4.5,23.0,2.0,579.0,1.5,2585.0,1.0,280.0,0.5,1700.0,,0.0
2023-04-27 21:34:16.0,1682602456000000000,3.0,2.5,2.0,19284.0,170.0,4195.0,2.5,100.0,3.0,167.0,3.5,23.0,4.0,146.0,4.5,23.0,2.0,587.0,1.5,2585.0,1.0,280.0,0.5,1700.0,,0.0
2023-04-27 21:34:46.5,1682602486500000000,3.0,2.5,2.0,19287.0,173.0,4270.0,3.0,167.0,3.5,23.0,4.0,146.0,4.5,23.0,5.0,23.0,2.0,487.0,1.5,2585.0,1.0,280.0,0.5,1700.0,,0.0
2023-04-27 21:34:51.75,1682602491750000000,3.0,2.5,2.0,19287.0,173.0,4270.0,3.0,267.0,3.5,23.0,4.0,146.0,4.5,23.0,5.0,23.0,2.0,587.0,1.5,2585.0,1.0,280.0,0.5,1700.0,,0.0
2023-04-27 21:35:42.75,1682602542750000000,3.0,2.5,2.0,19287.0,173.0,4270.0,3.0,267.0,3.5,23.0,4.0,146.0,4.5,23.0,5.0,23.0,2.5,10.0,2.0,587.0,1.5,2585.0,1.0,280.0,0.5,1700.0
2023-04-27 21:35:43.25,1682602543250000000,3.0,2.5,2.0,19287.0,173.0,4270.0,3.0,267.0,3.5,23.0,4.0,146.0,4.5,23.0,5.0,23.0,2.5,110.0,2.0,487.0,1.5,2585.0,1.0,280.0,0.5,1700.0
2023-04-27 21:38:22.5,1682602702500000000,3.0,2.5,2.0,19287.0,173.0,4270.0,3.0,267.0,3.5,23.0,4.0,146.0,4.5,23.0,5.0,23.0,2.5,160.0,2.0,487.0,1.5,2585.0,1.0,280.0,0.5,1700.0
2023-04-27 21:39:22.5,1682602762500000000,3.0,2.5,2.0,19287.0,173.0,4270.0,3.0,267.0,3.5,23.0,4.0,146.0,4.5,23.0,5.0,23.0,2.5,110.0,2.0,487.0,1.5,2585.0,1.0,280.0,0.5,1700.0
2023-04-27 21:40:16.5,1682602816500000000,3.0,2.5,2.0,19287.0,173.0,4270.0,3.0,267.0,3.5,23.0,4.0,146.0,4.5,23.0,5.0,23.0,2.5,117.0,2.0,487.0,1.5,2585.0,1.0,280.0,0.5,1700.0
2023-04-27 21:43:36.75,1682603016750000000,3.0,3.0,2.0,19288.0,174.0,4300.0,3.0,266.0,3.5,23.0,4.0,146.0,4.5,23.0,5.0,23.0,2.5,117.0,2.0,487.0,1.5,2585.0,1.0,280.0,0.5,1700.0
2023-04-27 21:43:41.25,1682603021250000000,3.0,3.0,2.0,19288.0,174.0,4300.0,3.0,276.0,3.5,23.0,4.0,146.0,4.5,23.0,5.0,23.0,2.5,117.0,2.0,487.0,1.5,2585.0,1.0,280.0,0.5,1700.0
2023-04-27 21:43:50.0,1682603030000000000,3.0,3.0,2.0,19288.0,174.0,4300.0,3.0,276.0,3.5,23.0,4.0,146.0,4.5,23.0,5.0,23.0,2.5,145.0,2.0,487.0,1.5,2585.0,1.0,280.0,0.5,1700.0
2023-04-27 21:43:50.25,1682603030250000000,3.0,3.0,2.0,19288.0,174.0,4300.0,3.0,276.0,3.5,23.0,4.0,146.0,4.5,23.0,5.0,23.0,2.5,181.0,2.0,487.0,1.5,2585.0,1.0,280.0,0.5,1700.0
2023-04-27 21:43:55.5,1682603035500000000,3.0,3.0,2.0,19288.0,174.0,4300.0,3.0,276.0,3.5,23.0,4.0,146.0,4.5,23.0,5.0,23.0,2.5,312.0,2.0,487.0,1.5,2585.0,1.0,280.0,0.5,1700.0
2023-04-27 21:45:18.75,1682603118750000000,3.0,3.0,2.0,19251.0,224.0,5800.0,3.0,226.0,3.5,23.0,4.0,146.0,4.5,23.0,5.0,23.0,2.5,315.0,2.0,487.0,1.5,2585.0,1.0,280.0,0.5,1700.0
2023-04-27 21:45:19.0,1682603119000000000,3.0,3.0,2.0,19251.0,224.0,5800.0,3.0,226.0,3.5,23.0,4.0,146.0,4.5,23.0,5.0,23.0,2.5,322.0,2.0,487.0,1.5,2585.0,1.0,280.0,0.5,1700.0
2023-04-27 21:45:20.0,1682603120000000000,3.0,3.0,2.0,19251.0,224.0,5800.0,3.0,226.0,3.5,23.0,4.0,146.0,4.5,23.0,5.0,23.0,2.5,332.0,2.0,487.0,1.5,2585.0,1.0,280.0,0.5,1700.0
2023-04-27 21:45:29.0,1682603129000000000,3.0,3.0,2.0,19251.0,224.0,5800.0,3.0,236.0,3.5,23.0,4.0,146.0,4.5,23.0,5.0,23.0,2.5,332.0,2.0,487.0,1.5,2585.0,1.0,280.0,0.5,1700.0
2023-04-27 21:45:30.0,1682603130000000000,3.0,3.0,2.0,19221.0,254.0,6700.0,3.0,206.0,3.5,23.0,4.0,146.0,4.5,23.0,5.0,23.0,2.5,332.0,2.0,487.0,1.5,2585.0,1.0,260.0,0.5,1720.0
2023-04-27 21:47:12.25,1682603232250000000,3.0,3.0,2.0,19163.0,328.0,8870.0,3.0,142.0,3.5,23.0,4.0,146.0,4.5,23.0,5.0,23.0,2.5,322.0,2.0,487.0,1.5,2585.0,1.0,260.0,0.5,1720.0
2023-04-27 21:47:12.5,1682603232500000000,3.0,3.0,2.0,19163.0,328.0,8870.0,3.0,148.0,3.5,23.0,4.0,146.0,4.5,23.0,5.0,23.0,2.5,332.0,2.0,477.0,1.5,2585.0,1.0,260.0,0.5,1720.0
2023-04-27 21:47:14.5,1682603234500000000,3.0,3.0,2.0,19163.0,392.0,10790.0,3.0,30.0,3.5,23.0,4.0,146.0,4.5,23.0,5.0,41.0,2.5,232.0,2.0,477.0,1.5,2585.0,1.0,260.0,0.5,1720.0
2023-04-27 21:47:17.0,1682603237000000000,3.0,3.0,2.0,19163.0,422.0,11690.0,3.5,23.0,4.0,146.0,4.5,23.0,5.0,41.0,5.5,26.0,3.0,34.0,2.5,232.0,2.0,477.0,1.5,2585.0,1.0,260.0
2023-04-27 21:47:17.25,1682603237250000000,3.0,3.0,2.0,19163.0,422.0,11690.0,3.5,33.0,4.0,146.0,4.5,23.0,5.0,41.0,5.5,26.0,3.0,35.0,2.5,232.0,2.0,476.0,1.5,2585.0,1.0,260.0
2023-04-27 21:47:19.5,1682603239500000000,3.0,3.0,2.0,19163.0,422.0,11690.0,3.5,133.0,4.0,146.0,4.5,23.0,5.0,41.0,5.5,26.0,3.0,135.0,2.5,232.0,2.0,476.0,1.5,2585.0,1.0,260.0
2023-04-27 21:47:20.5,1682603240500000000,3.0,3.0,2.0,19163.0,422.0,11690.0,3.5,133.0,4.0,164.0,4.5,23.0,5.0,23.0,5.5,26.0,3.0,135.0,2.5,232.0,2.0,476.0,1.5,2585.0,1.0,260.0
2023-04-27 21:47:21.5,1682603241500000000,3.0,3.0,2.0,19163.0,422.0,11690.0,3.5,133.0,4.0,164.0,4.5,23.0,5.0,23.0,5.5,26.0,3.0,197.0,2.5,232.0,2.0,476.0,1.5,2585.0,1.0,260.0
2023-04-27 21:47:42.25,1682603262250000000,3.0,3.0,2.0,19163.0,442.0,12290.0,3.5,133.0,4.0,164.0,4.5,23.0,5.0,23.0,5.5,26.0,3.0,177.0,2.5,232.0,2.0,494.0,1.5,2567.0,1.0,280.0
2023-04-27 21:47:46.5,1682603266500000000,3.0,3.0,2.0,19163.0,442.0,12290.0,3.5,133.0,4.0,164.0,4.5,23.0,5.0,23.0,5.5,26.0,3.0,177.0,2.5,250.0,2.0,476.0,1.5,2567.0,1.0,280.0
2023-04-27 21:48:07.75,1682603287750000000,3.0,3.0,2.0,19163.0,442.0,12290.0,3.5,133.0,4.0,164.0,4.5,23.0,5.0,23.0,5.5,26.0,3.0,184.0,2.5,250.0,2.0,476.0,1.5,2567.0,1.0,280.0
2023-04-27 21:48:12.75,1682603292750000000,3.0,3.0,2.0,19163.0,442.0,12290.0,3.5,133.0,4.0,164.0,4.5,23.0,5.0,23.0,5.5,26.0,3.0,187.0,2.5,250.0,2.0,476.0,1.5,2567.0,1.0,280.0
2023-04-27 21:48:13.0,1682603293000000000,3.0,3.0,2.0,19163.0,452.0,12590.0,3.5,133.0,4.0,164.0,4.5,23.0,5.0,23.0,5.5,26.0,3.0,177.0,2.5,250.0,2.0,476.0,1.5,2567.0,1.0,280.0
2023-04-27 21:48:26.25,1682603306250000000,3.0,3.0,2.0,19163.0,452.0,12590.0,3.5,133.0,4.0,164.0,4.5,23.0,5.0,23.0,5.5,26.0,3.0,238.0,2.5,250.0,2.0,476.0,1.5,2567.0,1.0,280.0
2023-04-27 21:48:29.5,1682603309500000000,3.0,3.0,2.0,19163.0,452.0,12590.0,3.5,133.0,4.0,164.0,4.5,23.0,5.0,23.0,5.5,26.0,3.0,297.0,2.5,250.0,2.0,476.0,1.5,2567.0,1.0,280.0
2023-04-27 21:48:33.25,1682603313250000000,3.0,3.0,2.0,19163.0,452.0,12590.0,3.5,133.0,4.0,164.0,4.5,23.0,5.0,23.0,5.5,26.0,3.0,367.0,2.5,250.0,2.0,476.0,1.5,2567.0,1.0,280.0
2023-04-27 21:48:39.0,1682603319000000000,3.0,3.0,2.0,19153.0,462.0,12890.0,3.5,33.0,4.0,164.0,4.5,23.0,5.0,23.0,5.5,26.0,3.0,262.0,2.5,250.0,2.0,476.0,1.5,2567.0,1.0,280.0
2023-04-27 21:48:39.5,1682603319500000000,3.0,3.0,2.0,19153.0,462.0,12890.0,3.5,34.0,4.0,164.0,4.5,23.0,5.0,23.0,5.5,26.0,3.0,263.0,2.5,250.0,2.0,476.0,1.5,2567.0,1.0,280.0
2023-04-27 21:48:39.75,1682603319750000000,3.0,3.0,2.0,19153.0,462.0,12890.0,3.5,34.0,4.0,164.0,4.5,23.0,5.0,23.0,5.5,26.0,3.0,329.0,2.5,250.0,2.0,476.0,1.5,2567.0,1.0,280.0
2023-04-27 21:48:44.5,1682603324500000000,3.0,3.0,2.0,19153.0,462.0,12890.0,3.5,134.0,4.0,164.0,4.5,23.0,5.0,23.0,5.5,26.0,3.0,429.0,2.5,250.0,2.0,476.0,1.5,2567.0,1.0,280.0
2023-04-27 21:48:57.75,1682603337750000000,3.0,3.0,2.0,19153.0,562.0,15890.0,3.5,134.0,4.0,164.0,4.5,23.0,5.0,23.0,5.5,26.0,3.0,329.0,2.5,250.0,2.0,476.0,1.5,2567.0,1.0,280.0
2023-04-27 21:48:59.25,1682603339250000000,3.0,3.0,2.0,19153.0,662.0,18890.0,3.5,134.0,4.0,164.0,4.5,23.0,5.0,23.0,5.5,26.0,3.0,229.0,2.5,250.0,2.0,476.0,1.5,2567.0,1.0,280.0
2023-04-27 21:49:01.25,1682603341250000000,3.0,3.0,2.0,19153.0,762.0,21890.0,3.5,133.0,4.0,164.0,4.5,23.0,5.0,23.0,5.5,26.0,3.0,129.0,2.5,250.0,2.0,476.0,1.5,2567.0,1.0,280.0
2023-04-27 21:49:02.25,1682603342250000000,3.0,3.0,2.0,19153.0,762.0,21890.0,3.5,134.0,4.0,164.0,4.5,23.0,5.0,23.0,5.5,26.0,3.0,130.0,2.5,250.0,2.0,476.0,1.5,2567.0,1.0,280.0
2023-04-27 21:49:13.75,1682603353750000000,3.0,3.0,2.0,19153.0,762.0,21890.0,3.5,134.0,4.0,164.0,4.5,23.0,5.0,23.0,5.5,26.0,3.0,130.0,2.5,243.0,2.0,476.0,1.5,2567.0,1.0,280.0
2023-04-27 21:49:14.0,1682603354000000000,3.0,3.0,2.0,19153.0,762.0,21890.0,3.5,134.0,4.0,164.0,4.5,23.0,5.0,23.0,5.5,26.0,3.0,137.0,2.5,243.0,2.0,476.0,1.5,2567.0,1.0,280.0
2023-04-27 21:49:45.75,1682603385750000000,3.0,3.0,2.0,19153.0,862.0,24890.0,3.5,34.0,4.0,164.0,4.5,23.0,5.0,23.0,5.5,26.0,3.0,8.0,2.5,243.0,2.0,476.0,1.5,2567.0,1.0,280.0
2023-04-27 21:49:47.0,1682603387000000000,3.0,3.0,2.0,19153.0,862.0,24890.0,3.5,34.0,4.0,164.0,4.5,23.0,5.0,23.0,5.5,26.0,3.0,7.0,2.5,243.0,2.0,476.0,1.5,2568.0,1.0,280.0
2023-04-27 21:49:47.5,1682603387500000000,3.0,3.0,2.0,19153.0,862.0,24890.0,3.5,84.0,4.0,164.0,4.5,23.0,5.0,23.0,5.5,26.0,3.0,7.0,2.5,243.0,2.0,476.0,1.5,2568.0,1.0,280.0
2023-04-27 21:49:49.5,1682603389500000000,3.0,3.0,2.0,19153.0,869.0,25100.0,3.0,43.0,3.5,84.0,4.0,164.0,4.5,23.0,5.0,23.0,2.5,243.0,2.0,476.0,1.5,2568.0,1.0,280.0,0.5,1700.0
2023-04-27 21:49:49.75,1682603389750000000,3.0,3.0,2.0,19153.0,869.0,25100.0,3.0,44.0,3.5,101.0,4.0,146.0,4.5,23.0,5.0,23.0,2.5,244.0,2.0,476.0,1.5,2567.0,1.0,280.0,0.5,1700.0
2023-04-27 21:49:51.0,1682603391000000000,3.0,3.0,2.0,19153.0,869.0,25100.0,3.0,144.0,3.5,101.0,4.0,146.0,4.5,23.0,5.0,23.0,2.5,344.0,2.0,476.0,1.5,2567.0,1.0,280.0,0.5,1700.0
2023-04-27 21:49:53.25,1682603393250000000,3.0,3.0,2.0,19153.0,869.0,25100.0,3.0,214.0,3.5,101.0,4.0,146.0,4.5,23.0,5.0,23.0,2.5,344.0,2.0,476.0,1.5,2567.0,1.0,280.0,0.5,1700.0
2023-04-27 21:50:24.75,1682603424750000000,3.0,3.0,2.0,19153.0,869.0,25100.0,3.0,314.0,3.5,101.0,4.0,146.0,4.5,23.0,5.0,23.0,2.5,344.0,2.0,476.0,1.5,2567.0,1.0,280.0,0.5,1700.0
2023-04-27 21:51:29.75,1682603489750000000,3.0,3.0,2.0,19153.0,869.0,25100.0,3.0,314.0,3.5,101.0,4.0,146.0,4.5,23.0,5.0,23.0,2.5,344.0,2.0,576.0,1.5,2567.0,1.0,280.0,0.5,1700.0
2023-04-27 21:51:42.75,1682603502750000000,3.0,3.0,2.0,19153.0,869.0,25100.0,3.0,314.0,3.5,101.0,4.0,146.0,4.5,23.0,5.0,23.0,2.5,344.0,2.0,422.0,1.5,2567.0,1.0,280.0,0.5,1700.0
2023-04-27 21:52:50.0,1682603570000000000,3.0,3.0,2.0,19153.0,869.0,25100.0,3.0,414.0,3.5,101.0,4.0,146.0,4.5,23.0,5.0,23.0,2.5,344.0,2.0,422.0,1.5,2567.0,1.0,280.0,0.5,1700.0
2023-04-27 21:53:03.75,1682603583750000000,3.0,3.0,2.0,19153.0,869.0,25100.0,3.0,514.0,3.5,101.0,4.0,146.0,4.5,23.0,5.0,23.0,2.5,344.0,2.0,422.0,1.5,2567.0,1.0,280.0,0.5,1700.0
2023-04-27 21:53:24.75,1682603604750000000,3.0,3.0,2.0,19153.0,869.0,25100.0,3.0,614.0,3.5,101.0,4.0,146.0,4.5,23.0,5.0,23.0,2.5,344.0,2.0,422.0,1.5,2567.0,1.0,280.0,0.5,1700.0
2023-04-27 21:53:32.75,1682603612750000000,3.0,3.0,2.0,19153.0,869.0,25100.0,3.0,714.0,3.5,101.0,4.0,146.0,4.5,23.0,5.0,23.0,2.5,344.0,2.0,422.0,1.5,2567.0,1.0,280.0,0.5,1700.0
2023-04-27 21:53:34.75,1682603614750000000,3.0,3.0,2.0,19153.0,869.0,25100.0,3.0,814.0,3.5,101.0,4.0,146.0,4.5,23.0,5.0,23.0,2.5,344.0,2.0,422.0,1.5,2567.0,1.0,280.0,0.5,1700.0
2023-04-27 21:54:08.25,1682603648250000000,3.0,3.0,2.0,19153.0,869.0,25100.0,3.0,824.0,3.5,101.0,4.0,146.0,4.5,23.0,5.0,23.0,2.5,344.0,2.0,422.0,1.5,2567.0,1.0,280.0,0.5,1700.0
2023-04-27 21:54:20.75,1682603660750000000,3.0,3.0,2.0,19153.0,869.0,25100.0,3.0,834.0,3.5,101.0,4.0,146.0,4.5,23.0,5.0,23.0,2.5,344.0,2.0,422.0,1.5,2567.0,1.0,260.0,0.5,1720.0
2023-04-27 21:56:32.25,1682603792250000000,3.0,3.0,2.0,19153.0,869.0,25100.0,3.0,834.0,3.5,101.0,4.0,136.0,4.5,23.0,5.0,23.0,2.5,344.0,2.0,422.0,1.5,2567.0,1.0,260.0,0.5,1720.0
2023-04-27 21:56:40.75,1682603800750000000,3.0,3.0,2.0,19153.0,869.0,25100.0,3.0,834.0,3.5,101.0,4.0,36.0,4.5,23.0,5.0,23.0,2.5,344.0,2.0,422.0,1.5,2567.0,1.0,260.0,0.5,1720.0
2023-04-27 21:58:36.25,1682603916250000000,3.0,2.5,2.0,19153.0,879.0,25350.0,3.0,834.0,3.5,101.0,4.0,36.0,4.5,23.0,5.0,23.0,2.5,334.0,2.0,422.0,1.5,2567.0,1.0,260.0,0.5,1720.0
2023-04-27 21:59:34.75,1682603974750000000,3.0,3.0,2.0,19163.0,889.0,25650.0,3.0,824.0,3.5,101.0,4.0,36.0,4.5,23.0,5.0,23.0,2.5,334.0,2.0,422.0,1.5,2567.0,1.0,260.0,0.5,1720.0
2023-04-27 21:59:39.75,1682603979750000000,3.0,3.0,2.0,19163.0,889.0,25650.0,3.0,824.0,3.5,101.0,4.0,36.0,4.5,23.0,5.0,23.0,2.5,335.0,2.0,422.0,1.5,2567.0,1.0,260.0,0.5,1720.0
2023-04-27 21:59:50.0,1682603990000000000,3.0,3.0,2.0,19163.0,889.0,25650.0,3.0,824.0,3.5,101.0,4.0,36.0,4.5,23.0,5.0,23.0,2.5,355.0,2.0,422.0,1.5,2567.0,1.0,260.0,0.5,1720.0
2023-04-27 22:00:45.0,1682604045000000000,3.0,3.0,2.0,19163.0,889.0,25650.0,3.0,824.0,3.5,201.0,4.0,36.0,4.5,23.0,5.0,23.0,2.5,355.0,2.0,422.0,1.5,2567.0,1.0,260.0,0.5,1720.0
2023-04-27 22:00:45.25,1682604045250000000,3.0,3.0,2.0,19163.0,889.0,25650.0,3.0,824.0,3.5,211.0,4.0,36.0,4.5,23.0,5.0,23.0,2.5,355.0,2.0,422.0,1.5,2567.0,1.0,260.0,0.5,1720.0
2023-04-27 22:01:05.75,1682604065750000000,3.0,3.0,2.0,19163.0,889.0,25650.0,3.0,824.0,3.5,193.0,4.0,36.0,4.5,23.0,5.0,23.0,2.5,337.0,2.0,422.0,1.5,2567.0,1.0,260.0,0.5,1720.0
2023-04-27 22:01:07.75,1682604067750000000,3.0,3.0,2.0,19163.0,889.0,25650.0,3.0,824.0,3.5,211.0,4.0,36.0,4.5,23.0,5.0,23.0,2.5,337.0,2.0,440.0,1.5,2567.0,1.0,260.0,0.5,1720.0
2023-04-27 22:05:56.75,1682604356750000000,3.0,2.5,2.0,19162.0,890.0,25675.0,3.0,824.0,3.5,211.0,4.0,36.0,4.5,23.0,5.0,23.0,2.5,336.0,2.0,440.0,1.5,2567.0,1.0,260.0,0.5,1720.0
2023-04-27 22:09:09.75,1682604549750000000,3.0,2.5,2.0,19162.0,890.0,25675.0,3.0,824.0,3.5,211.0,4.0,36.0,4.5,23.0,5.0,23.0,2.5,337.0,2.0,440.0,1.5,2567.0,1.0,260.0,0.5,1720.0
2023-04-27 22:11:32.25,1682604692250000000,3.0,2.5,2.0,19162.0,990.0,28175.0,3.0,824.0,3.5,211.0,4.0,36.0,4.5,23.0,5.0,23.0,2.5,237.0,2.0,440.0,1.5,2567.0,1.0,260.0,0.5,1720.0
2023-04-27 22:11:33.75,1682604693750000000,3.0,2.5,2.0,19178.0,1090.0,30675.0,3.0,834.0,3.5,211.0,4.0,36.0,4.5,23.0,5.0,23.0,2.5,137.0,2.0,440.0,1.5,2567.0,1.0,260.0,0.5,1720.0
2023-04-27 22:11:35.25,1682604695250000000,3.0,2.5,2.0,19178.0,1090.0,30675.0,3.0,837.0,3.5,211.0,4.0,36.0,4.5,23.0,5.0,23.0,2.5,137.0,2.0,440.0,1.5,2567.0,1.0,260.0,0.5,1720.0
2023-04-27 22:11:35.5,1682604695500000000,3.0,2.5,2.0,19178.0,1090.0,30675.0,3.0,840.0,3.5,211.0,4.0,36.0,4.5,23.0,5.0,23.0,2.5,137.0,2.0,440.0,1.5,2567.0,1.0,260.0,0.5,1720.0
2023-04-27 22:11:37.75,1682604697750000000,3.0,2.5,2.0,19178.0,1090.0,30675.0,3.0,940.0,3.5,211.0,4.0,36.0,4.5,23.0,5.0,23.0,2.5,137.0,2.0,440.0,1.5,2567.0,1.0,260.0,0.5,1720.0
2023-04-27 22:13:34.0,1682604814000000000,3.0,2.5,2.0,19178.0,1090.0,30675.0,3.0,940.0,3.5,211.0,4.0,36.0,4.5,23.0,5.0,23.0,2.5,138.0,2.0,440.0,1.5,2567.0,1.0,260.0,0.5,1720.0
2023-04-27 22:13:48.5,1682604828500000000,3.0,2.5,2.0,19178.0,1090.0,30675.0,3.0,1040.0,3.5,211.0,4.0,36.0,4.5,23.0,5.0,23.0,2.5,138.0,2.0,440.0,1.5,2567.0,1.0,260.0,0.5,1720.0
2023-04-27 22:13:52.25,1682604832250000000,3.0,2.5,2.0,19178.0,1090.0,30675.0,3.0,1040.0,3.5,211.0,4.0,36.0,4.5,23.0,5.0,23.0,2.5,148.0,2.0,440.0,1.5,2567.0,1.0,260.0,0.5,1720.0
2023-04-27 22:14:41.75,1682604881750000000,3.0,2.5,2.0,19178.0,1090.0,30675.0,3.0,1040.0,3.5,193.0,4.0,36.0,4.5,23.0,5.0,23.0,2.5,148.0,2.0,422.0,1.5,2567.0,1.0,260.0,0.5,1720.0
2023-04-27 22:14:55.75,1682604895750000000,3.0,2.5,2.0,19178.0,1090.0,30675.0,3.0,1040.0,3.5,193.0,4.0,54.0,4.5,23.0,5.0,23.0,2.5,148.0,2.0,422.0,1.5,2585.0,1.0,260.0,0.5,1720.0
2023-04-27 22:14:56.75,1682604896750000000,3.0,2.5,2.0,19178.0,1090.0,30675.0,3.0,1040.0,3.5,211.0,4.0,36.0,4.5,23.0,5.0,23.0,2.5,148.0,2.0,440.0,1.5,2567.0,1.0,260.0,0.5,1720.0
2023-04-27 22:15:09.5,1682604909500000000,3.0,2.5,2.0,19181.0,1093.0,30750.0,3.0,1043.0,3.5,211.0,4.0,36.0,4.5,23.0,5.0,23.0,2.5,145.0,2.0,440.0,1.5,2567.0,1.0,260.0,0.5,1720.0
2023-04-27 22:15:31.25,1682604931250000000,3.0,2.5,2.0,19181.0,1093.0,30750.0,3.0,1043.0,3.5,211.0,4.0,36.0,4.5,23.0,5.0,23.0,2.5,135.0,2.0,440.0,1.5,2567.0,1.0,260.0,0.5,1720.0
2023-04-27 22:16:30.0,1682604990000000000,3.0,2.5,2.0,19181.0,1093.0,30750.0,3.0,1043.0,3.5,211.0,4.0,36.0,4.5,23.0,5.0,23.0,2.5,134.0,2.0,440.0,1.5,2567.0,1.0,260.0,0.5,1720.0
2023-04-27 22:16:38.25,1682604998250000000,3.0,2.5,2.0,19181.0,1093.0,30750.0,3.0,1043.0,3.5,211.0,4.0,36.0,4.5,23.0,5.0,23.0,2.5,134.0,2.0,446.0,1.5,2567.0,1.0,260.0,0.5,1720.0
2023-04-27 22:22:27.75,1682605347750000000,3.0,2.5,2.0,19181.0,1093.0,30750.0,3.0,1143.0,3.5,211.0,4.0,36.0,4.5,23.0,5.0,23.0,2.5,134.0,2.0,446.0,1.5,2567.0,1.0,260.0,0.5,1720.0
2023-04-27 22:22:48.5,1682605368500000000,3.0,2.5,2.0,19181.0,1093.0,30750.0,3.0,1143.0,3.5,201.0,4.0,36.0,4.5,23.0,5.0,23.0,2.5,124.0,2.0,446.0,1.5,2567.0,1.0,260.0,0.5,1720.0
2023-04-27 22:23:24.75,1682605404750000000,3.0,2.5,2.0,19181.0,1093.0,30750.0,3.0,1143.0,3.5,201.0,4.0,36.0,4.5,23.0,5.0,23.0,2.5,132.0,2.0,446.0,1.5,2567.0,1.0,260.0,0.5,1720.0
2023-04-27 22:23:59.0,1682605439000000000,3.0,2.5,2.0,19181.0,1093.0,30750.0,3.0,1143.0,3.5,211.0,4.0,36.0,4.5,23.0,5.0,23.0,2.5,142.0,2.0,446.0,1.5,2567.0,1.0,260.0,0.5,1720.0
2023-04-27 22:24:12.0,1682605452000000000,3.0,2.5,2.0,19182.0,1193.0,33250.0,3.0,1043.0,3.5,211.0,4.0,36.0,4.5,23.0,5.0,23.0,2.5,40.0,2.0,446.0,1.5,2567.0,1.0,260.0,0.5,1720.0
2023-04-27 22:24:12.75,1682605452750000000,3.0,2.5,2.0,19182.0,1193.0,33250.0,3.0,1044.0,3.5,211.0,4.0,36.0,4.5,23.0,5.0,23.0,2.5,41.0,2.0,446.0,1.5,2567.0,1.0,260.0,0.5,1720.0
2023-04-27 22:24:17.25,1682605457250000000,3.0,2.5,2.0,19182.0,1193.0,33250.0,3.0,1144.0,3.5,211.0,4.0,36.0,4.5,23.0,5.0,23.0,2.5,141.0,2.0,446.0,1.5,2567.0,1.0,260.0,0.5,1720.0
2023-04-27 22:24:18.0,1682605458000000000,3.0,2.5,2.0,19272.0,1293.0,35750.0,3.0,1043.0,3.5,211.0,4.0,36.0,4.5,23.0,5.0,23.0,2.0,446.0,1.5,2567.0,1.0,260.0,0.5,1720.0,,0.0
2023-04-27 22:24:18.25,1682605458250000000,3.0,2.5,2.0,19272.0,1293.0,35750.0,3.0,1053.0,3.5,201.0,4.0,36.0,4.5,23.0,5.0,23.0,2.5,10.0,2.0,446.0,1.5,2567.0,1.0,260.0,0.5,1720.0
2023-04-27 22:24:19.25,1682605459250000000,3.0,2.5,2.0,19271.0,1294.0,35775.0,3.0,1053.0,3.5,201.0,4.0,36.0,4.5,23.0,5.0,23.0,2.5,9.0,2.0,446.0,1.5,2567.0,1.0,260.0,0.5,1720.0
2023-04-27 22:24:20.25,1682605460250000000,3.0,2.5,2.0,19271.0,1294.0,35775.0,3.0,1054.0,3.5,201.0,4.0,36.0,4.5,23.0,5.0,23.0,2.5,10.0,2.0,446.0,1.5,2567.0,1.0,260.0,0.5,1720.0
2023-04-27 22:24:23.25,1682605463250000000,3.0,2.5,2.0,19271.0,1294.0,35775.0,3.0,1154.0,3.5,201.0,4.0,36.0,4.5,23.0,5.0,23.0,2.5,128.0,2.0,428.0,1.5,2567.0,1.0,260.0,0.5,1720.0
2023-04-27 22:24:53.25,1682605493250000000,3.0,2.5,2.0,19362.0,1394.0,38275.0,3.0,1053.0,3.5,201.0,4.0,36.0,4.5,23.0,5.0,23.0,2.5,18.0,2.0,428.0,1.5,2567.0,1.0,260.0,0.5,1720.0
2023-04-27 22:24:53.5,1682605493500000000,3.0,2.5,2.0,19362.0,1394.0,38275.0,3.0,1053.0,3.5,201.0,4.0,36.0,4.5,23.0,5.0,23.0,2.5,18.0,2.0,438.0,1.5,2567.0,1.0,260.0,0.5,1720.0
2023-04-27 22:24:54.75,1682605494750000000,3.0,2.5,2.0,19362.0,1395.0,38300.0,3.0,1053.0,3.5,201.0,4.0,36.0,4.5,23.0,5.0,23.0,2.5,17.0,2.0,438.0,1.5,2567.0,1.0,260.0,0.5,1720.0
2023-04-27 22:24:55.75,1682605495750000000,3.0,2.5,2.0,19362.0,1395.0,38300.0,3.0,1054.0,3.5,201.0,4.0,36.0,4.5,23.0,5.0,23.0,2.5,18.0,2.0,438.0,1.5,2567.0,1.0,260.0,0.5,1720.0
2023-04-27 22:24:57.0,1682605497000000000,3.0,2.5,2.0,19380.0,1413.0,38750.0,2.5,82.0,3.0,1071.0,3.5,183.0,4.0,36.0,4.5,23.0,2.0,438.0,1.5,2567.0,1.0,260.0,0.5,1738.0,,0.0
2023-04-27 22:24:58.75,1682605498750000000,3.0,2.5,2.0,19380.0,1413.0,38750.0,2.5,183.0,3.0,1071.0,3.5,183.0,4.0,36.0,4.5,23.0,2.0,539.0,1.5,2567.0,1.0,260.0,0.5,1738.0,,0.0
2023-04-27 22:25:03.0,1682605503000000000,3.0,2.5,2.0,19380.0,1413.0,38750.0,2.5,183.0,3.0,1071.0,3.5,183.0,4.0,36.0,4.5,23.0,2.0,557.0,1.5,2567.0,1.0,260.0,0.5,1720.0,,0.0
2023-04-27 22:25:24.0,1682605524000000000,3.0,2.5,2.0,19380.0,1413.0,38750.0,2.5,283.0,3.0,1071.0,3.5,183.0,4.0,36.0,4.5,23.0,2.0,557.0,1.5,2567.0,1.0,260.0,0.5,1720.0,,0.0
2023-04-27 22:25:26.0,1682605526000000000,3.0,2.5,2.0,19380.0,1413.0,38750.0,2.5,383.0,3.0,1071.0,3.5,183.0,4.0,36.0,4.5,23.0,2.0,557.0,1.5,2567.0,1.0,260.0,0.5,1720.0,,0.0
2023-04-27 22:26:03.0,1682605563000000000,3.0,2.5,2.0,19380.0,1413.0,38750.0,2.5,483.0,3.0,1071.0,3.5,183.0,4.0,36.0,4.5,23.0,2.0,557.0,1.5,2567.0,1.0,260.0,0.5,1720.0,,0.0
2023-04-27 22:26:05.0,1682605565000000000,3.0,2.5,2.0,19380.0,1413.0,38750.0,2.5,583.0,3.0,1071.0,3.5,183.0,4.0,36.0,4.5,23.0,2.0,557.0,1.5,2567.0,1.0,260.0,0.5,1720.0,,0.0
2023-04-27 22:26:06.75,1682605566750000000,3.0,2.5,2.0,19380.0,1413.0,38750.0,2.5,683.0,3.0,1071.0,3.5,183.0,4.0,36.0,4.5,23.0,2.0,557.0,1.5,2567.0,1.0,260.0,0.5,1720.0,,0.0
2023-04-27 22:26:38.75,1682605598750000000,3.0,2.5,2.0,19380.0,1413.0,38750.0,2.5,708.0,3.0,1071.0,3.5,183.0,4.0,36.0,4.5,23.0,2.0,557.0,1.5,2567.0,1.0,260.0,0.5,1720.0,,0.0
2023-04-27 22:28:26.25,1682605706250000000,3.0,2.5,2.0,19380.0,1413.0,38750.0,2.5,708.0,3.0,1071.0,3.5,183.0,4.0,36.0,4.5,23.0,2.0,507.0,1.5,2567.0,1.0,260.0,0.5,1720.0,,0.0
2023-04-27 22:29:12.5,1682605752500000000,3.0,2.5,2.0,19400.0,1433.0,39250.0,2.5,688.0,3.0,1071.0,3.5,183.0,4.0,36.0,4.5,23.0,2.0,507.0,1.5,2567.0,1.0,260.0,0.5,1720.0,,0.0
2023-04-27 22:30:17.0,1682605817000000000,3.0,2.5,2.0,19410.0,1443.0,39500.0,2.5,678.0,3.0,1071.0,3.5,183.0,4.0,36.0,4.5,23.0,2.0,507.0,1.5,2567.0,1.0,260.0,0.5,1720.0,,0.0
2023-04-27 22:31:07.75,1682605867750000000,3.0,2.5,2.0,19410.0,1443.0,39500.0,2.5,678.0,3.0,1071.0,3.5,183.0,4.0,36.0,4.5,23.0,2.0,530.0,1.5,2567.0,1.0,260.0,0.5,1720.0,,0.0
2023-04-27 22:31:15.75,1682605875750000000,3.0,2.5,2.0,19411.0,1444.0,39525.0,2.5,677.0,3.0,1071.0,3.5,183.0,4.0,36.0,4.5,23.0,2.0,530.0,1.5,2567.0,1.0,260.0,0.5,1720.0,,0.0
2023-04-27 22:31:33.5,1682605893500000000,3.0,2.5,2.0,19461.0,1494.0,40775.0,2.5,627.0,3.0,1071.0,3.5,183.0,4.0,36.0,4.5,23.0,2.0,530.0,1.5,2567.0,1.0,280.0,0.5,1700.0,,0.0
2023-04-27 22:31:38.25,1682605898250000000,3.0,2.5,2.0,19462.0,1544.0,42025.0,2.5,525.0,3.0,1071.0,3.5,183.0,4.0,36.0,4.5,23.0,2.0,429.0,1.5,2567.0,1.0,280.0,0.5,1700.0,,0.0
2023-04-27 22:31:38.5,1682605898500000000,3.0,2.5,2.0,19462.0,1544.0,42025.0,2.5,526.0,3.0,1071.0,3.5,183.0,4.0,36.0,4.5,23.0,2.0,430.0,1.5,2567.0,1.0,280.0,0.5,1700.0,,0.0
2023-04-27 22:31:43.5,1682605903500000000,3.0,2.5,2.0,19462.0,1544.0,42025.0,2.5,626.0,3.0,1071.0,3.5,183.0,4.0,36.0,4.5,23.0,2.0,530.0,1.5,2567.0,1.0,280.0,0.5,1700.0,,0.0
2023-04-27 22:31:45.0,1682605905000000000,3.0,2.5,2.0,19512.0,1594.0,43275.0,2.5,576.0,3.0,1071.0,3.5,183.0,4.0,36.0,4.5,23.0,2.0,530.0,1.5,2567.0,1.0,280.0,0.5,1700.0,,0.0
2023-04-27 22:31:47.5,1682605907500000000,3.0,2.5,2.0,19562.0,1644.0,44525.0,2.5,526.0,3.0,1071.0,3.5,183.0,4.0,36.0,4.5,23.0,2.0,530.0,1.5,2567.0,1.0,280.0,0.5,1700.0,,0.0
2023-04-27 22:31:50.5,1682605910500000000,3.0,2.5,2.0,19612.0,1694.0,45775.0,2.5,476.0,3.0,1071.0,3.5,183.0,4.0,36.0,4.5,23.0,2.0,530.0,1.5,2567.0,1.0,280.0,0.5,1700.0,,0.0
2023-04-27 22:31:53.0,1682605913000000000,3.0,2.5,2.0,19662.0,1744.0,47025.0,2.5,426.0,3.0,1071.0,3.5,183.0,4.0,36.0,4.5,23.0,2.0,530.0,1.5,2567.0,1.0,280.0,0.5,1700.0,,0.0
2023-04-27 22:31:55.5,1682605915500000000,3.0,2.5,2.0,19712.0,1794.0,48275.0,2.5,376.0,3.0,1071.0,3.5,183.0,4.0,36.0,4.5,23.0,2.0,530.0,1.5,2567.0,1.0,280.0,0.5,1700.0,,0.0
2023-04-27 22:31:59.25,1682605919250000000,3.0,2.5,2.0,19762.0,1844.0,49525.0,2.5,326.0,3.0,1071.0,3.5,183.0,4.0,36.0,4.5,23.0,2.0,530.0,1.5,2567.0,1.0,280.0,0.5,1700.0,,0.0
2023-04-27 22:31:59.75,1682605919750000000,3.0,2.5,2.0,19782.0,1864.0,50025.0,2.5,306.0,3.0,1071.0,3.5,183.0,4.0,36.0,4.5,23.0,2.0,530.0,1.5,2567.0,1.0,280.0,0.5,1700.0,,0.0
2023-04-27 22:32:02.25,1682605922250000000,3.0,2.5,2.0,19832.0,1914.0,51275.0,2.5,256.0,3.0,1071.0,3.5,183.0,4.0,36.0,4.5,23.0,2.0,530.0,1.5,2567.0,1.0,280.0,0.5,1700.0,,0.0
2023-04-27 22:32:07.25,1682605927250000000,3.0,2.5,2.0,19882.0,1964.0,52525.0,2.5,206.0,3.0,1071.0,3.5,183.0,4.0,36.0,4.5,23.0,2.0,530.0,1.5,2567.0,1.0,280.0,0.5,1700.0,,0.0
2023-04-27 22:32:17.25,1682605937250000000,3.0,2.5,2.0,19982.0,2064.0,55025.0,2.5,106.0,3.0,1071.0,3.5,183.0,4.0,36.0,4.5,23.0,2.0,530.0,1.5,2567.0,1.0,280.0,0.5,1700.0,,0.0
2023-04-27 22:32:27.25,1682605947250000000,3.0,2.5,2.0,19988.0,2164.0,57525.0,3.0,1071.0,3.5,183.0,4.0,36.0,4.5,23.0,5.0,23.0,2.0,429.0,1.5,2567.0,1.0,280.0,0.5,1700.0,,0.0
2023-04-27 22:32:27.5,1682605947500000000,3.0,2.5,2.0,19988.0,2164.0,57525.0,3.0,1053.0,3.5,183.0,4.0,36.0,4.5,23.0,5.0,23.0,2.0,411.0,1.5,2567.0,1.0,280.0,0.5,1700.0,,0.0
2023-04-27 22:32:28.5,1682605948500000000,3.0,2.5,2.0,19988.0,2164.0,57525.0,3.0,1053.0,3.5,184.0,4.0,36.0,4.5,23.0,5.0,23.0,2.5,1.0,2.0,411.0,1.5,2567.0,1.0,280.0,0.5,1700.0
2023-04-27 22:32:28.75,1682605948750000000,3.0,2.5,2.0,19988.0,2164.0,57525.0,3.0,1053.0,3.5,83.0,4.0,36.0,4.5,23.0,5.0,23.0,2.0,411.0,1.5,2567.0,1.0,280.0,0.5,1700.0,,0.0
2023-04-27 22:32:29.5,1682605949500000000,3.0,2.5,2.0,19988.0,2164.0,57525.0,3.0,1053.0,3.5,102.0,4.0,36.0,4.5,23.0,5.0,23.0,2.5,1.0,2.0,429.0,1.5,2567.0,1.0,280.0,0.5,1700.0
2023-04-27 22:32:29.75,1682605949750000000,3.0,2.5,2.0,19988.0,2164.0,57525.0,3.0,1053.0,3.5,101.0,4.0,36.0,4.5,23.0,5.0,23.0,2.0,429.0,1.5,2567.0,1.0,280.0,0.5,1700.0,,0.0
2023-04-27 22:32:30.5,1682605950500000000,3.0,2.5,2.0,19988.0,2164.0,57525.0,3.0,1053.0,3.5,102.0,4.0,36.0,4.5,23.0,5.0,23.0,2.5,1.0,2.0,429.0,1.5,2567.0,1.0,280.0,0.5,1700.0
2023-04-27 22:32:30.75,1682605950750000000,3.0,2.5,2.0,19988.0,2164.0,57525.0,3.0,1053.0,3.5,101.0,4.0,36.0,4.5,23.0,5.0,23.0,2.0,429.0,1.5,2567.0,1.0,280.0,0.5,1700.0,,0.0
2023-04-27 22:32:31.5,1682605951500000000,3.0,2.5,2.0,19988.0,2164.0,57525.0,3.0,1053.0,3.5,102.0,4.0,36.0,4.5,23.0,5.0,23.0,2.5,1.0,2.0,429.0,1.5,2567.0,1.0,280.0,0.5,1700.0
2023-04-27 22:32:31.75,1682605951750000000,3.0,2.5,2.0,19988.0,2164.0,57525.0,3.0,1053.0,3.5,101.0,4.0,36.0,4.5,23.0,5.0,23.0,2.0,429.0,1.5,2567.0,1.0,280.0,0.5,1700.0,,0.0
2023-04-27 22:32:32.5,1682605952500000000,3.0,2.5,2.0,19988.0,2164.0,57525.0,3.0,1153.0,3.5,102.0,4.0,36.0,4.5,23.0,5.0,23.0,2.5,1.0,2.0,529.0,1.5,2567.0,1.0,280.0,0.5,1700.0
2023-04-27 22:32:32.75,1682605952750000000,3.0,2.5,2.0,19988.0,2164.0,57525.0,3.0,1153.0,3.5,101.0,4.0,36.0,4.5,23.0,5.0,23.0,2.0,529.0,1.5,2567.0,1.0,280.0,0.5,1700.0,,0.0
2023-04-27 22:32:33.75,1682605953750000000,3.0,2.5,2.0,19988.0,2164.0,57525.0,3.0,1153.0,3.5,102.0,4.0,36.0,4.5,23.0,5.0,23.0,2.5,1.0,2.0,529.0,1.5,2567.0,1.0,280.0,0.5,1700.0
2023-04-27 22:32:34.0,1682605954000000000,3.0,2.5,2.0,19988.0,2164.0,57525.0,3.0,1153.0,3.5,101.0,4.0,36.0,4.5,23.0,5.0,23.0,2.5,100.0,2.0,429.0,1.5,2567.0,1.0,280.0,0.5,1700.0
2023-04-27 22:32:34.75,1682605954750000000,3.0,2.5,2.0,19988.0,2164.0,57525.0,3.0,1154.0,3.5,101.0,4.0,36.0,4.5,23.0,5.0,23.0,2.5,101.0,2.0,429.0,1.5,2567.0,1.0,280.0,0.5,1700.0
2023-04-27 22:33:09.5,1682605989500000000,3.0,3.0,2.0,19989.0,2165.0,57555.0,3.0,1153.0,3.5,101.0,4.0,36.0,4.5,23.0,5.0,23.0,2.5,101.0,2.0,429.0,1.5,2567.0,1.0,280.0,0.5,1700.0
2023-04-27 22:33:28.5,1682606008500000000,3.0,3.0,2.0,19989.0,2165.0,57555.0,3.0,1053.0,3.5,101.0,4.0,36.0,4.5,23.0,5.0,23.0,2.5,101.0,2.0,429.0,1.5,2567.0,1.0,280.0,0.5,1700.0
2023-04-27 22:33:56.75,1682606036750000000,3.0,3.0,2.0,19989.0,2165.0,57555.0,3.0,1053.0,3.5,101.0,4.0,36.0,4.5,23.0,5.0,23.0,2.5,154.0,2.0,429.0,1.5,2567.0,1.0,280.0,0.5,1700.0
2023-04-27 22:34:00.0,1682606040000000000,3.0,3.0,2.0,19989.0,2165.0,57555.0,3.0,1053.0,3.5,101.0,4.0,36.0,4.5,23.0,5.0,23.0,2.5,254.0,2.0,429.0,1.5,2567.0,1.0,280.0,0.5,1700.0
2023-04-27 22:34:00.25,1682606040250000000,3.0,3.0,2.0,19989.0,2165.0,57555.0,3.0,1053.0,3.5,101.0,4.0,36.0,4.5,23.0,5.0,23.0,2.5,454.0,2.0,429.0,1.5,2567.0,1.0,280.0,0.5,1700.0
2023-04-27 22:34:13.75,1682606053750000000,3.0,3.0,2.0,19989.0,2165.0,57555.0,3.0,1053.0,3.5,101.0,4.0,36.0,4.5,23.0,5.0,23.0,2.5,254.0,2.0,429.0,1.5,2567.0,1.0,280.0,0.5,1700.0
2023-04-27 22:34:14.0,1682606054000000000,3.0,3.0,2.0,19989.0,2165.0,57555.0,3.0,1053.0,3.5,101.0,4.0,36.0,4.5,23.0,5.0,23.0,2.5,154.0,2.0,429.0,1.5,2567.0,1.0,280.0,0.5,1700.0
2023-04-27 22:34:51.25,1682606091250000000,3.0,3.0,2.0,19989.0,2165.0,57555.0,3.0,1053.0,3.5,101.0,4.0,36.0,4.5,23.0,5.0,23.0,2.5,204.0,2.0,429.0,1.5,2567.0,1.0,280.0,0.5,1700.0
2023-04-27 22:35:15.75,1682606115750000000,3.0,3.0,2.0,19989.0,2165.0,57555.0,3.0,1053.0,3.5,101.0,4.0,36.0,4.5,23.0,5.0,23.0,2.5,169.0,2.0,411.0,1.5,2587.0,1.0,260.0,0.5,1700.0
2023-04-27 22:36:40.75,1682606200750000000,3.0,3.0,2.0,19989.0,2165.0,57555.0,3.0,1053.0,3.5,83.0,4.0,36.0,4.5,23.0,5.0,23.0,2.5,151.0,2.0,411.0,1.5,2587.0,1.0,260.0,0.5,1700.0
2023-04-27 22:36:41.0,1682606201000000000,3.0,3.0,2.0,19989.0,2165.0,57555.0,3.0,1053.0,3.5,101.0,4.0,36.0,4.5,23.0,5.0,23.0,2.5,151.0,2.0,429.0,1.5,2587.0,1.0,260.0,0.5,1700.0
2023-04-27 22:37:15.25,1682606235250000000,3.0,3.0,2.0,19989.0,2165.0,57555.0,3.0,1053.0,3.5,83.0,4.0,36.0,4.5,23.0,5.0,23.0,2.5,151.0,2.0,411.0,1.5,2587.0,1.0,260.0,0.5,1700.0
2023-04-27 22:37:17.25,1682606237250000000,3.0,3.0,2.0,19989.0,2165.0,57555.0,3.0,1053.0,3.5,101.0,4.0,36.0,4.5,23.0,5.0,23.0,2.5,169.0,2.0,411.0,1.5,2587.0,1.0,260.0,0.5,1700.0
2023-04-27 22:39:43.0,1682606383000000000,3.0,3.0,2.0,19989.0,2165.0,57555.0,3.0,1153.0,3.5,101.0,4.0,36.0,4.5,23.0,5.0,23.0,2.5,169.0,2.0,411.0,1.5,2587.0,1.0,260.0,0.5,1700.0
2023-04-27 22:40:12.75,1682606412750000000,3.0,3.0,2.0,19989.0,2165.0,57555.0,3.0,1153.0,3.5,201.0,4.0,36.0,4.5,23.0,5.0,23.0,2.5,169.0,2.0,411.0,1.5,2587.0,1.0,260.0,0.5,1700.0
2023-04-27 22:40:13.25,1682606413250000000,3.0,3.0,2.0,19989.0,2165.0,57555.0,3.0,1153.0,3.5,206.0,4.0,36.0,4.5,23.0,5.0,23.0,2.5,169.0,2.0,411.0,1.5,2587.0,1.0,260.0,0.5,1700.0
2023-04-27 22:40:16.25,1682606416250000000,3.0,3.0,2.0,19989.0,2165.0,57555.0,3.0,1053.0,3.5,206.0,4.0,36.0,4.5,23.0,5.0,23.0,2.5,169.0,2.0,411.0,1.5,2587.0,1.0,260.0,0.5,1700.0
2023-04-27 22:40:31.75,1682606431750000000,3.0,3.0,2.0,19989.0,2165.0,57555.0,3.0,1053.0,3.5,206.0,4.0,36.0,4.5,23.0,5.0,23.0,2.5,119.0,2.0,411.0,1.5,2587.0,1.0,260.0,0.5,1700.0
2023-04-27 22:40:57.0,1682606457000000000,3.0,3.0,2.0,19989.0,2165.0,57555.0,3.0,1058.0,3.5,206.0,4.0,36.0,4.5,23.0,5.0,23.0,2.5,101.0,2.0,429.0,1.5,2587.0,1.0,260.0,0.5,1700.0
2023-04-27 22:42:04.75,1682606524750000000,3.0,3.0,2.0,19989.0,2165.0,57555.0,3.0,1058.0,3.5,188.0,4.0,36.0,4.5,23.0,5.0,23.0,2.5,101.0,2.0,411.0,1.5,2587.0,1.0,260.0,0.5,1700.0
2023-04-27 22:42:05.0,1682606525000000000,3.0,3.0,2.0,19989.0,2165.0,57555.0,3.0,1058.0,3.5,206.0,4.0,36.0,4.5,23.0,5.0,23.0,2.5,119.0,2.0,411.0,1.5,2587.0,1.0,260.0,0.5,1700.0
2023-04-27 22:43:05.25,1682606585250000000,3.0,3.0,2.0,19989.0,2165.0,57555.0,3.0,1058.0,3.5,206.0,4.0,36.0,4.5,23.0,5.0,23.0,2.5,149.0,2.0,431.0,1.5,2567.0,1.0,260.0,0.5,1700.0
2023-04-27 22:43:13.0,1682606593000000000,3.0,3.0,2.0,19989.0,2165.0,57555.0,3.0,1058.0,3.5,206.0,4.0,36.0,4.5,23.0,5.0,23.0,2.5,149.0,2.0,408.0,1.5,2567.0,1.0,260.0,0.5,1700.0
2023-04-27 22:43:26.25,1682606606250000000,3.0,3.0,2.0,19989.0,2165.0,57555.0,3.0,1058.0,3.5,188.0,4.0,36.0,4.5,23.0,5.0,23.0,2.5,131.0,2.0,408.0,1.5,2567.0,1.0,260.0,0.5,1700.0
2023-04-27 22:43:44.0,1682606624000000000,3.0,3.0,2.0,19999.0,2175.0,57855.0,3.0,1048.0,3.5,188.0,4.0,36.0,4.5,23.0,5.0,23.0,2.5,131.0,2.0,388.0,1.5,2587.0,1.0,260.0,0.5,1700.0
2023-04-27 22:44:41.0,1682606681000000000,3.0,3.0,2.0,19999.0,2175.0,57855.0,3.0,1048.0,3.5,188.0,4.0,36.0,4.5,41.0,5.0,23.0,2.5,131.0,2.0,388.0,1.5,2605.0,1.0,260.0,0.5,1700.0
2023-04-27 22:44:41.5,1682606681500000000,3.0,3.0,2.0,19999.0,2175.0,57855.0,3.0,1048.0,3.5,188.0,4.0,36.0,4.5,23.0,5.0,23.0,2.5,131.0,2.0,388.0,1.5,2587.0,1.0,260.0,0.5,1700.0
2023-04-27 22:44:43.5,1682606683500000000,3.0,3.0,2.0,19999.0,2175.0,57855.0,3.0,1048.0,3.5,206.0,4.0,36.0,4.5,23.0,5.0,23.0,2.5,131.0,2.0,406.0,1.5,2587.0,1.0,260.0,0.5,1700.0
2023-04-27 22:45:38.25,1682606738250000000,3.0,3.0,2.0,20004.0,2180.0,58005.0,3.0,1043.0,3.5,206.0,4.0,36.0,4.5,23.0,5.0,23.0,2.5,131.0,2.0,406.0,1.5,2587.0,1.0,260.0,0.5,1700.0
2023-04-27 22:46:59.75,1682606819750000000,3.0,3.0,2.0,20004.0,2180.0,58005.0,3.0,1043.0,3.5,206.0,4.0,36.0,4.5,23.0,5.0,23.0,2.5,181.0,2.0,406.0,1.5,2587.0,1.0,260.0,0.5,1700.0
2023-04-27 22:47:51.0,1682606871000000000,3.0,3.0,2.0,20004.0,2180.0,58005.0,3.0,1043.0,3.5,188.0,4.0,36.0,4.5,23.0,5.0,23.0,2.5,181.0,2.0,388.0,1.5,2587.0,1.0,260.0,0.5,1700.0
2023-04-27 22:48:21.0,1682606901000000000,3.0,3.0,2.0,20004.0,2180.0,58005.0,3.0,1043.0,3.5,188.0,4.0,36.0,4.5,41.0,5.0,23.0,2.5,181.0,2.0,388.0,1.5,2605.0,1.0,260.0,0.5,1700.0
2023-04-27 22:48:21.75,1682606901750000000,3.0,3.0,2.0,20004.0,2180.0,58005.0,3.0,1043.0,3.5,188.0,4.0,36.0,4.5,23.0,5.0,23.0,2.5,181.0,2.0,388.0,1.5,2587.0,1.0,260.0,0.5,1700.0
2023-04-27 22:48:23.75,1682606903750000000,3.0,3.0,2.0,20004.0,2180.0,58005.0,3.0,1043.0,3.5,206.0,4.0,36.0,4.5,23.0,5.0,23.0,2.5,181.0,2.0,406.0,1.5,2587.0,1.0,260.0,0.5,1700.0
2023-04-27 22:51:19.5,1682607079500000000,3.0,3.0,2.0,20004.0,2180.0,58005.0,3.0,1043.0,3.5,206.0,4.0,36.0,4.5,23.0,5.0,23.0,2.5,199.0,2.0,388.0,1.5,2587.0,1.0,260.0,0.5,1700.0
2023-04-27 22:51:30.0,1682607090000000000,3.0,3.0,2.0,20004.0,2180.0,58005.0,3.0,1043.0,3.5,206.0,4.0,36.0,4.5,23.0,5.0,23.0,2.5,181.0,2.0,406.0,1.5,2587.0,1.0,260.0,0.5,1700.0
2023-04-27 22:51:34.25,1682607094250000000,3.0,3.0,2.0,20004.0,2180.0,58005.0,3.0,1043.0,3.5,206.0,4.0,36.0,4.5,23.0,5.0,23.0,2.5,199.0,2.0,388.0,1.5,2587.0,1.0,260.0,0.5,1700.0
2023-04-27 22:51:43.75,1682607103750000000,3.0,3.0,2.0,20004.0,2180.0,58005.0,3.0,1043.0,3.5,188.0,4.0,36.0,4.5,23.0,5.0,23.0,2.5,181.0,2.0,388.0,1.5,2587.0,1.0,260.0,0.5,1700.0
2023-04-27 22:51:45.75,1682607105750000000,3.0,3.0,2.0,20004.0,2180.0,58005.0,3.0,1043.0,3.5,206.0,4.0,36.0,4.5,23.0,5.0,23.0,2.5,181.0,2.0,406.0,1.5,2587.0,1.0,260.0,0.5,1700.0
2023-04-27 22:52:00.5,1682607120500000000,3.0,3.0,2.0,20004.0,2180.0,58005.0,3.0,1043.0,3.5,188.0,4.0,36.0,4.5,23.0,5.0,23.0,2.5,181.0,2.0,388.0,1.5,2587.0,1.0,260.0,0.5,1700.0
2023-04-27 22:52:02.0,1682607122000000000,3.0,3.0,2.0,20004.0,2180.0,58005.0,3.0,1043.0,3.5,206.0,4.0,36.0,4.5,23.0,5.0,23.0,2.5,181.0,2.0,406.0,1.5,2587.0,1.0,260.0,0.5,1700.0
2023-04-27 22:52:11.25,1682607131250000000,3.0,3.0,2.0,20004.0,2180.0,58005.0,3.0,1043.0,3.5,206.0,4.0,36.0,4.5,23.0,5.0,23.0,2.5,131.0,2.0,406.0,1.5,2587.0,1.0,260.0,0.5,1700.0
2023-04-27 22:54:24.5,1682607264500000000,3.0,3.0,2.0,20004.0,2180.0,58005.0,3.0,1043.0,3.5,206.0,4.0,36.0,4.5,23.0,5.0,23.0,2.5,101.0,2.0,406.0,1.5,2587.0,1.0,260.0,0.5,1700.0
2023-04-27 22:56:36.25,1682607396250000000,3.0,3.0,2.0,20004.0,2180.0,58005.0,3.0,1043.0,3.5,206.0,4.0,20.0,4.5,23.0,5.0,23.0,2.5,101.0,2.0,406.0,1.5,2587.0,1.0,260.0,0.5,1700.0
2023-04-27 22:56:36.5,1682607396500000000,3.0,3.0,2.0,20004.0,2180.0,58005.0,3.0,1043.0,3.5,206.0,4.0,20.0,4.5,23.0,5.0,23.0,2.5,119.0,2.0,388.0,1.5,2571.0,1.0,260.0,0.5,1700.0
2023-04-27 22:57:20.75,1682607440750000000,3.0,3.0,2.0,20004.0,2180.0,58005.0,3.0,1043.0,3.5,206.0,4.0,20.0,4.5,23.0,5.0,23.0,2.5,119.0,2.0,388.0,1.5,2551.0,1.0,260.0,0.5,1700.0
2023-04-27 22:58:01.0,1682607481000000000,3.0,3.0,2.0,20004.0,2180.0,58005.0,3.0,973.0,3.5,206.0,4.0,20.0,4.5,23.0,5.0,23.0,2.5,119.0,2.0,388.0,1.5,2551.0,1.0,260.0,0.5,1700.0
2023-04-27 22:58:21.75,1682607501750000000,3.0,3.0,2.0,20004.0,2180.0,58005.0,3.0,973.0,3.5,188.0,4.0,20.0,4.5,23.0,5.0,23.0,2.5,101.0,2.0,388.0,1.5,2551.0,1.0,260.0,0.5,1700.0
2023-04-27 22:58:44.5,1682607524500000000,3.0,3.0,2.0,20004.0,2180.0,58005.0,3.0,873.0,3.5,188.0,4.0,20.0,4.5,23.0,5.0,23.0,2.5,1.0,2.0,388.0,1.5,2551.0,1.0,260.0,0.5,1700.0
2023-04-27 22:58:44.75,1682607524750000000,3.0,3.0,2.0,20004.0,2180.0,58005.0,3.0,872.0,3.5,188.0,4.0,20.0,4.5,23.0,5.0,23.0,2.0,388.0,1.5,2551.0,1.0,260.0,0.5,1700.0,,0.0
2023-04-27 22:58:45.75,1682607525750000000,3.0,3.0,2.0,20004.0,2180.0,58005.0,3.0,873.0,3.5,188.0,4.0,20.0,4.5,23.0,5.0,23.0,2.0,389.0,1.5,2551.0,1.0,260.0,0.5,1700.0,,0.0
2023-04-27 22:58:57.5,1682607537500000000,3.0,3.0,2.0,20004.0,2180.0,58005.0,3.0,872.0,3.5,188.0,4.0,20.0,4.5,23.0,5.0,23.0,2.0,388.0,1.5,2551.0,1.0,260.0,0.5,1700.0,,0.0
2023-04-27 22:59:01.75,1682607541750000000,3.0,3.0,2.0,20004.0,2180.0,58005.0,3.0,862.0,3.5,188.0,4.0,20.0,4.5,23.0,5.0,23.0,2.0,378.0,1.5,2551.0,1.0,260.0,0.5,1700.0,,0.0
2023-04-27 22:59:02.0,1682607542000000000,3.0,3.0,2.0,20004.0,2180.0,58005.0,3.0,872.0,3.5,188.0,4.0,20.0,4.5,23.0,5.0,23.0,2.0,388.0,1.5,2551.0,1.0,260.0,0.5,1700.0,,0.0
2023-04-27 22:59:31.5,1682607571500000000,3.0,3.0,2.0,20004.0,2180.0,58005.0,3.0,862.0,3.5,188.0,4.0,20.0,4.5,23.0,5.0,23.0,2.0,378.0,1.5,2551.0,1.0,260.0,0.5,1700.0,,0.0
2023-04-27 22:59:52.25,1682607592250000000,3.0,3.0,2.0,20004.0,2180.0,58005.0,3.0,862.0,3.5,188.0,4.0,20.0,4.5,23.0,5.0,23.0,2.0,428.0,1.5,2551.0,1.0,260.0,0.5,1700.0,,0.0
2023-04-28 08:55:00.0,1682643300000000000,3.0,3.0,2.0,20004.0,2180.0,58005.0,3.0,862.0,3.5,188.0,4.0,20.0,4.5,23.0,5.0,23.0,2.0,428.0,1.5,2551.0,1.0,260.0,0.5,1700.0,,0.0
2023-04-28 09:00:01.75,1682643601750000000,3.0,3.0,2.0,20004.0,2180.0,58005.0,3.0,862.0,3.5,188.0,4.0,20.0,4.5,23.0,5.0,39.0,2.0,428.0,1.5,2551.0,1.0,276.0,0.5,1700.0,,0.0
2023-04-28 09:01:34.75,1682643694750000000,3.0,3.0,2.0,20004.0,2180.0,58005.0,3.0,862.0,3.5,188.0,4.0,38.0,4.5,23.0,5.0,39.0,2.0,428.0,1.5,2569.0,1.0,276.0,0.5,1700.0,,0.0
2023-04-28 09:02:03.25,1682643723250000000,3.0,3.0,2.0,20004.0,2180.0,58005.0,3.0,862.0,3.5,206.0,4.0,20.0,4.5,23.0,5.0,39.0,2.0,396.0,1.5,2551.0,1.0,276.0,0.5,1700.0,,0.0
2023-04-28 09:03:02.0,1682643782000000000,3.0,3.0,2.0,20004.0,2180.0,58005.0,3.0,862.0,3.5,206.0,4.0,20.0,4.5,39.0,5.0,23.0,2.0,396.0,1.5,2551.0,1.0,276.0,0.5,1700.0,,0.0
2023-04-28 09:03:22.75,1682643802750000000,3.0,3.0,2.0,20004.0,2180.0,58005.0,3.0,872.0,3.5,206.0,4.0,20.0,4.5,39.0,5.0,23.0,2.0,406.0,1.5,2551.0,1.0,276.0,0.5,1700.0,,0.0
2023-04-28 09:03:44.5,1682643824500000000,3.0,3.0,2.0,20004.0,2180.0,58005.0,3.0,873.0,3.5,206.0,4.0,20.0,4.5,39.0,5.0,23.0,2.0,407.0,1.5,2551.0,1.0,276.0,0.5,1700.0,,0.0
2023-04-28 09:04:31.5,1682643871500000000,3.0,3.0,2.0,20004.0,2180.0,58005.0,2.5,20.0,3.0,873.0,3.5,206.0,4.0,20.0,4.5,39.0,2.0,407.0,1.5,2551.0,1.0,276.0,0.5,1700.0,,0.0
2023-04-28 09:04:31.75,1682643871750000000,3.0,3.0,2.0,20004.0,2180.0,58005.0,2.5,21.0,3.0,890.0,3.5,188.0,4.0,20.0,4.5,39.0,2.0,407.0,1.5,2551.0,1.0,276.0,0.5,1700.0,,0.0
2023-04-28 09:05:02.0,1682643902000000000,3.0,3.0,2.0,20004.0,2180.0,58005.0,2.5,21.0,3.0,890.0,3.5,188.0,4.0,20.0,4.5,39.0,2.0,407.0,1.5,2567.0,1.0,260.0,0.5,1700.0,,0.0
2023-04-28 09:05:24.5,1682643924500000000,3.0,3.0,2.0,20004.0,2180.0,58005.0,2.5,29.0,3.0,890.0,3.5,188.0,4.0,20.0,4.5,39.0,2.0,407.0,1.5,2567.0,1.0,260.0,0.5,1700.0,,0.0
2023-04-28 09:05:39.0,1682643939000000000,3.0,3.0,2.0,20004.0,2180.0,58005.0,2.5,29.0,3.0,890.0,3.5,188.0,4.0,20.0,4.5,39.0,2.0,507.0,1.5,2567.0,1.0,260.0,0.5,1700.0,,0.0
2023-04-28 09:06:18.5,1682643978500000000,3.0,2.5,2.0,20005.0,2209.0,58730.0,3.0,872.0,3.5,206.0,4.0,20.0,4.5,39.0,5.0,23.0,2.5,1.0,2.0,506.0,1.5,2567.0,1.0,260.0,0.5,1700.0
2023-04-28 09:06:19.75,1682643979750000000,3.0,2.5,2.0,20005.0,2209.0,58730.0,3.0,873.0,3.5,206.0,4.0,20.0,4.5,39.0,5.0,23.0,2.5,2.0,2.0,506.0,1.5,2567.0,1.0,260.0,0.5,1700.0
2023-04-28 09:06:20.75,1682643980750000000,3.0,2.5,2.0,20005.0,2209.0,58730.0,3.0,873.0,3.5,206.0,4.0,20.0,4.5,39.0,5.0,23.0,2.5,22.0,2.0,506.0,1.5,2567.0,1.0,260.0,0.5,1700.0
2023-04-28 09:06:41.5,1682644001500000000,3.0,2.5,2.0,20005.0,2209.0,58730.0,3.0,873.0,3.5,206.0,4.0,20.0,4.5,39.0,5.0,23.0,2.5,21.0,2.0,506.0,1.5,2567.0,1.0,260.0,0.5,1700.0
2023-04-28 09:07:38.75,1682644058750000000,3.0,2.5,2.0,20005.0,2209.0,58730.0,3.0,873.0,3.5,206.0,4.0,20.0,4.5,39.0,5.0,23.0,2.5,39.0,2.0,538.0,1.5,2567.0,1.0,260.0,0.5,1700.0
2023-04-28 09:08:46.5,1682644126500000000,3.0,2.5,2.0,20005.0,2209.0,58730.0,3.0,873.0,3.5,206.0,4.0,20.0,4.5,39.0,5.0,23.0,2.5,21.0,2.0,556.0,1.5,2567.0,1.0,260.0,0.5,1700.0
2023-04-28 09:10:16.75,1682644216750000000,3.0,2.5,2.0,20005.0,2209.0,58730.0,3.0,873.0,3.5,206.0,4.0,20.0,4.5,39.0,5.0,23.0,2.5,21.0,2.0,576.0,1.5,2567.0,1.0,260.0,0.5,1700.0
2023-04-28 09:10:18.25,1682644218250000000,3.0,2.5,2.0,20005.0,2209.0,58730.0,3.0,883.0,3.5,206.0,4.0,20.0,4.5,39.0,5.0,23.0,2.5,31.0,2.0,576.0,1.5,2567.0,1.0,260.0,0.5,1700.0
2023-04-28 09:10:31.75,1682644231750000000,3.0,2.5,2.0,20005.0,2209.0,58730.0,3.0,883.0,3.5,206.0,4.0,20.0,4.5,39.0,5.0,23.0,2.5,29.0,2.0,578.0,1.5,2567.0,1.0,260.0,0.5,1700.0
2023-04-28 09:13:04.75,1682644384750000000,3.0,2.5,2.0,20005.0,2209.0,58730.0,3.0,883.0,3.5,206.0,4.0,36.0,4.5,23.0,5.0,23.0,2.5,11.0,2.0,596.0,1.5,2567.0,1.0,260.0,0.5,1700.0
2023-04-28 09:13:40.75,1682644420750000000,3.0,2.5,2.0,19995.0,2219.0,58980.0,3.0,872.0,3.5,206.0,4.0,36.0,4.5,23.0,5.0,23.0,2.0,596.0,1.5,2567.0,1.0,260.0,0.5,1700.0,,0.0
2023-04-28 09:13:41.75,1682644421750000000,3.0,2.5,2.0,19995.0,2219.0,58980.0,3.0,873.0,3.5,206.0,4.0,36.0,4.5,23.0,5.0,23.0,2.0,597.0,1.5,2567.0,1.0,260.0,0.5,1700.0,,0.0
2023-04-28 09:13:46.0,1682644426000000000,3.0,2.5,2.0,19995.0,2219.0,58980.0,3.0,883.0,3.5,206.0,4.0,36.0,4.5,23.0,5.0,23.0,2.0,607.0,1.5,2567.0,1.0,260.0,0.5,1700.0,,0.0
2023-04-28 09:14:33.5,1682644473500000000,3.0,2.5,2.0,19995.0,2219.0,58980.0,3.0,883.0,3.5,206.0,4.0,36.0,4.5,23.0,5.0,23.0,2.0,657.0,1.5,2567.0,1.0,260.0,0.5,1700.0,,0.0
2023-04-28 09:14:36.25,1682644476250000000,3.0,3.0,2.0,20000.0,2224.0,59130.0,3.0,878.0,3.5,206.0,4.0,36.0,4.5,23.0,5.0,23.0,2.0,657.0,1.5,2567.0,1.0,260.0,0.5,1700.0,,0.0
2023-04-28 09:14:39.75,1682644479750000000,3.0,3.0,2.0,20005.0,2229.0,59280.0,3.0,873.0,3.5,206.0,4.0,36.0,4.5,23.0,5.0,23.0,2.0,657.0,1.5,2567.0,1.0,260.0,0.5,1700.0,,0.0
2023-04-28 09:14:43.75,1682644483750000000,3.0,3.0,2.0,20010.0,2234.0,59430.0,3.0,868.0,3.5,206.0,4.0,36.0,4.5,23.0,5.0,23.0,2.0,657.0,1.5,2567.0,1.0,260.0,0.5,1700.0,,0.0
2023-04-28 09:14:48.5,1682644488500000000,3.0,3.0,2.0,20015.0,2239.0,59580.0,3.0,863.0,3.5,206.0,4.0,36.0,4.5,23.0,5.0,23.0,2.0,657.0,1.5,2567.0,1.0,260.0,0.5,1700.0,,0.0
2023-04-28 09:15:00.0,1682644500000000000,3.0,3.0,2.0,20015.0,2239.0,59580.0,3.0,863.0,3.5,206.0,4.0,36.0,4.5,23.0,5.0,23.0,2.0,707.0,1.5,2567.0,1.0,260.0,0.5,1700.0,,0.0
2023-04-28 09:15:04.25,1682644504250000000,3.0,3.0,2.0,20065.0,2289.0,61080.0,3.0,813.0,3.5,206.0,4.0,36.0,4.5,23.0,5.0,23.0,2.0,707.0,1.5,2567.0,1.0,260.0,0.5,1700.0,,0.0
2023-04-28 09:15:07.75,1682644507750000000,3.0,3.0,2.0,20115.0,2339.0,62580.0,3.0,763.0,3.5,206.0,4.0,36.0,4.5,23.0,5.0,23.0,2.0,707.0,1.5,2567.0,1.0,260.0,0.5,1700.0,,0.0
2023-04-28 09:15:10.75,1682644510750000000,3.0,3.0,2.0,20165.0,2389.0,64080.0,3.0,713.0,3.5,206.0,4.0,36.0,4.5,23.0,5.0,23.0,2.0,707.0,1.5,2567.0,1.0,260.0,0.5,1700.0,,0.0
2023-04-28 09:15:13.0,1682644513000000000,3.0,3.0,2.0,20215.0,2439.0,65580.0,3.0,663.0,3.5,206.0,4.0,36.0,4.5,23.0,5.0,23.0,2.0,707.0,1.5,2567.0,1.0,260.0,0.5,1700.0,,0.0
2023-04-28 09:15:15.75,1682644515750000000,3.0,3.0,2.0,20265.0,2489.0,67080.0,3.0,613.0,3.5,206.0,4.0,36.0,4.5,23.0,5.0,23.0,2.0,707.0,1.5,2567.0,1.0,260.0,0.5,1700.0,,0.0
2023-04-28 09:15:30.75,1682644530750000000,3.0,3.0,2.0,20265.0,2489.0,67080.0,3.0,743.0,3.5,206.0,4.0,36.0,4.5,23.0,5.0,23.0,2.0,707.0,1.5,2567.0,1.0,260.0,0.5,1700.0,,0.0
2023-04-28 09:15:34.5,1682644534500000000,3.0,3.0,2.0,20265.0,2489.0,67080.0,3.0,843.0,3.5,206.0,4.0,36.0,4.5,23.0,5.0,23.0,2.0,707.0,1.5,2567.0,1.0,260.0,0.5,1700.0,,0.0
2023-04-28 09:15:41.25,1682644541250000000,3.0,3.0,2.0,20265.0,2489.0,67080.0,3.0,943.0,3.5,206.0,4.0,36.0,4.5,23.0,5.0,23.0,2.0,707.0,1.5,2567.0,1.0,260.0,0.5,1700.0,,0.0
2023-04-28 09:15:43.5,1682644543500000000,3.0,3.0,2.0,20265.0,2489.0,67080.0,3.0,1043.0,3.5,206.0,4.0,36.0,4.5,23.0,5.0,23.0,2.0,707.0,1.5,2567.0,1.0,260.0,0.5,1700.0,,0.0
2023-04-28 09:15:45.0,1682644545000000000,3.0,3.0,2.0,20265.0,2489.0,67080.0,3.0,1043.0,3.5,206.0,4.0,36.0,4.5,23.0,5.0,23.0,2.0,707.0,1.5,2572.0,1.0,260.0,0.5,1700.0,,0.0
2023-04-28 09:15:51.75,1682644551750000000,3.0,3.0,2.0,20265.0,2489.0,67080.0,3.0,1043.0,3.5,206.0,4.0,36.0,4.5,23.0,5.0,23.0,2.0,907.0,1.5,2572.0,1.0,260.0,0.5,1700.0,,0.0
2023-04-28 09:15:54.0,1682644554000000000,3.0,3.0,2.0,20265.0,2489.0,67080.0,3.0,1048.0,3.5,206.0,4.0,36.0,4.5,23.0,5.0,23.0,2.0,907.0,1.5,2572.0,1.0,260.0,0.5,1700.0,,0.0
2023-04-28 09:15:55.5,1682644555500000000,3.0,3.0,2.0,20265.0,2489.0,67080.0,3.0,1048.0,3.5,206.0,4.0,36.0,4.5,23.0,5.0,23.0,2.0,1007.0,1.5,2572.0,1.0,260.0,0.5,1700.0,,0.0
2023-04-28 09:17:48.75,1682644668750000000,3.0,3.0,2.0,20266.0,2490.0,67110.0,3.0,1047.0,3.5,206.0,4.0,36.0,4.5,23.0,5.0,23.0,2.0,1007.0,1.5,2572.0,1.0,260.0,0.5,1700.0,,0.0
2023-04-28 09:18:18.75,1682644698750000000,3.0,3.0,2.0,20316.0,2540.0,68610.0,3.0,997.0,3.5,206.0,4.0,36.0,4.5,23.0,5.0,23.0,2.0,1007.0,1.5,2572.0,1.0,260.0,0.5,1700.0,,0.0
2023-04-28 09:18:36.75,1682644716750000000,3.0,3.0,2.0,20316.0,2540.0,68610.0,3.0,997.0,3.5,206.0,4.0,36.0,4.5,23.0,5.0,23.0,2.0,1107.0,1.5,2572.0,1.0,260.0,0.5,1700.0,,0.0
2023-04-28 09:18:42.75,1682644722750000000,3.0,3.0,2.0,20316.0,2540.0,68610.0,3.0,997.0,3.5,206.0,4.0,36.0,4.5,23.0,5.0,23.0,2.5,49.0,2.0,1108.0,1.5,2572.0,1.0,260.0,0.5,1700.0
2023-04-28 09:21:05.0,1682644865000000000,3.0,3.0,2.0,20316.0,2540.0,68610.0,3.0,997.0,3.5,188.0,4.0,36.0,4.5,23.0,5.0,23.0,2.5,31.0,2.0,1108.0,1.5,2572.0,1.0,260.0,0.5,1700.0
2023-04-28 09:21:07.0,1682644867000000000,3.0,3.0,2.0,20316.0,2540.0,68610.0,3.0,997.0,3.5,206.0,4.0,36.0,4.5,23.0,5.0,23.0,2.5,49.0,2.0,1108.0,1.5,2572.0,1.0,260.0,0.5,1700.0
2023-04-28 09:23:42.25,1682645022250000000,3.0,3.0,2.0,20316.0,2540.0,68610.0,3.0,997.0,3.5,206.0,4.0,36.0,4.5,23.0,5.0,23.0,2.5,49.0,2.0,1108.0,1.5,2572.0,1.0,260.0,0.5,1700.0
2023-04-28 09:32:48.0,1682645568000000000,3.0,2.5,2.0,20336.0,2590.0,69860.0,3.0,1004.0,3.5,188.0,4.0,36.0,4.5,23.0,5.0,23.0,2.5,19.0,2.0,1108.0,1.5,2572.0,1.0,278.0,0.5,1700.0
2023-04-28 09:32:48.5,1682645568500000000,3.0,2.5,2.0,20336.0,2590.0,69860.0,3.0,1005.0,3.5,188.0,4.0,36.0,4.5,23.0,5.0,23.0,2.5,20.0,2.0,1108.0,1.5,2572.0,1.0,278.0,0.5,1700.0
2023-04-28 09:32:54.0,1682645574000000000,3.0,2.5,2.0,20336.0,2590.0,69860.0,3.0,1005.0,3.5,188.0,4.0,36.0,4.5,23.0,5.0,23.0,2.5,38.0,2.0,1108.0,1.5,2572.0,1.0,260.0,0.5,1700.0
2023-04-28 09:32:57.75,1682645577750000000,3.0,2.5,2.0,20346.0,2600.0,70110.0,3.0,987.0,3.5,188.0,4.0,54.0,4.5,23.0,5.0,23.0,2.5,10.0,2.0,1126.0,1.5,2572.0,1.0,260.0,0.5,1700.0
2023-04-28 09:33:03.75,1682645583750000000,3.0,2.5,2.0,20346.0,2600.0,70110.0,3.0,1005.0,3.5,188.0,4.0,36.0,4.5,23.0,5.0,23.0,2.5,28.0,2.0,1108.0,1.5,2572.0,1.0,260.0,0.5,1700.0
2023-04-28 09:33:05.75,1682645585750000000,3.0,2.5,2.0,20355.0,2610.0,70360.0,3.0,986.0,3.5,188.0,4.0,36.0,4.5,23.0,5.0,41.0,2.5,20.0,2.0,1126.0,1.5,2572.0,1.0,260.0,0.5,1700.0
2023-04-28 09:33:07.0,1682645587000000000,3.0,2.5,2.0,20354.0,2611.0,70385.0,3.0,986.0,3.5,188.0,4.0,36.0,4.5,23.0,5.0,41.0,2.5,19.0,2.0,1126.0,1.5,2572.0,1.0,260.0,0.5,1700.0
2023-04-28 09:33:08.0,1682645588000000000,3.0,2.5,2.0,20354.0,2611.0,70385.0,3.0,987.0,3.5,188.0,4.0,36.0,4.5,23.0,5.0,41.0,2.5,20.0,2.0,1126.0,1.5,2572.0,1.0,260.0,0.5,1700.0
2023-04-28 09:33:11.5,1682645591500000000,3.0,2.5,2.0,20354.0,2611.0,70385.0,3.0,997.0,3.5,188.0,4.0,36.0,4.5,23.0,5.0,41.0,2.5,30.0,2.0,1126.0,1.5,2572.0,1.0,260.0,0.5,1700.0
2023-04-28 09:33:11.75,1682645591750000000,3.0,2.5,2.0,20354.0,2611.0,70385.0,3.0,997.0,3.5,206.0,4.0,36.0,4.5,23.0,5.0,23.0,2.5,48.0,2.0,1108.0,1.5,2572.0,1.0,260.0,0.5,1700.0
2023-04-28 09:34:00.5,1682645640500000000,3.0,2.5,2.0,20354.0,2611.0,70385.0,3.0,997.0,3.5,206.0,4.0,36.0,4.5,23.0,5.0,23.0,2.5,29.0,2.0,1128.0,1.5,2572.0,1.0,260.0,0.5,1700.0
2023-04-28 09:34:18.75,1682645658750000000,3.0,2.5,2.0,20354.0,2611.0,70385.0,3.0,997.0,3.5,206.0,4.0,36.0,4.5,23.0,5.0,23.0,2.5,29.0,2.0,1078.0,1.5,2572.0,1.0,260.0,0.5,1700.0
2023-04-28 09:34:25.5,1682645665500000000,3.0,2.5,2.0,20354.0,2611.0,70385.0,3.0,997.0,3.5,206.0,4.0,36.0,4.5,23.0,5.0,23.0,2.5,29.0,2.0,1088.0,1.5,2572.0,1.0,260.0,0.5,1700.0
2023-04-28 09:36:27.0,1682645787000000000,3.0,3.0,2.0,20355.0,2612.0,70415.0,3.0,996.0,3.5,206.0,4.0,36.0,4.5,23.0,5.0,23.0,2.5,49.0,2.0,1068.0,1.5,2572.0,1.0,260.0,0.5,1700.0
2023-04-28 09:36:29.25,1682645789250000000,3.0,3.0,2.0,20355.0,2612.0,70415.0,3.0,996.0,3.5,188.0,4.0,36.0,4.5,23.0,5.0,23.0,2.5,31.0,2.0,1068.0,1.5,2572.0,1.0,260.0,0.5,1700.0
2023-04-28 09:36:52.75,1682645812750000000,3.0,3.0,2.0,20356.0,2613.0,70445.0,3.0,995.0,3.5,188.0,4.0,36.0,4.5,23.0,5.0,23.0,2.5,31.0,2.0,1068.0,1.5,2572.0,1.0,260.0,0.5,1700.0
2023-04-28 09:37:56.0,1682645876000000000,3.0,3.0,2.0,20356.0,2613.0,70445.0,3.0,995.0,3.5,188.0,4.0,36.0,4.5,23.0,5.0,23.0,2.5,51.0,2.0,1068.0,1.5,2572.0,1.0,260.0,0.5,1700.0
2023-04-28 09:38:21.25,1682645901250000000,3.0,3.0,2.0,20356.0,2613.0,70445.0,3.0,995.0,3.5,188.0,4.0,36.0,4.5,41.0,5.0,23.0,2.5,51.0,2.0,1068.0,1.5,2590.0,1.0,260.0,0.5,1700.0
2023-04-28 09:38:22.75,1682645902750000000,3.0,3.0,2.0,20356.0,2613.0,70445.0,3.0,995.0,3.5,206.0,4.0,36.0,4.5,23.0,5.0,23.0,2.5,69.0,2.0,1068.0,1.5,2572.0,1.0,260.0,0.5,1700.0
2023-04-28 09:39:30.0,1682645970000000000,3.0,3.0,2.0,20356.0,2613.0,70445.0,3.0,985.0,3.5,206.0,4.0,36.0,4.5,23.0,5.0,23.0,2.5,69.0,2.0,1058.0,1.5,2572.0,1.0,260.0,0.5,1700.0
2023-04-28 09:39:30.75,1682645970750000000,3.0,3.0,2.0,20356.0,2613.0,70445.0,3.0,995.0,3.5,206.0,4.0,36.0,4.5,23.0,5.0,23.0,2.5,69.0,2.0,1068.0,1.5,2572.0,1.0,260.0,0.5,1700.0
2023-04-28 09:41:04.75,1682646064750000000,3.0,2.5,2.0,20376.0,2663.0,71695.0,3.0,984.0,3.5,206.0,4.0,36.0,4.5,23.0,5.0,23.0,2.5,19.0,2.0,1088.0,1.5,2572.0,1.0,260.0,0.5,1700.0
2023-04-28 09:41:06.25,1682646066250000000,3.0,2.5,2.0,20376.0,2664.0,71720.0,3.0,984.0,3.5,206.0,4.0,36.0,4.5,23.0,5.0,23.0,2.5,18.0,2.0,1088.0,1.5,2572.0,1.0,260.0,0.5,1700.0
2023-04-28 09:41:07.5,1682646067500000000,3.0,2.5,2.0,20376.0,2664.0,71720.0,3.0,985.0,3.5,206.0,4.0,36.0,4.5,23.0,5.0,23.0,2.5,19.0,2.0,1088.0,1.5,2572.0,1.0,260.0,0.5,1700.0
2023-04-28 09:41:56.5,1682646116500000000,3.0,2.5,2.0,20376.0,2664.0,71720.0,3.0,995.0,3.5,206.0,4.0,36.0,4.5,23.0,5.0,23.0,2.5,29.0,2.0,1088.0,1.5,2572.0,1.0,260.0,0.5,1700.0
2023-04-28 09:42:02.5,1682646122500000000,3.0,2.5,2.0,20376.0,2664.0,71720.0,3.0,995.0,3.5,206.0,4.0,36.0,4.5,23.0,5.0,23.0,2.5,29.0,2.0,1088.0,1.5,2572.0,1.0,260.0,0.5,1700.0
2023-04-28 09:49:21.75,1682646561750000000,3.0,2.5,2.0,20376.0,2664.0,71720.0,3.0,995.0,3.5,206.0,4.0,36.0,4.5,23.0,5.0,23.0,2.5,35.0,2.0,1088.0,1.5,2572.0,1.0,260.0,0.5,1700.0
2023-04-28 09:50:27.25,1682646627250000000,3.0,2.5,2.0,20376.0,2664.0,71720.0,3.0,995.0,3.5,206.0,4.0,36.0,4.5,23.0,5.0,23.0,2.5,37.0,2.0,1088.0,1.5,2572.0,1.0,260.0,0.5,1700.0
2023-04-28 09:52:37.25,1682646757250000000,3.0,2.5,2.0,20376.0,2664.0,71720.0,3.0,995.0,3.5,206.0,4.0,36.0,4.5,23.0,5.0,23.0,2.5,49.0,2.0,1088.0,1.5,2572.0,1.0,260.0,0.5,1700.0
2023-04-28 09:54:41.0,1682646881000000000,3.0,2.5,2.0,20376.0,2664.0,71720.0,3.0,995.0,3.5,206.0,4.0,36.0,4.5,23.0,5.0,23.0,2.5,149.0,2.0,1088.0,1.5,2572.0,1.0,260.0,0.5,1700.0
2023-04-28 09:54:45.5,1682646885500000000,3.0,2.5,2.0,20376.0,2664.0,71720.0,3.0,995.0,3.5,206.0,4.0,36.0,4.5,23.0,5.0,23.0,2.5,249.0,2.0,1088.0,1.5,2572.0,1.0,260.0,0.5,1700.0
2023-04-28 09:59:25.5,1682647165500000000,3.0,2.5,2.0,20376.0,2664.0,71720.0,3.0,995.0,3.5,206.0,4.0,36.0,4.5,23.0,5.0,23.0,2.5,265.0,2.0,1088.0,1.5,2572.0,1.0,260.0,0.5,1700.0
2023-04-28 10:01:07.5,1682647267500000000,3.0,2.5,2.0,20376.0,2664.0,71720.0,3.0,995.0,3.5,206.0,4.0,36.0,4.5,23.0,5.0,23.0,2.5,280.0,2.0,1088.0,1.5,2572.0,1.0,260.0,0.5,1700.0
2023-04-28 10:01:57.75,1682647317750000000,3.0,2.5,2.0,20376.0,2664.0,71720.0,3.0,995.0,3.5,406.0,4.0,36.0,4.5,23.0,5.0,23.0,2.5,280.0,2.0,1088.0,1.5,2572.0,1.0,260.0,0.5,1700.0
2023-04-28 10:02:42.75,1682647362750000000,3.0,2.5,2.0,20376.0,2664.0,71720.0,3.0,995.0,3.5,406.0,4.0,36.0,4.5,23.0,5.0,23.0,2.5,290.0,2.0,1088.0,1.5,2572.0,1.0,260.0,0.5,1700.0
2023-04-28 10:03:28.75,1682647408750000000,3.0,2.5,2.0,20376.0,2664.0,71720.0,3.0,1005.0,3.5,406.0,4.0,36.0,4.5,23.0,5.0,23.0,2.5,290.0,2.0,1088.0,1.5,2572.0,1.0,260.0,0.5,1700.0
2023-04-28 10:03:58.75,1682647438750000000,3.0,2.5,2.0,20376.0,2664.0,71720.0,3.0,1010.0,3.5,406.0,4.0,36.0,4.5,23.0,5.0,23.0,2.5,290.0,2.0,1088.0,1.5,2572.0,1.0,260.0,0.5,1700.0
2023-04-28 10:04:52.25,1682647492250000000,3.0,2.5,2.0,20376.0,2664.0,71720.0,3.0,1010.0,3.5,406.0,4.0,36.0,4.5,23.0,5.0,23.0,2.5,291.0,2.0,1088.0,1.5,2572.0,1.0,260.0,0.5,1700.0
2023-04-28 10:05:08.0,1682647508000000000,3.0,2.5,2.0,20376.0,2664.0,71720.0,3.0,1010.0,3.5,406.0,4.0,36.0,4.5,23.0,5.0,23.0,2.5,299.0,2.0,1088.0,1.5,2572.0,1.0,260.0,0.5,1700.0
2023-04-28 10:07:27.5,1682647647500000000,3.0,2.5,2.0,20376.0,2664.0,71720.0,3.0,1010.0,3.5,406.0,4.0,36.0,4.5,23.0,5.0,23.0,2.5,291.0,2.0,1088.0,1.5,2572.0,1.0,260.0,0.5,1700.0
2023-04-28 10:09:02.5,1682647742500000000,3.0,2.5,2.0,20376.0,2664.0,71720.0,3.0,1010.0,3.5,406.0,4.0,36.0,4.5,23.0,5.0,23.0,2.5,291.0,2.0,1093.0,1.5,2572.0,1.0,260.0,0.5,1700.0
2023-04-28 10:14:02.0,1682648042000000000,3.0,2.5,2.0,20376.0,2664.0,71720.0,3.0,1000.0,3.5,406.0,4.0,36.0,4.5,23.0,5.0,23.0,2.5,291.0,2.0,1083.0,1.5,2572.0,1.0,260.0,0.5,1700.0
2023-04-28 10:14:02.25,1682648042250000000,3.0,2.5,2.0,20376.0,2664.0,71720.0,3.0,1010.0,3.5,406.0,4.0,36.0,4.5,23.0,5.0,23.0,2.5,291.0,2.0,1093.0,1.5,2572.0,1.0,260.0,0.5,1700.0
2023-04-28 10:14:29.0,1682648069000000000,3.0,2.5,2.0,20376.0,2664.0,71720.0,3.0,1010.0,3.5,406.0,4.0,36.0,4.5,23.0,5.0,23.0,2.5,291.0,2.0,1073.0,1.5,2572.0,1.0,260.0,0.5,1700.0
2023-04-28 10:14:30.0,1682648070000000000,3.0,2.5,2.0,20376.0,2664.0,71720.0,3.0,1000.0,3.5,406.0,4.0,36.0,4.5,23.0,5.0,23.0,2.5,281.0,2.0,1073.0,1.5,2572.0,1.0,260.0,0.5,1700.0
2023-04-28 10:14:31.5,1682648071500000000,3.0,2.5,2.0,20376.0,2664.0,71720.0,3.0,1000.0,3.5,388.0,4.0,36.0,4.5,23.0,5.0,23.0,2.5,263.0,2.0,1073.0,1.5,2572.0,1.0,260.0,0.5,1700.0
2023-04-28 10:14:57.5,1682648097500000000,3.0,2.5,2.0,20376.0,2664.0,71720.0,3.0,999.0,3.5,388.0,4.0,36.0,4.5,23.0,5.0,23.0,2.5,262.0,2.0,1073.0,1.5,2572.0,1.0,260.0,0.5,1700.0
2023-04-28 10:15:00.0,1682648100000000000,3.0,2.5,2.0,20376.0,2664.0,71720.0,3.0,999.0,3.5,388.0,4.0,36.0,4.5,23.0,5.0,23.0,2.5,262.0,2.0,1073.0,1.5,2572.0,1.0,260.0,0.5,1700.0
2023-04-28 10:30:05.0,1682649005000000000,3.0,3.0,2.0,20376.0,2764.0,74720.0,3.0,899.0,3.5,388.0,4.0,36.0,4.5,23.0,5.0,23.0,2.5,262.0,2.0,1073.0,1.5,2572.0,1.0,260.0,0.5,1700.0
2023-04-28 10:30:05.75,1682649005750000000,3.0,3.0,2.0,20376.0,2864.0,77720.0,3.0,799.0,3.5,388.0,4.0,36.0,4.5,23.0,5.0,23.0,2.5,262.0,2.0,1073.0,1.5,2572.0,1.0,260.0,0.5,1700.0
2023-04-28 10:30:06.25,1682649006250000000,3.0,3.0,2.0,20376.0,2964.0,80720.0,3.0,699.0,3.5,388.0,4.0,36.0,4.5,23.0,5.0,23.0,2.5,262.0,2.0,1073.0,1.5,2572.0,1.0,260.0,0.5,1700.0
2023-04-28 10:30:20.25,1682649020250000000,3.0,3.0,2.0,20376.0,2964.0,80720.0,3.0,699.0,3.5,388.0,4.0,36.0,4.5,23.0,5.0,23.0,2.5,282.0,2.0,1073.0,1.5,2572.0,1.0,260.0,0.5,1700.0
2023-04-28 10:30:31.5,1682649031500000000,3.0,3.0,2.0,20376.0,2964.0,80720.0,3.0,699.0,3.5,388.0,4.0,36.0,4.5,41.0,5.0,23.0,2.5,282.0,2.0,1073.0,1.5,2590.0,1.0,260.0,0.5,1700.0
2023-04-28 10:30:43.25,1682649043250000000,3.0,3.0,2.0,20376.0,2964.0,80720.0,3.0,799.0,3.5,388.0,4.0,36.0,4.5,41.0,5.0,23.0,2.5,282.0,2.0,1073.0,1.5,2590.0,1.0,260.0,0.5,1700.0
2023-04-28 10:30:47.0,1682649047000000000,3.0,3.0,2.0,20376.0,2964.0,80720.0,3.0,799.0,3.5,388.0,4.0,36.0,4.5,23.0,5.0,23.0,2.5,282.0,2.0,1073.0,1.5,2572.0,1.0,260.0,0.5,1700.0
2023-04-28 10:30:47.25,1682649047250000000,3.0,3.0,2.0,20376.0,2964.0,80720.0,3.0,799.0,3.5,406.0,4.0,36.0,4.5,23.0,5.0,23.0,2.5,280.0,2.0,1093.0,1.5,2572.0,1.0,260.0,0.5,1700.0
2023-04-28 10:31:12.5,1682649072500000000,3.0,3.0,2.0,20376.0,2964.0,80720.0,3.0,800.0,3.5,406.0,4.0,36.0,4.5,23.0,5.0,23.0,2.5,281.0,2.0,1093.0,1.5,2572.0,1.0,260.0,0.5,1700.0
2023-04-28 10:31:17.25,1682649077250000000,3.0,3.0,2.0,20377.0,2965.0,80750.0,3.0,799.0,3.5,406.0,4.0,36.0,4.5,23.0,5.0,23.0,2.5,281.0,2.0,1093.0,1.5,2572.0,1.0,260.0,0.5,1700.0
2023-04-28 10:31:40.0,1682649100000000000,3.0,3.0,2.0,20390.0,2985.0,81350.0,3.0,779.0,3.5,406.0,4.0,36.0,4.5,23.0,5.0,23.0,2.5,281.0,2.0,1093.0,1.5,2572.0,1.0,260.0,0.5,1700.0
2023-04-28 10:31:40.25,1682649100250000000,3.0,3.0,2.0,20390.0,2985.0,81350.0,3.0,779.0,3.5,406.0,4.0,36.0,4.5,23.0,5.0,23.0,2.5,288.0,2.0,1093.0,1.5,2572.0,1.0,260.0,0.5,1700.0
2023-04-28 10:31:45.75,1682649105750000000,3.0,3.0,2.0,20390.0,2985.0,81350.0,3.0,779.0,3.5,406.0,4.0,36.0,4.5,23.0,5.0,23.0,2.5,287.0,2.0,1093.0,1.5,2572.0,1.0,260.0,0.5,1700.0
2023-04-28 10:32:35.0,1682649155000000000,3.0,3.0,2.0,20390.0,2985.0,81350.0,3.0,789.0,3.5,406.0,4.0,36.0,4.5,23.0,5.0,23.0,2.5,297.0,2.0,1093.0,1.5,2572.0,1.0,260.0,0.5,1700.0
2023-04-28 10:41:24.5,1682649684500000000,3.0,3.0,2.0,20390.0,2985.0,81350.0,3.0,889.0,3.5,406.0,4.0,36.0,4.5,23.0,5.0,23.0,2.5,297.0,2.0,1093.0,1.5,2572.0,1.0,260.0,0.5,1700.0
2023-04-28 10:43:31.0,1682649811000000000,3.0,3.0,2.0,20390.0,2985.0,81350.0,3.0,889.0,3.5,388.0,4.0,36.0,4.5,23.0,5.0,23.0,2.5,279.0,2.0,1093.0,1.5,2572.0,1.0,260.0,0.5,1700.0
2023-04-28 10:43:34.75,1682649814750000000,3.0,3.0,2.0,20390.0,2985.0,81350.0,3.0,889.0,3.5,389.0,4.0,36.0,4.5,23.0,5.0,23.0,2.5,279.0,2.0,1093.0,1.5,2572.0,1.0,260.0,0.5,1700.0
2023-04-28 10:44:02.0,1682649842000000000,3.0,3.0,2.0,20381.0,3085.0,84350.0,3.0,789.0,3.5,389.0,4.0,36.0,4.5,23.0,5.0,23.0,2.5,288.0,2.0,1093.0,1.5,2572.0,1.0,260.0,0.5,1700.0
2023-04-28 10:44:03.25,1682649843250000000,3.0,3.0,2.0,20290.0,3185.0,87350.0,3.0,689.0,3.5,389.0,4.0,36.0,4.5,23.0,5.0,23.0,2.5,288.0,2.0,1093.0,1.5,2572.0,1.0,260.0,0.5,1700.0
2023-04-28 10:44:08.75,1682649848750000000,3.0,3.0,2.0,20277.0,3277.0,90110.0,3.0,597.0,3.5,389.0,4.0,36.0,4.5,23.0,5.0,23.0,2.5,292.0,2.0,1093.0,1.5,2572.0,1.0,260.0,0.5,1700.0
2023-04-28 10:44:34.0,1682649874000000000,3.0,3.0,2.0,20277.0,3277.0,90110.0,3.0,597.0,3.5,389.0,4.0,36.0,4.5,23.0,5.0,23.0,2.5,282.0,2.0,1093.0,1.5,2572.0,1.0,260.0,0.5,1700.0
2023-04-28 10:44:36.25,1682649876250000000,3.0,3.0,2.0,20277.0,3277.0,90110.0,3.0,597.0,3.5,389.0,4.0,36.0,4.5,23.0,5.0,23.0,2.5,282.0,2.0,1088.0,1.5,2572.0,1.0,260.0,0.5,1700.0
2023-04-28 10:45:06.25,1682649906250000000,3.0,3.0,2.0,20277.0,3277.0,90110.0,3.0,592.0,3.5,389.0,4.0,36.0,4.5,23.0,5.0,23.0,2.5,282.0,2.0,1088.0,1.5,2572.0,1.0,260.0,0.5,1700.0
2023-04-28 10:45:46.5,1682649946500000000,3.0,3.0,2.0,20277.0,3277.0,90110.0,3.0,892.0,3.5,389.0,4.0,36.0,4.5,23.0,5.0,23.0,2.5,282.0,2.0,1088.0,1.5,2572.0,1.0,260.0,0.5,1700.0
2023-04-28 10:46:31.0,1682649991000000000,3.0,3.0,2.0,20277.0,3277.0,90110.0,3.0,892.0,3.5,407.0,4.0,36.0,4.5,23.0,5.0,23.0,2.5,300.0,2.0,1088.0,1.5,2572.0,1.0,260.0,0.5,1700.0
2023-04-28 10:47:43.75,1682650063750000000,3.0,3.0,2.0,20277.0,3277.0,90110.0,3.0,882.0,3.5,407.0,4.0,36.0,4.5,23.0,5.0,23.0,2.5,300.0,2.0,1078.0,1.5,2572.0,1.0,260.0,0.5,1700.0
2023-04-28 10:48:56.75,1682650136750000000,3.0,3.0,2.0,20277.0,3277.0,90110.0,3.0,882.0,3.5,410.0,4.0,36.0,4.5,23.0,5.0,23.0,2.5,300.0,2.0,1078.0,1.5,2572.0,1.0,260.0,0.5,1700.0
2023-04-28 10:50:02.25,1682650202250000000,3.0,3.0,2.0,20277.0,3277.0,90110.0,3.0,892.0,3.5,410.0,4.0,36.0,4.5,23.0,5.0,23.0,2.5,300.0,2.0,1088.0,1.5,2572.0,1.0,260.0,0.5,1700.0
2023-04-28 10:50:11.75,1682650211750000000,3.0,3.0,2.0,20277.0,3377.0,93110.0,3.0,792.0,3.5,410.0,4.0,36.0,4.5,23.0,5.0,23.0,2.5,300.0,2.0,1088.0,1.5,2572.0,1.0,260.0,0.5,1700.0
2023-04-28 10:50:13.25,1682650213250000000,3.0,3.0,2.0,20277.0,3477.0,96110.0,3.0,692.0,3.5,410.0,4.0,36.0,4.5,23.0,5.0,23.0,2.5,300.0,2.0,1088.0,1.5,2572.0,1.0,260.0,0.5,1700.0
2023-04-28 10:50:13.5,1682650213500000000,3.0,3.0,2.0,20277.0,3497.0,96710.0,3.0,672.0,3.5,410.0,4.0,36.0,4.5,23.0,5.0,23.0,2.5,300.0,2.0,1088.0,1.5,2572.0,1.0,260.0,0.5,1700.0
2023-04-28 10:50:14.0,1682650214000000000,3.0,3.0,2.0,20277.0,3537.0,97910.0,3.0,632.0,3.5,410.0,4.0,36.0,4.5,23.0,5.0,23.0,2.5,300.0,2.0,1088.0,1.5,2572.0,1.0,260.0,0.5,1700.0
2023-04-28 10:50:14.25,1682650214250000000,3.0,3.0,2.0,20277.0,3577.0,99110.0,3.0,592.0,3.5,410.0,4.0,36.0,4.5,23.0,5.0,23.0,2.5,300.0,2.0,1088.0,1.5,2572.0,1.0,260.0,0.5,1700.0
2023-04-28 10:50:15.0,1682650215000000000,3.0,3.0,2.0,20277.0,3657.0,101510.0,3.0,512.0,3.5,410.0,4.0,36.0,4.5,23.0,5.0,23.0,2.5,300.0,2.0,1088.0,1.5,2572.0,1.0,260.0,0.5,1700.0
2023-04-28 10:50:15.25,1682650215250000000,3.0,3.0,2.0,20277.0,3677.0,102110.0,3.0,492.0,3.5,410.0,4.0,36.0,4.5,23.0,5.0,23.0,2.5,300.0,2.0,1088.0,1.5,2572.0,1.0,260.0,0.5,1700.0
2023-04-28 10:50:17.75,1682650217750000000,3.0,3.0,2.0,20277.0,3777.0,105110.0,3.0,392.0,3.5,410.0,4.0,36.0,4.5,23.0,5.0,23.0,2.5,289.0,2.0,1088.0,1.5,2572.0,1.0,260.0,0.5,1700.0
2023-04-28 10:50:19.0,1682650219000000000,3.0,3.0,2.0,20277.0,3777.0,105110.0,3.0,393.0,3.5,410.0,4.0,36.0,4.5,23.0,5.0,23.0,2.5,290.0,2.0,1088.0,1.5,2572.0,1.0,260.0,0.5,1700.0
2023-04-28 10:50:24.0,1682650224000000000,3.0,3.0,2.0,20277.0,3865.0,107750.0,3.0,305.0,3.5,410.0,4.0,36.0,4.5,23.0,5.0,23.0,2.5,290.0,2.0,1088.0,1.5,2572.0,1.0,260.0,0.5,1700.0
2023-04-28 10:50:40.0,1682650240000000000,3.0,3.0,2.0,20277.0,3865.0,107750.0,3.0,111.0,3.5,410.0,4.0,36.0,4.5,23.0,5.0,23.0,2.5,290.0,2.0,1088.0,1.5,2572.0,1.0,260.0,0.5,1700.0
2023-04-28 10:50:45.75,1682650245750000000,3.0,3.0,2.0,20277.0,3865.0,107750.0,3.0,211.0,3.5,410.0,4.0,36.0,4.5,23.0,5.0,23.0,2.5,290.0,2.0,1088.0,1.5,2572.0,1.0,260.0,0.5,1700.0
2023-04-28 10:50:46.5,1682650246500000000,3.0,3.0,2.0,20277.0,3865.0,107750.0,3.0,311.0,3.5,410.0,4.0,36.0,4.5,23.0,5.0,23.0,2.5,290.0,2.0,1088.0,1.5,2572.0,1.0,260.0,0.5,1700.0
2023-04-28 10:50:56.5,1682650256500000000,3.0,3.0,2.0,20277.0,3865.0,107750.0,3.0,321.0,3.5,410.0,4.0,36.0,4.5,23.0,5.0,23.0,2.5,320.0,2.0,1068.0,1.5,2572.0,1.0,260.0,0.5,1700.0
2023-04-28 10:50:58.5,1682650258500000000,3.0,3.0,2.0,20277.0,3865.0,107750.0,3.0,421.0,3.5,410.0,4.0,36.0,4.5,23.0,5.0,23.0,2.5,320.0,2.0,1068.0,1.5,2572.0,1.0,260.0,0.5,1700.0
2023-04-28 10:51:07.5,1682650267500000000,3.0,3.0,2.0,20277.0,3865.0,107750.0,3.0,471.0,3.5,410.0,4.0,36.0,4.5,23.0,5.0,23.0,2.5,320.0,2.0,1068.0,1.5,2572.0,1.0,260.0,0.5,1700.0
2023-04-28 10:51:36.0,1682650296000000000,3.0,3.0,2.0,20277.0,3865.0,107750.0,3.0,476.0,3.5,410.0,4.0,36.0,4.5,23.0,5.0,23.0,2.5,300.0,2.0,1088.0,1.5,2572.0,1.0,260.0,0.5,1700.0
2023-04-28 10:53:18.0,1682650398000000000,3.0,3.0,2.0,20277.0,3865.0,107750.0,3.0,466.0,3.5,410.0,4.0,36.0,4.5,23.0,5.0,23.0,2.5,300.0,2.0,1078.0,1.5,2572.0,1.0,260.0,0.5,1700.0
2023-04-28 10:53:18.75,1682650398750000000,3.0,3.0,2.0,20277.0,3865.0,107750.0,3.0,476.0,3.5,410.0,4.0,36.0,4.5,23.0,5.0,23.0,2.5,300.0,2.0,1088.0,1.5,2572.0,1.0,260.0,0.5,1700.0
2023-04-28 10:53:36.75,1682650416750000000,3.0,3.0,2.0,20277.0,3865.0,107750.0,3.0,466.0,3.5,410.0,4.0,36.0,4.5,23.0,5.0,23.0,2.5,300.0,2.0,1078.0,1.5,2572.0,1.0,260.0,0.5,1700.0
2023-04-28 10:53:37.5,1682650417500000000,3.0,3.0,2.0,20277.0,3865.0,107750.0,3.0,476.0,3.5,410.0,4.0,36.0,4.5,23.0,5.0,23.0,2.5,300.0,2.0,1088.0,1.5,2572.0,1.0,260.0,0.5,1700.0
2023-04-28 10:53:45.75,1682650425750000000,3.0,3.0,2.0,20277.0,3865.0,107750.0,3.0,476.0,3.5,410.0,4.0,36.0,4.5,23.0,5.0,23.0,2.5,300.0,2.0,1089.0,1.5,2572.0,1.0,260.0,0.5,1700.0
2023-04-28 10:53:50.5,1682650430500000000,3.0,3.0,2.0,20277.0,3865.0,107750.0,3.0,466.0,3.5,410.0,4.0,36.0,4.5,23.0,5.0,23.0,2.5,300.0,2.0,1079.0,1.5,2572.0,1.0,260.0,0.5,1700.0
2023-04-28 10:53:51.25,1682650431250000000,3.0,3.0,2.0,20277.0,3865.0,107750.0,3.0,476.0,3.5,410.0,4.0,36.0,4.5,23.0,5.0,23.0,2.5,300.0,2.0,1089.0,1.5,2572.0,1.0,260.0,0.5,1700.0
2023-04-28 10:54:04.25,1682650444250000000,3.0,3.0,2.0,20277.0,3865.0,107750.0,3.0,466.0,3.5,410.0,4.0,36.0,4.5,23.0,5.0,23.0,2.5,300.0,2.0,1079.0,1.5,2572.0,1.0,260.0,0.5,1700.0
2023-04-28 10:54:05.25,1682650445250000000,3.0,3.0,2.0,20277.0,3865.0,107750.0,3.0,476.0,3.5,410.0,4.0,36.0,4.5,23.0,5.0,23.0,2.5,300.0,2.0,1089.0,1.5,2572.0,1.0,260.0,0.5,1700.0
2023-04-28 10:54:33.25,1682650473250000000,3.0,3.0,2.0,20277.0,3865.0,107750.0,3.0,526.0,3.5,410.0,4.0,36.0,4.5,23.0,5.0,23.0,2.5,300.0,2.0,1089.0,1.5,2572.0,1.0,260.0,0.5,1700.0
2023-04-28 10:54:44.75,1682650484750000000,3.0,3.0,2.0,20277.0,3865.0,107750.0,3.0,526.0,3.5,410.0,4.0,36.0,4.5,23.0,5.0,23.0,2.5,300.0,2.0,1219.0,1.5,2572.0,1.0,260.0,0.5,1700.0
2023-04-28 10:54:51.0,1682650491000000000,3.0,3.0,2.0,20277.0,3865.0,107750.0,3.0,576.0,3.5,410.0,4.0,36.0,4.5,23.0,5.0,23.0,2.5,300.0,2.0,1219.0,1.5,2572.0,1.0,260.0,0.5,1700.0
2023-04-28 10:54:51.5,1682650491500000000,3.0,3.0,2.0,20277.0,3865.0,107750.0,3.0,716.0,3.5,410.0,4.0,36.0,4.5,23.0,5.0,23.0,2.5,300.0,2.0,1219.0,1.5,2572.0,1.0,260.0,0.5,1700.0
2023-04-28 10:55:04.5,1682650504500000000,3.0,3.0,2.0,20277.0,3865.0,107750.0,3.0,916.0,3.5,410.0,4.0,36.0,4.5,23.0,5.0,23.0,2.5,300.0,2.0,1219.0,1.5,2572.0,1.0,260.0,0.5,1700.0
2023-04-28 10:55:05.75,1682650505750000000,3.0,3.0,2.0,20277.0,3865.0,107750.0,3.0,1016.0,3.5,410.0,4.0,36.0,4.5,23.0,5.0,23.0,2.5,300.0,2.0,1219.0,1.5,2572.0,1.0,260.0,0.5,1700.0
2023-04-28 10:55:07.75,1682650507750000000,3.0,3.0,2.0,20277.0,3865.0,107750.0,3.0,1116.0,3.5,410.0,4.0,36.0,4.5,23.0,5.0,23.0,2.5,300.0,2.0,1219.0,1.5,2572.0,1.0,260.0,0.5,1700.0
2023-04-28 10:55:12.5,1682650512500000000,3.0,3.0,2.0,20277.0,3865.0,107750.0,3.0,1216.0,3.5,410.0,4.0,36.0,4.5,23.0,5.0,23.0,2.5,300.0,2.0,1219.0,1.5,2572.0,1.0,260.0,0.5,1700.0
2023-04-28 10:55:15.5,1682650515500000000,3.0,3.0,2.0,20277.0,3865.0,107750.0,3.0,1316.0,3.5,410.0,4.0,36.0,4.5,23.0,5.0,23.0,2.5,300.0,2.0,1219.0,1.5,2572.0,1.0,260.0,0.5,1700.0
2023-04-28 10:55:28.0,1682650528000000000,3.0,3.0,2.0,20277.0,3865.0,107750.0,3.0,1416.0,3.5,410.0,4.0,36.0,4.5,23.0,5.0,23.0,2.5,300.0,2.0,1219.0,1.5,2572.0,1.0,260.0,0.5,1700.0
2023-04-28 10:55:29.5,1682650529500000000,3.0,3.0,2.0,20277.0,3865.0,107750.0,3.0,1516.0,3.5,410.0,4.0,36.0,4.5,23.0,5.0,23.0,2.5,300.0,2.0,1219.0,1.5,2572.0,1.0,260.0,0.5,1700.0
2023-04-28 10:56:25.75,1682650585750000000,3.0,3.0,2.0,20277.0,3865.0,107750.0,3.0,1516.0,3.5,410.0,4.0,36.0,4.5,23.0,5.0,23.0,2.5,340.0,2.0,1219.0,1.5,2572.0,1.0,260.0,0.5,1700.0
2023-04-28 10:57:15.75,1682650635750000000,3.0,3.0,2.0,20277.0,3865.0,107750.0,3.0,1516.0,3.5,410.0,4.0,36.0,4.5,23.0,5.0,23.0,2.5,340.0,2.0,1419.0,1.5,2572.0,1.0,260.0,0.5,1700.0
2023-04-28 10:57:25.25,1682650645250000000,3.0,3.0,2.0,20277.0,3865.0,107750.0,3.0,1521.0,3.5,410.0,4.0,36.0,4.5,23.0,5.0,23.0,2.5,340.0,2.0,1419.0,1.5,2572.0,1.0,260.0,0.5,1700.0
2023-04-28 11:06:00.25,1682651160250000000,3.0,3.0,2.0,20278.0,3866.0,107780.0,3.0,1520.0,3.5,410.0,4.0,36.0,4.5,23.0,5.0,23.0,2.5,339.0,2.0,1419.0,1.5,2572.0,1.0,260.0,0.5,1700.0
2023-04-28 11:06:01.5,1682651161500000000,3.0,3.0,2.0,20278.0,3866.0,107780.0,3.0,1521.0,3.5,410.0,4.0,36.0,4.5,23.0,5.0,23.0,2.5,340.0,2.0,1419.0,1.5,2572.0,1.0,260.0,0.5,1700.0
2023-04-28 11:07:48.5,1682651268500000000,3.0,3.0,2.0,20278.0,3866.0,107780.0,3.0,1521.0,3.5,410.0,4.0,36.0,4.5,23.0,5.0,23.0,2.5,340.0,2.0,1369.0,1.5,2572.0,1.0,260.0,0.5,1700.0
2023-04-28 11:07:49.75,1682651269750000000,3.0,2.5,2.0,20278.0,3906.0,108780.0,3.0,1521.0,3.5,410.0,4.0,36.0,4.5,23.0,5.0,23.0,2.5,300.0,2.0,1369.0,1.5,2572.0,1.0,260.0,0.5,1700.0
2023-04-28 11:07:59.75,1682651279750000000,3.0,2.5,2.0,20303.0,3931.0,109405.0,3.0,1521.0,3.5,410.0,4.0,36.0,4.5,23.0,5.0,23.0,2.5,275.0,2.0,1369.0,1.5,2572.0,1.0,260.0,0.5,1700.0
2023-04-28 11:09:07.25,1682651347250000000,3.0,2.5,2.0,20303.0,3931.0,109405.0,3.0,1521.0,3.5,410.0,4.0,36.0,4.5,23.0,5.0,23.0,2.5,275.0,2.0,1319.0,1.5,2572.0,1.0,260.0,0.5,1700.0
2023-04-28 11:09:11.25,1682651351250000000,3.0,2.5,2.0,20303.0,3931.0,109405.0,3.0,1521.0,3.5,410.0,4.0,36.0,4.5,23.0,5.0,23.0,2.5,275.0,2.0,1219.0,1.5,2572.0,1.0,260.0,0.5,1700.0
2023-04-28 11:09:13.5,1682651353500000000,3.0,2.5,2.0,20303.0,3931.0,109405.0,3.0,1521.0,3.5,410.0,4.0,36.0,4.5,23.0,5.0,23.0,2.5,275.0,2.0,1119.0,1.5,2572.0,1.0,260.0,0.5,1700.0
2023-04-28 11:12:09.75,1682651529750000000,3.0,2.5,2.0,20303.0,3931.0,109405.0,3.0,1521.0,3.5,411.0,4.0,36.0,4.5,23.0,5.0,23.0,2.5,275.0,2.0,1119.0,1.5,2572.0,1.0,260.0,0.5,1700.0
2023-04-28 11:12:23.0,1682651543000000000,3.0,2.5,2.0,20303.0,3931.0,109405.0,3.0,1521.0,3.5,410.0,4.0,36.0,4.5,23.0,5.0,23.0,2.5,275.0,2.0,1119.0,1.5,2572.0,1.0,260.0,0.5,1700.0
2023-04-28 11:18:01.75,1682651881750000000,3.0,2.5,2.0,20303.0,3981.0,110655.0,3.0,1521.0,3.5,410.0,4.0,36.0,4.5,23.0,5.0,23.0,2.5,225.0,2.0,1119.0,1.5,2572.0,1.0,260.0,0.5,1700.0
2023-04-28 11:20:06.5,1682652006500000000,3.0,2.5,2.0,20303.0,3981.0,110655.0,3.0,1521.0,3.5,410.0,4.0,36.0,4.5,23.0,5.0,23.0,2.5,209.0,2.0,1119.0,1.5,2572.0,1.0,260.0,0.5,1700.0
2023-04-28 11:22:39.75,1682652159750000000,3.0,3.0,2.0,20303.0,3998.0,111165.0,3.0,1504.0,3.5,410.0,4.0,36.0,4.5,23.0,5.0,23.0,2.5,209.0,2.0,1119.0,1.5,2572.0,1.0,260.0,0.5,1700.0
2023-04-28 11:23:16.25,1682652196250000000,3.0,3.0,2.0,20303.0,3998.0,111165.0,3.0,1504.0,3.5,410.0,4.0,36.0,4.5,23.0,5.0,23.0,2.5,209.0,2.0,1119.0,1.5,2542.0,1.0,200.0,0.5,1600.0
2023-04-28 11:25:28.0,1682652328000000000,3.0,3.0,2.0,20303.0,3998.0,111165.0,3.0,1504.0,3.5,410.0,4.0,36.0,4.5,23.0,5.0,23.0,2.5,209.0,2.0,1119.0,1.5,2527.0,1.0,200.0,0.5,1600.0
2023-04-28 11:26:26.5,1682652386500000000,3.0,3.0,2.0,20303.0,3998.0,111165.0,3.0,1504.0,3.5,416.0,4.0,36.0,4.5,23.0,5.0,23.0,2.5,209.0,2.0,1119.0,1.5,2527.0,1.0,200.0,0.5,1600.0
2023-04-28 11:26:57.25,1682652417250000000,3.0,3.0,2.0,20303.0,3998.0,111165.0,3.0,1504.0,3.5,416.0,4.0,76.0,4.5,23.0,5.0,23.0,2.5,209.0,2.0,1119.0,1.5,2527.0,1.0,200.0,0.5,1600.0
2023-04-28 11:27:19.0,1682652439000000000,3.0,3.0,2.0,20303.0,3998.0,111165.0,3.0,1504.0,3.5,416.0,4.0,76.0,4.5,113.0,5.0,23.0,2.5,209.0,2.0,1119.0,1.5,2527.0,1.0,200.0,0.5,1600.0
2023-04-28 11:27:35.25,1682652455250000000,3.0,3.0,2.0,20303.0,3998.0,111165.0,3.0,1504.0,3.5,416.0,4.0,76.0,4.5,113.0,5.0,83.0,2.5,209.0,2.0,1119.0,1.5,2527.0,1.0,200.0,0.5,1600.0
2023-04-28 11:28:28.0,1682652508000000000,3.0,3.0,2.0,20303.0,3998.0,111165.0,3.0,1504.0,3.5,398.0,4.0,76.0,4.5,113.0,5.0,83.0,2.5,191.0,2.0,1119.0,1.5,2527.0,1.0,200.0,0.5,1600.0
2023-04-28 11:28:57.75,1682652537750000000,3.0,3.0,2.0,20303.0,3998.0,111165.0,3.0,1503.0,3.5,398.0,4.0,76.0,4.5,113.0,5.0,83.0,2.5,190.0,2.0,1119.0,1.5,2527.0,1.0,200.0,0.5,1600.0
2023-04-28 11:29:00.0,1682652540000000000,3.0,3.0,2.0,20303.0,3998.0,111165.0,3.0,1493.0,3.5,398.0,4.0,76.0,4.5,113.0,5.0,83.0,2.5,180.0,2.0,1119.0,1.5,2527.0,1.0,200.0,0.5,1600.0
2023-04-28 11:29:01.0,1682652541000000000,3.0,3.0,2.0,20303.0,3998.0,111165.0,3.0,1493.0,3.5,398.0,4.0,76.0,4.5,113.0,5.0,83.0,2.5,180.0,2.0,1099.0,1.5,2527.0,1.0,200.0,0.5,1600.0
2023-04-28 11:29:02.0,1682652542000000000,3.0,3.0,2.0,20303.0,3998.0,111165.0,3.0,1483.0,3.5,398.0,4.0,76.0,4.5,113.0,5.0,83.0,2.5,180.0,2.0,1089.0,1.5,2527.0,1.0,200.0,0.5,1600.0
2023-04-28 11:29:02.25,1682652542250000000,3.0,3.0,2.0,20303.0,3998.0,111165.0,3.0,1493.0,3.5,398.0,4.0,76.0,4.5,113.0,5.0,83.0,2.5,180.0,2.0,1099.0,1.5,2527.0,1.0,200.0,0.5,1600.0
2023-04-28 11:29:32.0,1682652572000000000,3.0,3.0,2.0,20303.0,3998.0,111165.0,3.0,1483.0,3.5,398.0,4.0,76.0,4.5,113.0,5.0,83.0,2.5,180.0,2.0,1089.0,1.5,2527.0,1.0,200.0,0.5,1600.0
2023-04-28 11:30:00.0,1682652600000000000,3.0,3.0,2.0,20303.0,3998.0,111165.0,3.0,1483.0,3.5,398.0,4.0,76.0,4.5,113.0,5.0,83.0,2.5,180.0,2.0,1089.0,1.5,2527.0,1.0,200.0,0.5,1600.0
2023-04-28 13:30:08.75,1682659808750000000,3.0,3.0,2.0,20303.0,3998.0,111165.0,3.0,1483.0,3.5,398.0,4.0,76.0,4.5,131.0,5.0,83.0,2.5,180.0,2.0,1089.0,1.5,2545.0,1.0,200.0,0.5,1600.0
2023-04-28 13:30:09.5,1682659809500000000,3.0,3.0,2.0,20303.0,3998.0,111165.0,3.0,1483.0,3.5,398.0,4.0,76.0,4.5,113.0,5.0,83.0,2.5,180.0,2.0,1089.0,1.5,2527.0,1.0,200.0,0.5,1600.0
2023-04-28 13:31:01.25,1682659861250000000,3.0,3.0,2.0,20303.0,3998.0,111165.0,3.0,1483.0,3.5,398.0,4.0,76.0,4.5,131.0,5.0,83.0,2.5,180.0,2.0,1089.0,1.5,2545.0,1.0,200.0,0.5,1600.0
2023-04-28 13:31:02.0,1682659862000000000,3.0,3.0,2.0,20303.0,3998.0,111165.0,3.0,1483.0,3.5,416.0,4.0,76.0,4.5,113.0,5.0,83.0,2.5,198.0,2.0,1089.0,1.5,2527.0,1.0,200.0,0.5,1600.0
2023-04-28 13:31:06.25,1682659866250000000,3.0,3.0,2.0,20303.0,3998.0,111165.0,3.0,1488.0,3.5,416.0,4.0,76.0,4.5,113.0,5.0,83.0,2.5,198.0,2.0,1089.0,1.5,2527.0,1.0,200.0,0.5,1600.0
2023-04-28 13:31:07.5,1682659867500000000,3.0,3.0,2.0,20303.0,3998.0,111165.0,3.0,1493.0,3.5,416.0,4.0,76.0,4.5,113.0,5.0,83.0,2.5,198.0,2.0,1089.0,1.5,2527.0,1.0,200.0,0.5,1600.0
2023-04-28 13:31:11.0,1682659871000000000,3.0,2.5,2.0,20308.0,4003.0,111290.0,3.0,1493.0,3.5,416.0,4.0,76.0,4.5,113.0,5.0,83.0,2.5,193.0,2.0,1089.0,1.5,2527.0,1.0,200.0,0.5,1600.0
2023-04-28 13:31:12.25,1682659872250000000,3.0,2.5,2.0,20313.0,4008.0,111415.0,3.0,1493.0,3.5,416.0,4.0,76.0,4.5,113.0,5.0,83.0,2.5,188.0,2.0,1089.0,1.5,2527.0,1.0,200.0,0.5,1600.0
2023-04-28 13:31:18.75,1682659878750000000,3.0,2.5,2.0,20313.0,4008.0,111415.0,3.0,1488.0,3.5,416.0,4.0,76.0,4.5,113.0,5.0,83.0,2.5,188.0,2.0,1089.0,1.5,2527.0,1.0,200.0,0.5,1600.0
2023-04-28 13:31:19.0,1682659879000000000,3.0,2.5,2.0,20318.0,4013.0,111540.0,3.0,1488.0,3.5,416.0,4.0,76.0,4.5,113.0,5.0,83.0,2.5,183.0,2.0,1089.0,1.5,2527.0,1.0,200.0,0.5,1600.0
2023-04-28 13:31:33.75,1682659893750000000,3.0,3.0,2.0,20368.0,4063.0,113040.0,3.0,1438.0,3.5,416.0,4.0,76.0,4.5,113.0,5.0,83.0,2.5,183.0,2.0,1089.0,1.5,2527.0,1.0,200.0,0.5,1600.0
2023-04-28 13:31:44.5,1682659904500000000,3.0,3.0,2.0,20368.0,4063.0,113040.0,3.0,1439.0,3.5,416.0,4.0,76.0,4.5,113.0,5.0,83.0,2.5,184.0,2.0,1089.0,1.5,2527.0,1.0,200.0,0.5,1600.0
2023-04-28 13:31:47.25,1682659907250000000,3.0,3.0,2.0,20418.0,4113.0,114540.0,3.0,1389.0,3.5,416.0,4.0,76.0,4.5,113.0,5.0,83.0,2.5,184.0,2.0,1089.0,1.5,2527.0,1.0,200.0,0.5,1600.0
2023-04-28 13:32:03.0,1682659923000000000,3.0,3.0,2.0,20418.0,4113.0,114540.0,3.0,1399.0,3.5,416.0,4.0,76.0,4.5,113.0,5.0,83.0,2.5,184.0,2.0,1099.0,1.5,2527.0,1.0,200.0,0.5,1600.0
2023-04-28 13:33:19.5,1682659999500000000,3.0,3.0,2.0,20468.0,4163.0,116040.0,3.0,1349.0,3.5,416.0,4.0,76.0,4.5,113.0,5.0,83.0,2.5,184.0,2.0,1099.0,1.5,2527.0,1.0,200.0,0.5,1600.0
2023-04-28 13:33:57.25,1682660037250000000,3.0,3.0,2.0,20468.0,4163.0,116040.0,3.0,1349.0,3.5,416.0,4.0,76.0,4.5,113.0,5.0,83.0,2.5,184.0,2.0,1114.0,1.5,2527.0,1.0,200.0,0.5,1600.0
2023-04-28 13:33:59.5,1682660039500000000,3.0,3.0,2.0,20468.0,4163.0,116040.0,3.0,1349.0,3.5,416.0,4.0,76.0,4.5,113.0,5.0,83.0,2.5,184.0,2.0,1014.0,1.5,2527.0,1.0,200.0,0.5,1600.0
2023-04-28 13:34:37.0,1682660077000000000,3.0,3.0,2.0,20468.0,4163.0,116040.0,3.0,1349.0,3.5,416.0,4.0,76.0,4.5,113.0,5.0,83.0,2.5,184.0,2.0,1034.0,1.5,2527.0,1.0,200.0,0.5,1600.0
2023-04-28 13:35:10.0,1682660110000000000,3.0,3.0,2.0,20468.0,4163.0,116040.0,3.0,1349.0,3.5,416.0,4.0,76.0,4.5,113.0,5.0,83.0,2.5,234.0,2.0,1034.0,1.5,2527.0,1.0,200.0,0.5,1600.0
2023-04-28 13:35:52.25,1682660152250000000,3.0,2.5,2.0,20493.0,4188.0,116665.0,3.0,1349.0,3.5,416.0,4.0,76.0,4.5,113.0,5.0,83.0,2.5,209.0,2.0,1034.0,1.5,2527.0,1.0,200.0,0.5,1600.0
2023-04-28 13:38:29.25,1682660309250000000,3.0,2.5,2.0,20522.0,4217.0,117390.0,3.0,1349.0,3.5,416.0,4.0,76.0,4.5,113.0,5.0,83.0,2.5,180.0,2.0,1034.0,1.5,2527.0,1.0,200.0,0.5,1600.0
2023-04-28 13:38:29.5,1682660309500000000,3.0,2.5,2.0,20522.0,4217.0,117390.0,3.0,1349.0,3.5,416.0,4.0,76.0,4.5,113.0,5.0,83.0,2.5,200.0,2.0,1014.0,1.5,2527.0,1.0,200.0,0.5,1600.0
2023-04-28 13:38:48.75,1682660328750000000,3.0,2.5,2.0,20522.0,4217.0,117390.0,3.0,1349.0,3.5,416.0,4.0,76.0,4.5,113.0,5.0,83.0,2.5,180.0,2.0,1034.0,1.5,2527.0,1.0,200.0,0.5,1600.0
2023-04-28 13:41:18.25,1682660478250000000,3.0,2.5,2.0,20522.0,4217.0,117390.0,3.0,1350.0,3.5,416.0,4.0,76.0,4.5,113.0,5.0,83.0,2.5,180.0,2.0,1034.0,1.5,2527.0,1.0,200.0,0.5,1600.0
2023-04-28 13:41:18.5,1682660478500000000,3.0,2.5,2.0,20522.0,4217.0,117390.0,3.0,1350.0,3.5,416.0,4.0,76.0,4.5,113.0,5.0,83.0,2.5,200.0,2.0,1014.0,1.5,2527.0,1.0,200.0,0.5,1600.0
2023-04-28 13:41:27.5,1682660487500000000,3.0,2.5,2.0,20522.0,4217.0,117390.0,3.0,1350.0,3.5,398.0,4.0,76.0,4.5,113.0,5.0,83.0,2.5,182.0,2.0,1014.0,1.5,2527.0,1.0,200.0,0.5,1600.0
2023-04-28 13:41:31.0,1682660491000000000,3.0,2.5,2.0,20522.0,4217.0,117390.0,3.0,1345.0,3.5,398.0,4.0,76.0,4.5,113.0,5.0,83.0,2.5,182.0,2.0,1014.0,1.5,2527.0,1.0,200.0,0.5,1600.0
2023-04-28 13:41:33.0,1682660493000000000,3.0,2.5,2.0,20524.0,4219.0,117440.0,3.0,1345.0,3.5,398.0,4.0,76.0,4.5,113.0,5.0,83.0,2.5,180.0,2.0,1014.0,1.5,2527.0,1.0,200.0,0.5,1600.0
2023-04-28 13:42:06.25,1682660526250000000,3.0,2.5,2.0,20524.0,4219.0,117440.0,3.0,1345.0,3.5,416.0,4.0,76.0,4.5,113.0,5.0,83.0,2.5,198.0,2.0,1014.0,1.5,2527.0,1.0,200.0,0.5,1600.0
2023-04-28 13:43:17.25,1682660597250000000,3.0,2.5,2.0,20524.0,4219.0,117440.0,3.0,1345.0,3.5,398.0,4.0,76.0,4.5,113.0,5.0,83.0,2.5,180.0,2.0,1014.0,1.5,2527.0,1.0,200.0,0.5,1600.0
2023-04-28 13:47:09.25,1682660829250000000,3.0,2.5,2.0,20524.0,4219.0,117440.0,3.0,1345.0,3.5,416.0,4.0,76.0,4.5,113.0,5.0,83.0,2.5,198.0,2.0,1014.0,1.5,2527.0,1.0,200.0,0.5,1600.0
2023-04-28 13:53:46.5,1682661226500000000,3.0,2.5,2.0,20524.0,4219.0,117440.0,3.0,1345.0,3.5,398.0,4.0,76.0,4.5,113.0,5.0,83.0,2.5,180.0,2.0,1014.0,1.5,2527.0,1.0,200.0,0.5,1600.0
2023-04-28 13:54:02.0,1682661242000000000,3.0,2.5,2.0,20524.0,4219.0,117440.0,3.0,1345.0,3.5,398.0,4.0,76.0,4.5,131.0,5.0,83.0,2.5,180.0,2.0,1014.0,1.5,2545.0,1.0,200.0,0.5,1600.0
