datetime,datetime_nano,highest,last_price,lowest,open_interest,volume,amount,ask_price1,ask_volume1,ask_price2,ask_volume2,ask_price3,ask_volume3,ask_price4,ask_volume4,ask_price5,ask_volume5,bid_price1,bid_volume1,bid_price2,bid_volume2,bid_price3,bid_volume3,bid_price4,bid_volume4,bid_price5,bid_volume5
2023-04-27 20:55:08.0,1682600108000000000,,,,9191.0,0.0,0.0,,0.0,,0.0,,0.0,,0.0,,0.0,,0.0,,0.0,,0.0,,0.0,,0.0
2023-04-27 20:59:00.0,1682600340000000000,,,,9191.0,0.0,0.0,4.0,200.0,15.0,5.0,30.0,6.0,45.0,10.0,60.0,10.0,3.0,100.0,2.5,200.0,2.0,200.0,1.5,260.0,1.0,200.0
2023-04-27 21:00:02.5,1682600402500000000,,,,9191.0,0.0,0.0,4.0,200.0,4.5,16.0,15.0,5.0,30.0,6.0,45.0,10.0,3.0,100.0,2.5,200.0,2.0,200.0,1.5,276.0,1.0,200.0
2023-04-27 21:00:08.0,1682600408000000000,,,,9191.0,0.0,0.0,4.0,210.0,4.5,16.0,15.0,5.0,30.0,6.0,45.0,10.0,3.0,100.0,2.5,200.0,2.0,200.0,1.5,276.0,1.0,200.0
2023-04-27 21:00:08.5,1682600408500000000,,,,9191.0,0.0,0.0,4.0,210.0,4.5,34.0,15.0,5.0,30.0,6.0,45.0,10.0,3.0,118.0,2.5,200.0,2.0,200.0,1.5,276.0,1.0,200.0
2023-04-27 21:00:09.25,1682600409250000000,,,,9191.0,0.0,0.0,4.0,210.0,4.5,16.0,15.0,5.0,30.0,6.0,45.0,10.0,3.0,100.0,2.5,200.0,2.0,200.0,1.5,276.0,1.0,200.0
2023-04-27 21:00:24.0,1682600424000000000,,,,9191.0,0.0,0.0,4.0,210.0,4.5,16.0,5.0,18.0,15.0,5.0,30.0,6.0,3.0,100.0,2.5,218.0,2.0,200.0,1.5,276.0,1.0,200.0
2023-04-27 21:00:28.25,1682600428250000000,,,,9191.0,0.0,0.0,4.0,210.0,4.5,16.0,15.0,5.0,30.0,6.0,45.0,10.0,3.0,100.0,2.5,200.0,2.0,200.0,1.5,276.0,1.0,200.0
2023-04-27 21:00:59.75,1682600459750000000,,,,9191.0,0.0,0.0,4.0,210.0,4.5,16.0,15.0,5.0,30.0,6.0,45.0,10.0,3.0,100.0,2.5,210.0,2.0,200.0,1.5,276.0,1.0,200.0
2023-04-27 21:01:08.0,1682600468000000000,,,,9191.0,0.0,0.0,4.0,210.0,4.5,34.0,15.0,5.0,30.0,6.0,45.0,10.0,3.0,118.0,2.5,210.0,2.0,200.0,1.5,276.0,1.0,200.0
2023-04-27 21:01:09.5,1682600469500000000,,,,9191.0,0.0,0.0,4.0,210.0,4.5,16.0,15.0,5.0,30.0,6.0,45.0,10.0,3.0,100.0,2.5,210.0,2.0,200.0,1.5,276.0,1.0,200.0
2023-04-27 21:01:32.5,1682600492500000000,,,,9191.0,0.0,0.0,4.0,210.0,4.5,16.0,15.0,5.0,30.0,6.0,45.0,10.0,3.0,100.0,2.5,200.0,2.0,210.0,1.5,276.0,1.0,200.0
2023-04-27 21:01:34.25,1682600494250000000,,,,9191.0,0.0,0.0,3.5,18.0,4.0,210.0,4.5,16.0,15.0,5.0,30.0,6.0,3.0,118.0,2.5,200.0,2.0,210.0,1.5,276.0,1.0,200.0
2023-04-27 21:01:34.5,1682600494500000000,,,,9191.0,0.0,0.0,4.0,210.0,4.5,16.0,15.0,5.0,30.0,6.0,45.0,10.0,3.0,100.0,2.5,200.0,2.0,210.0,1.5,276.0,1.0,200.0
2023-04-27 21:01:41.5,1682600501500000000,,,,9191.0,0.0,0.0,4.0,210.0,4.5,16.0,15.0,5.0,30.0,6.0,45.0,10.0,3.0,100.0,2.5,200.0,2.0,215.0,1.5,276.0,1.0,200.0
2023-04-27 21:01:47.0,1682600507000000000,,,,9191.0,0.0,0.0,4.0,210.0,4.5,16.0,15.0,5.0,30.0,6.0,45.0,10.0,3.0,100.0,2.5,200.0,2.0,210.0,1.5,276.0,1.0,200.0
2023-04-27 21:01:49.75,1682600509750000000,,,,9191.0,0.0,0.0,4.0,210.0,4.5,16.0,15.0,5.0,30.0,6.0,45.0,10.0,3.0,100.0,2.5,200.0,2.0,216.0,1.5,276.0,1.0,200.0
2023-04-27 21:02:03.5,1682600523500000000,,,,9191.0,0.0,0.0,4.0,210.0,4.5,16.0,5.0,22.0,15.0,5.0,30.0,6.0,3.0,100.0,2.5,200.0,2.0,216.0,1.5,276.0,1.0,200.0
2023-04-27 21:02:06.25,1682600526250000000,,,,9191.0,0.0,0.0,3.5,18.0,4.0,210.0,4.5,16.0,5.0,22.0,15.0,5.0,3.0,118.0,2.5,200.0,2.0,216.0,1.5,276.0,1.0,200.0
2023-04-27 21:02:06.5,1682600526500000000,,,,9191.0,0.0,0.0,4.0,210.0,4.5,16.0,5.0,22.0,15.0,5.0,30.0,6.0,3.0,100.0,2.5,200.0,2.0,216.0,1.5,276.0,1.0,200.0
2023-04-27 21:02:25.0,1682600545000000000,,,,9191.0,0.0,0.0,4.0,210.0,4.5,16.0,5.0,40.0,15.0,5.0,30.0,6.0,3.0,100.0,2.5,200.0,2.0,234.0,1.5,276.0,1.0,200.0
2023-04-27 21:02:35.25,1682600555250000000,,,,9191.0,0.0,0.0,4.0,228.0,4.5,16.0,5.0,22.0,15.0,5.0,30.0,6.0,3.0,118.0,2.5,200.0,2.0,216.0,1.5,276.0,1.0,200.0
2023-04-27 21:02:49.75,1682600569750000000,,,,9191.0,0.0,0.0,3.5,10.0,4.0,228.0,4.5,16.0,5.0,22.0,15.0,5.0,3.0,128.0,2.5,200.0,2.0,216.0,1.5,276.0,1.0,200.0
2023-04-27 21:02:50.0,1682600570000000000,,,,9191.0,0.0,0.0,3.5,28.0,4.0,210.0,4.5,16.0,5.0,22.0,15.0,5.0,3.0,128.0,2.5,200.0,2.0,216.0,1.5,276.0,1.0,200.0
2023-04-27 21:03:03.75,1682600583750000000,,,,9191.0,0.0,0.0,3.5,18.0,4.0,210.0,4.5,16.0,5.0,22.0,15.0,5.0,3.0,118.0,2.5,200.0,2.0,216.0,1.5,276.0,1.0,200.0
2023-04-27 21:03:04.0,1682600584000000000,,,,9191.0,0.0,0.0,4.0,228.0,4.5,16.0,5.0,22.0,15.0,5.0,30.0,6.0,3.0,118.0,2.5,200.0,2.0,216.0,1.5,276.0,1.0,200.0
2023-04-27 21:03:31.0,1682600611000000000,,,,9191.0,0.0,0.0,4.0,229.0,4.5,16.0,5.0,22.0,15.0,5.0,30.0,6.0,3.0,119.0,2.5,200.0,2.0,216.0,1.5,276.0,1.0,200.0
2023-04-27 21:03:47.25,1682600627250000000,,,,9191.0,0.0,0.0,3.5,18.0,4.0,211.0,4.5,16.0,5.0,22.0,15.0,5.0,3.0,119.0,2.5,200.0,2.0,216.0,1.5,276.0,1.0,200.0
2023-04-27 21:03:47.5,1682600627500000000,,,,9191.0,0.0,0.0,4.0,211.0,4.5,16.0,5.0,22.0,15.0,5.0,30.0,6.0,3.0,101.0,2.5,200.0,2.0,216.0,1.5,276.0,1.0,200.0
2023-04-27 21:03:56.0,1682600636000000000,,,,9191.0,0.0,0.0,4.0,211.0,4.5,16.0,5.0,22.0,15.0,5.0,30.0,6.0,3.0,201.0,2.5,200.0,2.0,216.0,1.5,276.0,1.0,200.0
2023-04-27 21:04:00.0,1682600640000000000,,,,9191.0,0.0,0.0,4.0,211.0,4.5,34.0,5.0,22.0,15.0,5.0,30.0,6.0,3.0,201.0,2.5,200.0,2.0,216.0,1.5,294.0,1.0,200.0
2023-04-27 21:04:02.5,1682600642500000000,,,,9191.0,0.0,0.0,3.5,18.0,4.0,211.0,4.5,16.0,5.0,22.0,15.0,5.0,3.0,219.0,2.5,200.0,2.0,216.0,1.5,276.0,1.0,200.0
2023-04-27 21:04:03.25,1682600643250000000,,,,9191.0,0.0,0.0,3.5,19.0,4.0,210.0,4.5,16.0,5.0,22.0,15.0,5.0,3.0,219.0,2.5,200.0,2.0,216.0,1.5,276.0,1.0,200.0
2023-04-27 21:04:04.5,1682600644500000000,,,,9191.0,0.0,0.0,3.5,1.0,4.0,210.0,4.5,16.0,5.0,22.0,15.0,5.0,3.0,201.0,2.5,200.0,2.0,216.0,1.5,276.0,1.0,200.0
2023-04-27 21:04:04.75,1682600644750000000,,,,9191.0,0.0,0.0,4.0,210.0,4.5,16.0,5.0,22.0,15.0,5.0,30.0,6.0,3.0,200.0,2.5,200.0,2.0,216.0,1.5,276.0,1.0,200.0
2023-04-27 21:04:05.5,1682600645500000000,,,,9191.0,0.0,0.0,4.0,211.0,4.5,16.0,5.0,22.0,15.0,5.0,30.0,6.0,3.0,201.0,2.5,200.0,2.0,216.0,1.5,276.0,1.0,200.0
2023-04-27 21:04:05.75,1682600645750000000,,,,9191.0,0.0,0.0,4.0,211.0,4.5,16.0,5.0,22.0,15.0,5.0,30.0,6.0,3.0,101.0,2.5,200.0,2.0,216.0,1.5,276.0,1.0,200.0
2023-04-27 21:04:12.5,1682600652500000000,,,,9191.0,0.0,0.0,4.0,211.0,4.5,16.0,5.0,40.0,15.0,5.0,30.0,6.0,3.0,101.0,2.5,200.0,2.0,234.0,1.5,276.0,1.0,200.0
2023-04-27 21:04:13.5,1682600653500000000,,,,9191.0,0.0,0.0,4.0,211.0,4.5,16.0,5.0,22.0,15.0,5.0,30.0,6.0,3.0,101.0,2.5,200.0,2.0,216.0,1.5,276.0,1.0,200.0
2023-04-27 21:04:13.75,1682600653750000000,,,,9191.0,0.0,0.0,4.0,229.0,4.5,16.0,5.0,22.0,15.0,5.0,30.0,6.0,3.0,119.0,2.5,200.0,2.0,216.0,1.5,276.0,1.0,200.0
2023-04-27 21:05:00.5,1682600700500000000,,,,9191.0,0.0,0.0,3.5,10.0,4.0,229.0,4.5,16.0,5.0,22.0,15.0,5.0,3.0,129.0,2.5,200.0,2.0,216.0,1.5,276.0,1.0,200.0
2023-04-27 21:05:00.75,1682600700750000000,,,,9191.0,0.0,0.0,3.5,29.0,4.0,210.0,4.5,16.0,5.0,22.0,15.0,5.0,3.0,129.0,2.5,200.0,2.0,216.0,1.5,276.0,1.0,200.0
2023-04-27 21:05:13.25,1682600713250000000,,,,9191.0,0.0,0.0,3.5,29.0,4.0,226.0,5.0,22.0,15.0,5.0,30.0,6.0,3.0,129.0,2.5,200.0,2.0,216.0,1.5,276.0,1.0,200.0
2023-04-27 21:05:58.0,1682600758000000000,,,,9191.0,0.0,0.0,3.5,29.0,4.0,226.0,5.0,22.0,15.0,5.0,30.0,6.0,3.0,229.0,2.5,200.0,2.0,216.0,1.5,276.0,1.0,200.0
2023-04-27 21:06:06.5,1682600766500000000,,,,9191.0,0.0,0.0,3.5,29.0,4.0,226.0,5.0,22.0,15.0,5.0,30.0,6.0,3.0,229.0,2.5,500.0,2.0,216.0,1.5,276.0,1.0,200.0
2023-04-27 21:06:07.5,1682600767500000000,,,,9191.0,0.0,0.0,3.5,29.0,4.0,226.0,5.0,22.0,15.0,5.0,30.0,6.0,3.0,229.0,2.5,500.0,2.0,316.0,1.5,276.0,1.0,200.0
2023-04-27 21:06:07.75,1682600767750000000,,,,9191.0,0.0,0.0,3.5,29.0,4.0,226.0,5.0,22.0,15.0,5.0,30.0,6.0,3.0,229.0,2.5,500.0,2.0,516.0,1.5,276.0,1.0,200.0
2023-04-27 21:06:10.5,1682600770500000000,,,,9191.0,0.0,0.0,3.5,19.0,4.0,226.0,5.0,22.0,15.0,5.0,30.0,6.0,3.0,219.0,2.5,500.0,2.0,516.0,1.5,276.0,1.0,200.0
2023-04-27 21:06:10.75,1682600770750000000,,,,9191.0,0.0,0.0,3.5,1.0,4.0,244.0,5.0,22.0,15.0,5.0,30.0,6.0,3.0,219.0,2.5,500.0,2.0,516.0,1.5,276.0,1.0,200.0
2023-04-27 21:06:11.0,1682600771000000000,,,,9191.0,0.0,0.0,4.0,244.0,5.0,22.0,15.0,5.0,30.0,6.0,45.0,10.0,3.0,218.0,2.5,500.0,2.0,516.0,1.5,276.0,1.0,200.0
2023-04-27 21:06:12.25,1682600772250000000,,,,9191.0,0.0,0.0,4.0,245.0,5.0,22.0,15.0,5.0,30.0,6.0,45.0,10.0,3.0,219.0,2.5,500.0,2.0,516.0,1.5,276.0,1.0,200.0
2023-04-27 21:06:43.5,1682600803500000000,,,,9191.0,0.0,0.0,3.5,10.0,4.0,245.0,5.0,22.0,15.0,5.0,30.0,6.0,3.0,229.0,2.5,500.0,2.0,516.0,1.5,276.0,1.0,200.0
2023-04-27 21:06:43.75,1682600803750000000,,,,9191.0,0.0,0.0,3.5,29.0,4.0,226.0,5.0,22.0,15.0,5.0,30.0,6.0,3.0,229.0,2.5,500.0,2.0,516.0,1.5,276.0,1.0,200.0
2023-04-27 21:08:36.25,1682600916250000000,,,,9191.0,0.0,0.0,3.5,29.0,4.0,226.0,5.0,22.0,15.0,5.0,30.0,6.0,3.0,229.0,2.5,500.0,2.0,616.0,1.5,276.0,1.0,200.0
2023-04-27 21:10:22.75,1682601022750000000,,,,9191.0,0.0,0.0,3.5,29.0,4.0,226.0,5.0,22.0,15.0,5.0,20.0,100.0,3.0,229.0,2.5,500.0,2.0,616.0,1.5,276.0,1.0,200.0
2023-04-27 21:10:23.0,1682601023000000000,,,,9191.0,0.0,0.0,3.5,29.0,4.0,226.0,5.0,22.0,15.0,5.0,20.0,125.0,3.0,229.0,2.5,500.0,2.0,616.0,1.5,276.0,1.0,200.0
2023-04-27 21:13:59.75,1682601239750000000,,,,9191.0,0.0,0.0,3.5,29.0,4.0,226.0,5.0,22.0,15.0,5.0,20.0,125.0,3.0,229.0,2.5,500.0,2.0,632.0,1.5,260.0,1.0,200.0
2023-04-27 21:18:05.25,1682601485250000000,,,,9191.0,0.0,0.0,3.5,29.0,4.0,226.0,5.0,22.0,15.0,5.0,20.0,125.0,3.0,229.0,2.5,502.0,2.0,632.0,1.5,260.0,1.0,200.0
2023-04-27 21:18:34.5,1682601514500000000,,,,9191.0,0.0,0.0,3.5,29.0,4.0,226.0,5.0,22.0,15.0,5.0,20.0,125.0,3.0,279.0,2.5,502.0,2.0,632.0,1.5,260.0,1.0,200.0
2023-04-27 21:21:19.75,1682601679750000000,3.0,3.0,3.0,9191.0,1.0,30.0,3.5,29.0,4.0,226.0,5.0,22.0,15.0,5.0,20.0,125.0,3.0,278.0,2.5,502.0,2.0,632.0,1.5,260.0,1.0,200.0
2023-04-27 21:21:21.75,1682601681750000000,3.0,3.0,3.0,9191.0,1.0,30.0,3.5,29.0,4.0,226.0,5.0,22.0,15.0,5.0,20.0,125.0,3.0,278.0,2.5,502.0,2.0,642.0,1.5,260.0,1.0,200.0
2023-04-27 21:21:29.5,1682601689500000000,3.0,3.0,3.0,9191.0,1.0,30.0,3.5,30.0,4.0,226.0,5.0,22.0,15.0,5.0,20.0,125.0,3.0,278.0,2.5,502.0,2.0,642.0,1.5,260.0,1.0,200.0
2023-04-27 21:22:18.0,1682601738000000000,3.0,3.0,3.0,9191.0,1.0,30.0,3.5,30.0,4.0,226.0,5.0,22.0,15.0,5.0,20.0,125.0,3.0,278.0,2.5,502.0,2.0,742.0,1.5,260.0,1.0,200.0
2023-04-27 21:23:15.75,1682601795750000000,3.0,3.0,3.0,9191.0,1.0,30.0,3.5,32.0,4.0,226.0,5.0,22.0,15.0,5.0,20.0,125.0,3.0,278.0,2.5,502.0,2.0,742.0,1.5,260.0,1.0,200.0
2023-04-27 21:23:23.5,1682601803500000000,3.0,3.0,3.0,9191.0,1.0,30.0,3.5,32.0,4.0,226.0,5.0,22.0,15.0,5.0,20.0,125.0,3.0,308.0,2.5,502.0,2.0,742.0,1.5,260.0,1.0,200.0
2023-04-27 21:26:21.5,1682601981500000000,3.0,3.0,3.0,9191.0,1.0,30.0,3.5,14.0,4.0,226.0,5.0,22.0,15.0,5.0,20.0,125.0,3.0,290.0,2.5,502.0,2.0,742.0,1.5,260.0,1.0,200.0
2023-04-27 21:26:30.75,1682601990750000000,3.0,3.0,3.0,9191.0,1.0,30.0,3.5,14.0,4.0,226.0,5.0,40.0,15.0,5.0,20.0,125.0,3.0,290.0,2.5,502.0,2.0,760.0,1.5,260.0,1.0,200.0
2023-04-27 21:26:31.75,1682601991750000000,3.0,3.0,3.0,9191.0,1.0,30.0,3.5,14.0,4.0,226.0,5.0,22.0,15.0,5.0,20.0,125.0,3.0,290.0,2.5,502.0,2.0,742.0,1.5,260.0,1.0,200.0
2023-04-27 21:26:33.75,1682601993750000000,3.0,3.0,3.0,9191.0,1.0,30.0,3.5,32.0,4.0,226.0,5.0,22.0,15.0,5.0,20.0,125.0,3.0,308.0,2.5,502.0,2.0,742.0,1.5,260.0,1.0,200.0
2023-04-27 21:27:53.5,1682602073500000000,3.0,3.0,3.0,9191.0,1.0,30.0,3.5,32.0,4.0,226.0,5.0,22.0,15.0,5.0,20.0,125.0,3.0,308.0,2.5,502.0,2.0,742.0,1.5,260.0,1.0,200.0
2023-04-27 21:29:17.75,1682602157750000000,3.0,3.0,3.0,9191.0,1.0,30.0,3.5,82.0,4.0,226.0,5.0,22.0,15.0,5.0,20.0,125.0,3.0,358.0,2.5,502.0,2.0,742.0,1.5,260.0,1.0,200.0
2023-04-27 21:29:28.25,1682602168250000000,3.0,3.0,3.0,9191.0,1.0,30.0,3.5,82.0,4.0,226.0,5.0,22.0,15.0,5.0,20.0,125.0,3.0,435.0,2.5,502.0,2.0,742.0,1.5,260.0,1.0,200.0
2023-04-27 21:29:29.0,1682602169000000000,3.0,3.0,3.0,9191.0,1.0,30.0,3.5,82.0,4.0,226.0,5.0,22.0,15.0,5.0,20.0,125.0,3.0,512.0,2.5,502.0,2.0,742.0,1.5,260.0,1.0,200.0
2023-04-27 21:30:23.75,1682602223750000000,3.0,3.0,3.0,9191.0,1.0,30.0,3.5,82.0,4.0,226.0,5.0,22.0,15.0,5.0,20.0,125.0,3.0,512.0,2.5,602.0,2.0,742.0,1.5,260.0,1.0,200.0
2023-04-27 21:30:26.0,1682602226000000000,3.5,3.5,3.0,9191.0,5.0,170.0,3.5,78.0,4.0,226.0,5.0,22.0,15.0,5.0,20.0,125.0,3.0,512.0,2.5,602.0,2.0,742.0,1.5,260.0,1.0,200.0
2023-04-27 21:30:26.25,1682602226250000000,3.5,3.5,3.0,9191.0,5.0,170.0,3.5,72.0,4.0,236.0,5.0,22.0,15.0,5.0,20.0,125.0,3.0,512.0,2.5,602.0,2.0,742.0,1.5,260.0,1.0,200.0
2023-04-27 21:30:35.0,1682602235000000000,3.5,3.5,3.0,9188.0,13.0,450.0,3.5,64.0,4.0,236.0,5.0,22.0,15.0,5.0,20.0,125.0,3.0,511.0,2.5,602.0,2.0,742.0,1.5,260.0,1.0,200.0
2023-04-27 21:30:36.25,1682602236250000000,3.5,3.5,3.0,9188.0,13.0,450.0,3.5,65.0,4.0,236.0,5.0,22.0,15.0,5.0,20.0,125.0,3.0,512.0,2.5,602.0,2.0,742.0,1.5,260.0,1.0,200.0
2023-04-27 21:30:40.25,1682602240250000000,3.5,3.5,3.0,9188.0,15.0,520.0,3.5,63.0,4.0,236.0,5.0,22.0,15.0,5.0,20.0,125.0,3.0,512.0,2.5,602.0,2.0,742.0,1.5,260.0,1.0,200.0
2023-04-27 21:30:47.0,1682602247000000000,3.5,3.0,3.0,9188.0,16.0,550.0,3.5,63.0,4.0,236.0,5.0,22.0,15.0,5.0,20.0,125.0,3.0,511.0,2.5,602.0,2.0,742.0,1.5,260.0,1.0,200.0
2023-04-27 21:30:51.0,1682602251000000000,3.5,3.0,3.0,9188.0,16.0,550.0,3.5,64.0,4.0,236.0,5.0,22.0,15.0,5.0,20.0,125.0,3.0,511.0,2.5,602.0,2.0,742.0,1.5,260.0,1.0,200.0
2023-04-27 21:32:12.0,1682602332000000000,3.5,3.0,3.0,9188.0,16.0,550.0,3.5,52.0,4.0,236.0,5.0,22.0,15.0,5.0,20.0,125.0,3.0,493.0,2.5,602.0,2.0,742.0,1.5,260.0,1.0,200.0
2023-04-27 21:32:27.5,1682602347500000000,3.5,3.0,3.0,9188.0,16.0,550.0,3.5,52.0,4.0,236.0,4.5,18.0,5.0,22.0,15.0,5.0,3.0,493.0,2.5,602.0,2.0,760.0,1.5,260.0,1.0,200.0
2023-04-27 21:32:29.0,1682602349000000000,3.5,3.0,3.0,9188.0,16.0,550.0,3.5,52.0,4.0,236.0,5.0,22.0,15.0,5.0,20.0,125.0,3.0,493.0,2.5,602.0,2.0,742.0,1.5,260.0,1.0,200.0
2023-04-27 21:32:31.0,1682602351000000000,3.5,3.0,3.0,9188.0,16.0,550.0,3.5,70.0,4.0,236.0,5.0,22.0,15.0,5.0,20.0,125.0,3.0,511.0,2.5,602.0,2.0,742.0,1.5,260.0,1.0,200.0
2023-04-27 21:33:04.75,1682602384750000000,3.5,3.0,3.0,9188.0,31.0,1000.0,3.5,70.0,4.0,236.0,5.0,22.0,15.0,5.0,20.0,125.0,3.0,496.0,2.5,602.0,2.0,742.0,1.5,260.0,1.0,200.0
2023-04-27 21:33:15.25,1682602395250000000,3.5,3.0,3.0,9188.0,31.0,1000.0,3.5,85.0,4.0,236.0,5.0,22.0,15.0,5.0,20.0,125.0,3.0,496.0,2.5,602.0,2.0,742.0,1.5,260.0,1.0,200.0
2023-04-27 21:41:34.5,1682602894500000000,3.5,3.0,3.0,9188.0,31.0,1000.0,3.5,95.0,4.0,236.0,5.0,22.0,15.0,5.0,20.0,125.0,3.0,506.0,2.5,602.0,2.0,742.0,1.5,260.0,1.0,200.0
2023-04-27 21:43:14.25,1682602994250000000,3.5,3.5,3.0,9188.0,34.0,1105.0,3.5,45.0,4.0,236.0,5.0,22.0,15.0,5.0,20.0,125.0,3.0,456.0,2.5,602.0,2.0,742.0,1.5,260.0,1.0,200.0
2023-04-27 21:43:19.75,1682602999750000000,3.5,3.5,3.0,9188.0,34.0,1105.0,3.5,95.0,4.0,236.0,5.0,22.0,15.0,5.0,20.0,125.0,3.0,506.0,2.5,602.0,2.0,742.0,1.5,260.0,1.0,200.0
2023-04-27 21:43:30.5,1682603010500000000,3.5,3.5,3.0,9172.0,75.0,2540.0,3.5,52.0,4.0,236.0,5.0,40.0,15.0,5.0,20.0,125.0,3.0,505.0,2.5,602.0,2.0,742.0,1.5,260.0,1.0,200.0
2023-04-27 21:43:30.75,1682603010750000000,3.5,3.5,3.0,9172.0,75.0,2540.0,3.5,60.0,4.0,236.0,5.0,40.0,15.0,5.0,20.0,125.0,3.0,505.0,2.5,602.0,2.0,742.0,1.5,260.0,1.0,200.0
2023-04-27 21:43:31.75,1682603011750000000,3.5,3.5,3.0,9172.0,75.0,2540.0,3.5,61.0,4.0,236.0,5.0,40.0,15.0,5.0,20.0,125.0,3.0,506.0,2.5,602.0,2.0,742.0,1.5,260.0,1.0,200.0
2023-04-27 21:43:32.25,1682603012250000000,3.5,3.5,3.0,9172.0,103.0,3520.0,3.5,11.0,4.0,236.0,5.0,40.0,15.0,5.0,20.0,125.0,3.0,456.0,2.5,602.0,2.0,742.0,1.5,260.0,1.0,200.0
2023-04-27 21:43:36.5,1682603016500000000,3.5,3.5,3.0,9172.0,103.0,3520.0,3.5,29.0,4.0,236.0,5.0,22.0,15.0,5.0,20.0,125.0,3.0,456.0,2.5,602.0,2.0,742.0,1.5,260.0,1.0,200.0
2023-04-27 21:43:36.75,1682603016750000000,3.5,3.5,3.0,9172.0,130.0,4465.0,4.0,236.0,5.0,40.0,15.0,5.0,20.0,125.0,30.0,6.0,3.5,11.0,3.0,455.0,2.5,602.0,2.0,742.0,1.5,260.0
2023-04-27 21:43:37.0,1682603017000000000,3.5,3.5,3.0,9172.0,141.0,4850.0,4.0,246.0,5.0,40.0,15.0,5.0,20.0,125.0,30.0,6.0,3.0,455.0,2.5,602.0,2.0,742.0,1.5,260.0,1.0,200.0
2023-04-27 21:43:37.75,1682603017750000000,3.5,3.5,3.0,9172.0,141.0,4850.0,4.0,296.0,5.0,40.0,15.0,5.0,20.0,125.0,30.0,6.0,3.0,505.0,2.5,602.0,2.0,742.0,1.5,260.0,1.0,200.0
2023-04-27 21:43:38.0,1682603018000000000,3.5,3.5,3.0,9172.0,141.0,4850.0,4.0,296.0,5.0,40.0,15.0,5.0,20.0,125.0,30.0,6.0,3.5,1.0,3.0,505.0,2.5,602.0,2.0,742.0,1.5,260.0
2023-04-27 21:43:38.25,1682603018250000000,3.5,3.5,3.0,9171.0,142.0,4885.0,4.0,296.0,5.0,40.0,15.0,5.0,20.0,125.0,30.0,6.0,3.5,60.0,3.0,445.0,2.5,602.0,2.0,742.0,1.5,260.0
2023-04-27 21:43:39.0,1682603019000000000,3.5,3.5,3.0,9171.0,142.0,4885.0,4.0,297.0,5.0,40.0,15.0,5.0,20.0,125.0,30.0,6.0,3.5,61.0,3.0,445.0,2.5,602.0,2.0,742.0,1.5,260.0
2023-04-27 21:43:42.75,1682603022750000000,3.5,3.5,3.0,9171.0,152.0,5235.0,4.0,247.0,5.0,40.0,15.0,5.0,20.0,125.0,30.0,6.0,3.5,11.0,3.0,445.0,2.5,602.0,2.0,742.0,1.5,260.0
2023-04-27 21:43:48.25,1682603028250000000,3.5,3.5,3.0,9171.0,152.0,5235.0,4.0,297.0,5.0,40.0,15.0,5.0,20.0,125.0,30.0,6.0,3.5,61.0,3.0,445.0,2.5,602.0,2.0,742.0,1.5,260.0
2023-04-27 21:43:48.75,1682603028750000000,3.5,3.5,3.0,9171.0,152.0,5235.0,4.0,315.0,5.0,22.0,15.0,5.0,20.0,125.0,30.0,6.0,3.5,79.0,3.0,427.0,2.5,618.0,2.0,726.0,1.5,260.0
2023-04-27 21:43:57.25,1682603037250000000,3.5,3.5,3.0,9171.0,162.0,5585.0,4.0,297.0,5.0,40.0,15.0,5.0,20.0,125.0,30.0,6.0,3.5,51.0,3.0,445.0,2.5,618.0,2.0,726.0,1.5,260.0
2023-04-27 21:43:57.5,1682603037500000000,3.5,3.5,3.0,9171.0,162.0,5585.0,4.0,297.0,5.0,40.0,15.0,5.0,20.0,125.0,30.0,6.0,3.5,61.0,3.0,445.0,2.5,618.0,2.0,726.0,1.5,260.0
2023-04-27 21:44:03.25,1682603043250000000,3.5,3.5,3.0,9171.0,172.0,5935.0,4.0,246.0,5.0,40.0,15.0,5.0,20.0,125.0,30.0,6.0,3.5,10.0,3.0,445.0,2.5,618.0,2.0,726.0,1.5,260.0
2023-04-27 21:44:03.5,1682603043500000000,3.5,3.5,3.0,9171.0,172.0,5935.0,4.0,247.0,5.0,40.0,15.0,5.0,20.0,125.0,30.0,6.0,3.5,11.0,3.0,445.0,2.5,618.0,2.0,726.0,1.5,260.0
2023-04-27 21:44:08.75,1682603048750000000,3.5,3.5,3.0,9171.0,172.0,5935.0,4.0,297.0,5.0,40.0,15.0,5.0,20.0,125.0,30.0,6.0,3.5,61.0,3.0,445.0,2.5,618.0,2.0,726.0,1.5,260.0
2023-04-27 21:44:09.25,1682603049250000000,3.5,3.5,3.0,9171.0,172.0,5935.0,4.0,315.0,5.0,22.0,15.0,5.0,20.0,125.0,30.0,6.0,3.5,79.0,3.0,427.0,2.5,618.0,2.0,726.0,1.5,260.0
2023-04-27 21:44:20.0,1682603060000000000,3.5,3.5,3.0,9171.0,182.0,6285.0,4.0,297.0,5.0,40.0,15.0,5.0,20.0,125.0,30.0,6.0,3.5,51.0,3.0,445.0,2.5,618.0,2.0,726.0,1.5,260.0
2023-04-27 21:44:20.25,1682603060250000000,3.5,3.5,3.0,9171.0,182.0,6285.0,4.0,297.0,5.0,40.0,15.0,5.0,20.0,125.0,30.0,6.0,3.5,61.0,3.0,445.0,2.5,618.0,2.0,726.0,1.5,260.0
2023-04-27 21:44:26.0,1682603066000000000,3.5,3.5,3.0,9171.0,182.0,6285.0,4.0,315.0,5.0,22.0,15.0,5.0,20.0,125.0,30.0,6.0,3.5,79.0,3.0,427.0,2.5,618.0,2.0,726.0,1.5,260.0
2023-04-27 21:44:33.0,1682603073000000000,3.5,3.5,3.0,9171.0,192.0,6635.0,4.0,246.0,5.0,40.0,15.0,5.0,20.0,125.0,30.0,6.0,3.5,10.0,3.0,445.0,2.5,618.0,2.0,726.0,1.5,260.0
2023-04-27 21:44:34.25,1682603074250000000,3.5,3.5,3.0,9171.0,192.0,6635.0,4.0,247.0,5.0,40.0,15.0,5.0,20.0,125.0,30.0,6.0,3.5,11.0,3.0,445.0,2.5,618.0,2.0,726.0,1.5,260.0
2023-04-27 21:44:38.25,1682603078250000000,3.5,3.5,3.0,9171.0,192.0,6635.0,4.0,297.0,5.0,40.0,15.0,5.0,20.0,125.0,30.0,6.0,3.5,61.0,3.0,445.0,2.5,618.0,2.0,726.0,1.5,260.0
2023-04-27 21:44:39.0,1682603079000000000,3.5,3.5,3.0,9171.0,192.0,6635.0,4.0,315.0,5.0,22.0,15.0,5.0,20.0,125.0,30.0,6.0,3.5,79.0,3.0,427.0,2.5,618.0,2.0,726.0,1.5,260.0
2023-04-27 21:45:53.75,1682603153750000000,3.5,3.5,3.0,9171.0,202.0,6985.0,4.0,297.0,5.0,40.0,15.0,5.0,20.0,125.0,30.0,6.0,3.5,51.0,3.0,445.0,2.5,618.0,2.0,726.0,1.5,260.0
2023-04-27 21:45:54.0,1682603154000000000,3.5,3.5,3.0,9171.0,202.0,6985.0,4.0,297.0,5.0,40.0,15.0,5.0,20.0,125.0,30.0,6.0,3.5,61.0,3.0,445.0,2.5,618.0,2.0,726.0,1.5,260.0
2023-04-27 21:46:00.0,1682603160000000000,3.5,3.5,3.0,9171.0,202.0,6985.0,4.0,315.0,5.0,22.0,15.0,5.0,20.0,125.0,30.0,6.0,3.5,79.0,3.0,427.0,2.5,618.0,2.0,726.0,1.5,260.0
2023-04-27 21:46:02.5,1682603162500000000,3.5,3.5,3.0,9172.0,212.0,7335.0,4.0,246.0,5.0,40.0,15.0,5.0,20.0,125.0,30.0,6.0,3.5,10.0,3.0,445.0,2.5,618.0,2.0,726.0,1.5,260.0
2023-04-27 21:46:03.75,1682603163750000000,3.5,3.5,3.0,9171.0,213.0,7370.0,4.0,246.0,5.0,40.0,15.0,5.0,20.0,125.0,30.0,6.0,3.5,9.0,3.0,445.0,2.5,618.0,2.0,726.0,1.5,260.0
2023-04-27 21:46:04.0,1682603164000000000,3.5,3.5,3.0,9171.0,213.0,7370.0,4.0,246.0,5.0,40.0,15.0,5.0,20.0,125.0,30.0,6.0,3.5,10.0,3.0,445.0,2.5,618.0,2.0,726.0,1.5,260.0
2023-04-27 21:46:04.75,1682603164750000000,3.5,3.5,3.0,9171.0,213.0,7370.0,4.0,247.0,5.0,40.0,15.0,5.0,20.0,125.0,30.0,6.0,3.5,11.0,3.0,445.0,2.5,618.0,2.0,726.0,1.5,260.0
2023-04-27 21:46:07.5,1682603167500000000,3.5,3.5,3.0,9171.0,213.0,7370.0,4.0,297.0,5.0,40.0,15.0,5.0,20.0,125.0,30.0,6.0,3.5,61.0,3.0,445.0,2.5,618.0,2.0,726.0,1.5,260.0
2023-04-27 21:46:08.5,1682603168500000000,3.5,3.5,3.0,9171.0,213.0,7370.0,4.0,315.0,5.0,22.0,15.0,5.0,20.0,125.0,30.0,6.0,3.5,79.0,3.0,427.0,2.5,618.0,2.0,726.0,1.5,260.0
2023-04-27 21:46:20.0,1682603180000000000,3.5,3.5,3.0,9171.0,223.0,7720.0,4.0,297.0,5.0,40.0,15.0,5.0,20.0,125.0,30.0,6.0,3.5,51.0,3.0,445.0,2.5,618.0,2.0,726.0,1.5,260.0
2023-04-27 21:46:20.25,1682603180250000000,3.5,3.5,3.0,9172.0,233.0,8070.0,4.0,236.0,5.0,40.0,15.0,5.0,20.0,125.0,30.0,6.0,3.0,455.0,2.5,618.0,2.0,726.0,1.5,260.0,1.0,200.0
2023-04-27 21:46:20.5,1682603180500000000,3.5,3.5,3.0,9172.0,233.0,8070.0,4.0,246.0,5.0,40.0,15.0,5.0,20.0,125.0,30.0,6.0,3.0,455.0,2.5,618.0,2.0,726.0,1.5,260.0,1.0,200.0
2023-04-27 21:46:21.5,1682603181500000000,3.5,3.5,3.0,9172.0,233.0,8070.0,3.5,1.0,4.0,246.0,5.0,40.0,15.0,5.0,20.0,125.0,3.0,455.0,2.5,619.0,2.0,726.0,1.5,260.0,1.0,200.0
2023-04-27 21:46:21.75,1682603181750000000,3.5,3.5,3.0,9172.0,233.0,8070.0,4.0,246.0,5.0,40.0,15.0,5.0,20.0,125.0,30.0,6.0,3.0,455.0,2.5,618.0,2.0,726.0,1.5,260.0,1.0,200.0
2023-04-27 21:46:22.5,1682603182500000000,3.5,3.5,3.0,9172.0,233.0,8070.0,3.5,1.0,4.0,246.0,5.0,40.0,15.0,5.0,20.0,125.0,3.0,455.0,2.5,619.0,2.0,726.0,1.5,260.0,1.0,200.0
2023-04-27 21:46:22.75,1682603182750000000,3.5,3.5,3.0,9172.0,233.0,8070.0,4.0,246.0,5.0,40.0,15.0,5.0,20.0,125.0,30.0,6.0,3.0,455.0,2.5,618.0,2.0,726.0,1.5,260.0,1.0,200.0
2023-04-27 21:46:23.75,1682603183750000000,3.5,3.5,3.0,9172.0,233.0,8070.0,3.5,1.0,4.0,246.0,5.0,40.0,15.0,5.0,20.0,125.0,3.0,455.0,2.5,619.0,2.0,726.0,1.5,260.0,1.0,200.0
2023-04-27 21:46:24.0,1682603184000000000,3.5,3.5,3.0,9172.0,233.0,8070.0,4.0,246.0,5.0,40.0,15.0,5.0,20.0,125.0,30.0,6.0,3.0,455.0,2.5,618.0,2.0,726.0,1.5,260.0,1.0,200.0
2023-04-27 21:46:24.75,1682603184750000000,3.5,3.5,3.0,9172.0,233.0,8070.0,3.5,1.0,4.0,246.0,5.0,40.0,15.0,5.0,20.0,125.0,3.0,455.0,2.5,619.0,2.0,726.0,1.5,260.0,1.0,200.0
2023-04-27 21:46:25.0,1682603185000000000,3.5,3.5,3.0,9172.0,233.0,8070.0,4.0,246.0,5.0,40.0,15.0,5.0,20.0,125.0,30.0,6.0,3.0,455.0,2.5,618.0,2.0,726.0,1.5,260.0,1.0,200.0
2023-04-27 21:46:25.5,1682603185500000000,3.5,3.5,3.0,9172.0,233.0,8070.0,4.0,296.0,5.0,40.0,15.0,5.0,20.0,125.0,30.0,6.0,3.0,505.0,2.5,618.0,2.0,726.0,1.5,260.0,1.0,200.0
2023-04-27 21:46:25.75,1682603185750000000,3.5,3.5,3.0,9172.0,233.0,8070.0,3.5,1.0,4.0,296.0,5.0,40.0,15.0,5.0,20.0,125.0,3.0,505.0,2.5,619.0,2.0,726.0,1.5,260.0,1.0,200.0
2023-04-27 21:46:26.0,1682603186000000000,3.5,3.5,3.0,9182.0,243.0,8420.0,4.0,264.0,5.0,22.0,15.0,5.0,20.0,125.0,30.0,6.0,3.0,437.0,2.5,618.0,2.0,744.0,1.5,260.0,1.0,200.0
2023-04-27 21:46:26.75,1682603186750000000,3.5,3.5,3.0,9182.0,243.0,8420.0,3.5,1.0,4.0,264.0,5.0,22.0,15.0,5.0,20.0,125.0,3.0,437.0,2.5,619.0,2.0,744.0,1.5,260.0,1.0,200.0
2023-04-27 21:46:27.0,1682603187000000000,3.5,3.5,3.0,9182.0,243.0,8420.0,4.0,264.0,5.0,22.0,15.0,5.0,20.0,125.0,30.0,6.0,3.0,437.0,2.5,618.0,2.0,744.0,1.5,260.0,1.0,200.0
2023-04-27 21:46:27.75,1682603187750000000,3.5,3.5,3.0,9182.0,243.0,8420.0,3.5,1.0,4.0,264.0,5.0,22.0,15.0,5.0,20.0,125.0,3.0,437.0,2.5,619.0,2.0,744.0,1.5,260.0,1.0,200.0
2023-04-27 21:46:28.0,1682603188000000000,3.5,3.5,3.0,9182.0,243.0,8420.0,4.0,264.0,5.0,22.0,15.0,5.0,20.0,125.0,30.0,6.0,3.0,437.0,2.5,618.0,2.0,744.0,1.5,260.0,1.0,200.0
2023-04-27 21:46:28.75,1682603188750000000,3.5,3.5,3.0,9182.0,243.0,8420.0,3.5,1.0,4.0,264.0,5.0,22.0,15.0,5.0,20.0,125.0,3.0,437.0,2.5,619.0,2.0,744.0,1.5,260.0,1.0,200.0
2023-04-27 21:46:29.0,1682603189000000000,3.5,3.5,3.0,9182.0,243.0,8420.0,4.0,264.0,5.0,22.0,15.0,5.0,20.0,125.0,30.0,6.0,3.0,437.0,2.5,618.0,2.0,744.0,1.5,260.0,1.0,200.0
2023-04-27 21:46:30.0,1682603190000000000,3.5,3.5,3.0,9182.0,243.0,8420.0,3.5,1.0,4.0,264.0,5.0,22.0,15.0,5.0,20.0,125.0,3.0,437.0,2.5,619.0,2.0,744.0,1.5,260.0,1.0,200.0
2023-04-27 21:46:30.25,1682603190250000000,3.5,3.5,3.0,9182.0,243.0,8420.0,4.0,264.0,5.0,22.0,15.0,5.0,20.0,125.0,30.0,6.0,3.0,437.0,2.5,618.0,2.0,744.0,1.5,260.0,1.0,200.0
2023-04-27 21:46:31.0,1682603191000000000,3.5,3.5,3.0,9182.0,243.0,8420.0,3.5,1.0,4.0,264.0,5.0,22.0,15.0,5.0,20.0,125.0,3.0,437.0,2.5,619.0,2.0,744.0,1.5,260.0,1.0,200.0
2023-04-27 21:46:31.25,1682603191250000000,3.5,3.5,3.0,9182.0,243.0,8420.0,4.0,264.0,5.0,22.0,15.0,5.0,20.0,125.0,30.0,6.0,3.0,437.0,2.5,618.0,2.0,744.0,1.5,260.0,1.0,200.0
2023-04-27 21:46:31.5,1682603191500000000,3.5,3.5,3.0,9182.0,243.0,8420.0,4.0,314.0,5.0,22.0,15.0,5.0,20.0,125.0,30.0,6.0,3.0,487.0,2.5,618.0,2.0,744.0,1.5,260.0,1.0,200.0
2023-04-27 21:46:32.0,1682603192000000000,3.5,3.5,3.0,9182.0,243.0,8420.0,3.5,19.0,4.0,296.0,5.0,22.0,15.0,5.0,20.0,125.0,3.0,505.0,2.5,619.0,2.0,726.0,1.5,260.0,1.0,200.0
2023-04-27 21:46:32.5,1682603192500000000,3.5,3.5,3.0,9182.0,243.0,8420.0,3.5,69.0,4.0,246.0,5.0,22.0,15.0,5.0,20.0,125.0,3.0,505.0,2.5,619.0,2.0,726.0,1.5,260.0,1.0,200.0
2023-04-27 21:46:32.75,1682603192750000000,3.5,3.5,3.0,9182.0,243.0,8420.0,3.5,79.0,4.0,236.0,5.0,22.0,15.0,5.0,20.0,125.0,3.0,506.0,2.5,618.0,2.0,726.0,1.5,260.0,1.0,200.0
2023-04-27 21:47:28.5,1682603248500000000,3.5,3.5,3.0,9183.0,244.0,8455.0,3.5,78.0,4.0,236.0,5.0,22.0,15.0,5.0,20.0,125.0,3.0,506.0,2.5,618.0,2.0,726.0,1.5,260.0,1.0,200.0
2023-04-27 21:47:29.25,1682603249250000000,3.5,3.5,3.0,9184.0,245.0,8490.0,3.5,77.0,4.0,236.0,5.0,22.0,15.0,5.0,20.0,125.0,3.0,506.0,2.5,618.0,2.0,726.0,1.5,260.0,1.0,200.0
2023-04-27 21:47:29.75,1682603249750000000,3.5,3.5,3.0,9185.0,246.0,8525.0,3.5,76.0,4.0,236.0,5.0,22.0,15.0,5.0,20.0,125.0,3.0,506.0,2.5,618.0,2.0,726.0,1.5,260.0,1.0,200.0
2023-04-27 21:47:30.0,1682603250000000000,3.5,3.5,3.0,9186.0,247.0,8560.0,3.5,75.0,4.0,236.0,5.0,22.0,15.0,5.0,20.0,125.0,3.0,506.0,2.5,618.0,2.0,726.0,1.5,260.0,1.0,200.0
2023-04-27 21:47:31.75,1682603251750000000,3.5,3.5,3.0,9187.0,248.0,8595.0,3.5,74.0,4.0,236.0,5.0,22.0,15.0,5.0,20.0,125.0,3.0,506.0,2.5,618.0,2.0,726.0,1.5,260.0,1.0,200.0
2023-04-27 21:47:42.75,1682603262750000000,3.5,3.5,3.0,9192.0,253.0,8770.0,3.5,61.0,4.0,236.0,5.0,40.0,15.0,5.0,20.0,125.0,3.0,506.0,2.5,618.0,2.0,726.0,1.5,260.0,1.0,200.0
2023-04-27 21:47:44.0,1682603264000000000,3.5,3.5,3.0,9197.0,258.0,8945.0,3.5,56.0,4.0,236.0,5.0,40.0,15.0,5.0,20.0,125.0,3.0,506.0,2.5,618.0,2.0,726.0,1.5,260.0,1.0,200.0
2023-04-27 21:47:44.25,1682603264250000000,3.5,3.5,3.0,9197.0,258.0,8945.0,3.5,11.0,4.0,236.0,5.0,40.0,15.0,5.0,20.0,125.0,3.0,456.0,2.5,618.0,2.0,726.0,1.5,260.0,1.0,200.0
2023-04-27 21:47:45.5,1682603265500000000,3.5,3.5,3.0,9202.0,263.0,9120.0,3.5,6.0,4.0,236.0,5.0,40.0,15.0,5.0,20.0,125.0,3.0,456.0,2.5,618.0,2.0,726.0,1.5,260.0,1.0,200.0
2023-04-27 21:47:45.75,1682603265750000000,3.5,3.5,3.0,9202.0,263.0,9120.0,3.5,11.0,4.0,236.0,5.0,40.0,15.0,5.0,20.0,125.0,3.0,456.0,2.5,618.0,2.0,726.0,1.5,260.0,1.0,200.0
2023-04-27 21:47:48.75,1682603268750000000,3.5,3.5,3.0,9212.0,273.0,9470.0,3.5,1.0,4.0,254.0,5.0,22.0,15.0,5.0,20.0,125.0,3.0,437.0,2.5,618.0,2.0,744.0,1.5,260.0,1.0,200.0
2023-04-27 21:47:49.0,1682603269000000000,3.5,3.5,3.0,9212.0,273.0,9470.0,3.5,10.0,4.0,254.0,5.0,22.0,15.0,5.0,20.0,125.0,3.0,437.0,2.5,618.0,2.0,744.0,1.5,260.0,1.0,200.0
2023-04-27 21:47:49.5,1682603269500000000,3.5,3.5,3.0,9212.0,273.0,9470.0,3.5,60.0,4.0,254.0,5.0,22.0,15.0,5.0,20.0,125.0,3.0,487.0,2.5,618.0,2.0,744.0,1.5,260.0,1.0,200.0
2023-04-27 21:47:49.75,1682603269750000000,3.5,3.5,3.0,9212.0,273.0,9470.0,3.5,61.0,4.0,254.0,5.0,22.0,15.0,5.0,20.0,125.0,3.0,488.0,2.5,618.0,2.0,744.0,1.5,260.0,1.0,200.0
2023-04-27 21:47:54.75,1682603274750000000,3.5,3.5,3.0,9222.0,283.0,9820.0,3.5,51.0,4.0,254.0,5.0,22.0,15.0,5.0,20.0,125.0,3.0,488.0,2.5,618.0,2.0,744.0,1.5,260.0,1.0,200.0
2023-04-27 21:47:55.0,1682603275000000000,3.5,3.5,3.0,9222.0,283.0,9820.0,3.5,61.0,4.0,254.0,5.0,22.0,15.0,5.0,20.0,125.0,3.0,488.0,2.5,618.0,2.0,744.0,1.5,260.0,1.0,200.0
2023-04-27 21:48:00.75,1682603280750000000,3.5,3.5,3.0,9222.0,283.0,9820.0,3.5,79.0,4.0,236.0,5.0,22.0,15.0,5.0,20.0,125.0,3.0,506.0,2.5,618.0,2.0,726.0,1.5,260.0,1.0,200.0
2023-04-27 21:48:44.25,1682603324250000000,3.5,3.5,3.0,9232.0,293.0,10170.0,3.5,11.0,4.0,254.0,5.0,22.0,15.0,5.0,20.0,125.0,3.0,438.0,2.5,618.0,2.0,744.0,1.5,260.0,1.0,200.0
2023-04-27 21:48:50.0,1682603330000000000,3.5,3.5,3.0,9232.0,293.0,10170.0,3.5,61.0,4.0,254.0,5.0,22.0,15.0,5.0,20.0,125.0,3.0,488.0,2.5,618.0,2.0,744.0,1.5,260.0,1.0,200.0
2023-04-27 21:48:50.25,1682603330250000000,3.5,3.5,3.0,9232.0,293.0,10170.0,3.5,79.0,4.0,236.0,5.0,22.0,15.0,5.0,20.0,125.0,3.0,506.0,2.5,618.0,2.0,726.0,1.5,260.0,1.0,200.0
2023-04-27 21:51:42.75,1682603502750000000,3.5,3.5,3.0,9232.0,293.0,10170.0,3.5,79.0,4.0,236.0,5.0,22.0,15.0,5.0,20.0,125.0,3.0,352.0,2.5,618.0,2.0,726.0,1.5,260.0,1.0,200.0
2023-04-27 21:53:00.25,1682603580250000000,3.5,3.5,3.0,9232.0,293.0,10170.0,3.5,61.0,4.0,236.0,5.0,22.0,15.0,5.0,20.0,125.0,3.0,334.0,2.5,618.0,2.0,726.0,1.5,260.0,1.0,200.0
2023-04-27 21:53:00.5,1682603580500000000,3.5,3.5,3.0,9241.0,303.0,10520.0,3.5,51.0,4.0,236.0,5.0,22.0,15.0,5.0,20.0,125.0,3.0,333.0,2.5,618.0,2.0,726.0,1.5,260.0,1.0,200.0
2023-04-27 21:53:00.75,1682603580750000000,3.5,3.5,3.0,9241.0,313.0,10870.0,4.0,246.0,5.0,22.0,15.0,5.0,20.0,125.0,30.0,6.0,3.0,273.0,2.5,618.0,2.0,726.0,1.5,260.0,1.0,200.0
2023-04-27 21:53:01.0,1682603581000000000,3.5,3.5,3.0,9241.0,313.0,10870.0,4.0,246.0,5.0,22.0,15.0,5.0,20.0,125.0,30.0,6.0,3.0,283.0,2.5,618.0,2.0,726.0,1.5,260.0,1.0,200.0
2023-04-27 21:53:01.75,1682603581750000000,3.5,3.5,3.0,9241.0,313.0,10870.0,4.0,246.0,4.5,1.0,5.0,22.0,15.0,5.0,20.0,125.0,3.5,1.0,3.0,283.0,2.5,618.0,2.0,726.0,1.5,260.0
2023-04-27 21:53:02.0,1682603582000000000,3.5,3.5,3.0,9240.0,314.0,10905.0,4.0,246.0,5.0,22.0,15.0,5.0,20.0,125.0,30.0,6.0,3.0,283.0,2.5,618.0,2.0,726.0,1.5,260.0,1.0,200.0
2023-04-27 21:53:02.5,1682603582500000000,3.5,3.5,3.0,9240.0,314.0,10905.0,4.0,264.0,5.0,22.0,15.0,5.0,20.0,125.0,30.0,6.0,3.0,283.0,2.5,618.0,2.0,744.0,1.5,260.0,1.0,200.0
2023-04-27 21:53:02.75,1682603582750000000,3.5,3.5,3.0,9240.0,314.0,10905.0,4.0,265.0,5.0,22.0,15.0,5.0,20.0,125.0,30.0,6.0,3.0,284.0,2.5,618.0,2.0,744.0,1.5,260.0,1.0,200.0
2023-04-27 21:53:06.0,1682603586000000000,3.5,3.5,3.0,9240.0,314.0,10905.0,4.0,315.0,5.0,22.0,15.0,5.0,20.0,125.0,30.0,6.0,3.0,334.0,2.5,618.0,2.0,744.0,1.5,260.0,1.0,200.0
2023-04-27 21:53:06.5,1682603586500000000,3.5,3.5,3.0,9240.0,314.0,10905.0,4.0,297.0,5.0,22.0,15.0,5.0,20.0,125.0,30.0,6.0,3.0,334.0,2.5,618.0,2.0,726.0,1.5,260.0,1.0,200.0
2023-04-27 21:53:06.75,1682603586750000000,3.5,3.5,3.0,9240.0,314.0,10905.0,3.5,18.0,4.0,297.0,5.0,22.0,15.0,5.0,20.0,125.0,3.0,352.0,2.5,618.0,2.0,726.0,1.5,260.0,1.0,200.0
2023-04-27 21:53:07.0,1682603587000000000,3.5,3.5,3.0,9240.0,314.0,10905.0,3.5,68.0,4.0,247.0,5.0,22.0,15.0,5.0,20.0,125.0,3.0,352.0,2.5,618.0,2.0,726.0,1.5,260.0,1.0,200.0
2023-04-27 21:53:07.25,1682603587250000000,3.5,3.5,3.0,9240.0,314.0,10905.0,3.5,79.0,4.0,236.0,5.0,22.0,15.0,5.0,20.0,125.0,3.0,352.0,2.5,618.0,2.0,726.0,1.5,260.0,1.0,200.0
2023-04-27 21:53:08.5,1682603588500000000,3.5,3.5,3.0,9250.0,324.0,11255.0,3.5,11.0,4.0,254.0,5.0,22.0,15.0,5.0,20.0,125.0,3.0,284.0,2.5,618.0,2.0,744.0,1.5,260.0,1.0,200.0
2023-04-27 21:53:13.5,1682603593500000000,3.5,3.5,3.0,9250.0,324.0,11255.0,3.5,61.0,4.0,254.0,5.0,22.0,15.0,5.0,20.0,125.0,3.0,334.0,2.5,618.0,2.0,744.0,1.5,260.0,1.0,200.0
2023-04-27 21:53:14.5,1682603594500000000,3.5,3.5,3.0,9250.0,324.0,11255.0,3.5,79.0,4.0,236.0,5.0,22.0,15.0,5.0,20.0,125.0,3.0,352.0,2.5,618.0,2.0,726.0,1.5,260.0,1.0,200.0
2023-04-27 21:53:24.0,1682603604000000000,3.5,3.5,3.0,9250.0,324.0,11255.0,3.5,79.0,4.0,246.0,5.0,22.0,15.0,5.0,20.0,125.0,3.0,352.0,2.5,618.0,2.0,726.0,1.5,260.0,1.0,200.0
2023-04-27 21:53:27.5,1682603607500000000,3.5,3.5,3.0,9250.0,324.0,11255.0,3.5,79.0,4.0,246.0,4.5,10.0,5.0,22.0,15.0,5.0,3.0,352.0,2.5,618.0,2.0,726.0,1.5,260.0,1.0,200.0
2023-04-27 21:54:21.0,1682603661000000000,3.5,3.5,3.0,9250.0,324.0,11255.0,3.5,83.0,4.0,246.0,4.5,10.0,5.0,22.0,15.0,5.0,3.0,352.0,2.5,618.0,2.0,726.0,1.5,260.0,1.0,200.0
2023-04-27 21:55:28.0,1682603728000000000,3.5,3.5,3.0,9250.0,324.0,11255.0,3.5,83.0,4.0,246.0,4.5,10.0,5.0,22.0,15.0,5.0,3.0,382.0,2.5,618.0,2.0,726.0,1.5,260.0,1.0,200.0
2023-04-27 21:55:30.0,1682603730000000000,3.5,3.5,3.0,9250.0,324.0,11255.0,3.5,83.0,4.0,246.0,4.5,10.0,5.0,22.0,15.0,5.0,3.0,382.0,2.5,648.0,2.0,726.0,1.5,260.0,1.0,200.0
2023-04-27 21:57:48.25,1682603868250000000,3.5,3.5,3.0,9250.0,324.0,11255.0,3.5,65.0,4.0,246.0,4.5,10.0,5.0,22.0,15.0,5.0,3.0,364.0,2.5,648.0,2.0,726.0,1.5,260.0,1.0,200.0
2023-04-27 21:57:48.5,1682603868500000000,3.5,3.5,3.0,9260.0,334.0,11605.0,3.5,55.0,4.0,264.0,4.5,10.0,5.0,22.0,15.0,5.0,3.0,364.0,2.5,648.0,2.0,744.0,1.5,260.0,1.0,200.0
2023-04-27 21:57:48.75,1682603868750000000,3.5,3.5,3.0,9260.0,344.0,11955.0,3.5,4.0,4.0,264.0,5.0,22.0,15.0,5.0,20.0,125.0,3.0,303.0,2.5,648.0,2.0,744.0,1.5,260.0,1.0,200.0
2023-04-27 21:57:49.0,1682603869000000000,3.5,3.0,3.0,9260.0,364.0,12555.0,3.5,4.0,4.0,264.0,5.0,22.0,15.0,5.0,20.0,125.0,3.0,293.0,2.5,648.0,2.0,744.0,1.5,260.0,1.0,200.0
2023-04-27 21:57:49.75,1682603869750000000,3.5,3.5,3.0,9259.0,365.0,12590.0,3.5,3.0,4.0,264.0,5.0,22.0,15.0,5.0,20.0,125.0,3.0,293.0,2.5,648.0,2.0,744.0,1.5,260.0,1.0,200.0
2023-04-27 21:57:50.75,1682603870750000000,3.5,3.5,3.0,9259.0,365.0,12590.0,3.5,3.0,4.0,264.0,4.5,1.0,5.0,22.0,15.0,5.0,3.0,294.0,2.5,648.0,2.0,744.0,1.5,260.0,1.0,200.0
2023-04-27 21:57:53.75,1682603873750000000,3.5,3.5,3.0,9259.0,365.0,12590.0,3.5,53.0,4.0,264.0,4.5,1.0,5.0,22.0,15.0,5.0,3.0,344.0,2.5,648.0,2.0,744.0,1.5,260.0,1.0,200.0
2023-04-27 21:57:54.0,1682603874000000000,3.5,3.5,3.0,9259.0,365.0,12590.0,3.5,64.0,4.0,254.0,5.0,22.0,15.0,5.0,20.0,125.0,3.0,344.0,2.5,648.0,2.0,744.0,1.5,260.0,1.0,200.0
2023-04-27 21:57:54.5,1682603874500000000,3.5,3.5,3.0,9259.0,365.0,12590.0,3.5,82.0,4.0,236.0,5.0,22.0,15.0,5.0,20.0,125.0,3.0,362.0,2.5,648.0,2.0,726.0,1.5,260.0,1.0,200.0
2023-04-27 21:57:55.25,1682603875250000000,3.5,3.5,3.0,9259.0,365.0,12590.0,3.5,102.0,4.0,236.0,5.0,22.0,15.0,5.0,20.0,125.0,3.0,362.0,2.5,648.0,2.0,726.0,1.5,260.0,1.0,200.0
2023-04-27 21:58:10.75,1682603890750000000,3.5,3.5,3.0,9259.0,365.0,12590.0,3.5,102.0,4.0,236.0,5.0,22.0,15.0,5.0,20.0,125.0,3.0,312.0,2.5,698.0,2.0,726.0,1.5,260.0,1.0,200.0
2023-04-27 21:58:23.5,1682603903500000000,3.5,3.0,3.0,9269.0,375.0,12890.0,3.5,102.0,4.0,236.0,5.0,22.0,15.0,5.0,20.0,125.0,3.0,302.0,2.5,698.0,2.0,726.0,1.5,260.0,1.0,200.0
2023-04-27 22:02:37.5,1682604157500000000,3.5,3.0,3.0,9269.0,375.0,12890.0,3.5,112.0,4.0,236.0,5.0,22.0,15.0,5.0,20.0,125.0,3.0,302.0,2.5,698.0,2.0,726.0,1.5,260.0,1.0,200.0
2023-04-27 22:07:42.25,1682604462250000000,3.5,3.5,3.0,9266.0,379.0,13030.0,3.5,108.0,4.0,236.0,5.0,22.0,15.0,5.0,20.0,125.0,3.0,302.0,2.5,698.0,2.0,726.0,1.5,260.0,1.0,200.0
2023-04-27 22:07:42.5,1682604462500000000,3.5,3.5,3.0,9266.0,379.0,13030.0,3.5,109.0,4.0,236.0,5.0,22.0,15.0,5.0,20.0,125.0,3.0,302.0,2.5,698.0,2.0,726.0,1.5,260.0,1.0,200.0
2023-04-27 22:14:41.75,1682604881750000000,3.5,3.5,3.0,9266.0,379.0,13030.0,3.5,91.0,4.0,236.0,5.0,22.0,15.0,5.0,20.0,125.0,3.0,284.0,2.5,698.0,2.0,726.0,1.5,260.0,1.0,200.0
2023-04-27 22:14:55.75,1682604895750000000,3.5,3.5,3.0,9266.0,379.0,13030.0,3.5,91.0,4.0,236.0,4.5,18.0,5.0,22.0,15.0,5.0,3.0,284.0,2.5,698.0,2.0,744.0,1.5,260.0,1.0,200.0
2023-04-27 22:14:56.75,1682604896750000000,3.5,3.5,3.0,9266.0,379.0,13030.0,3.5,109.0,4.0,236.0,5.0,22.0,15.0,5.0,20.0,125.0,3.0,302.0,2.5,698.0,2.0,726.0,1.5,260.0,1.0,200.0
2023-04-27 22:22:48.5,1682605368500000000,3.5,3.5,3.0,9266.0,379.0,13030.0,3.5,109.0,4.0,226.0,5.0,22.0,15.0,5.0,20.0,125.0,3.0,292.0,2.5,698.0,2.0,726.0,1.5,260.0,1.0,200.0
2023-04-27 22:23:59.0,1682605439000000000,3.5,3.5,3.0,9266.0,379.0,13030.0,3.5,109.0,4.0,236.0,5.0,22.0,15.0,5.0,20.0,125.0,3.0,302.0,2.5,698.0,2.0,726.0,1.5,260.0,1.0,200.0
2023-04-27 22:26:45.5,1682605605500000000,3.5,3.5,3.0,9266.0,379.0,13030.0,3.5,109.0,4.0,236.0,5.0,22.0,15.0,5.0,20.0,125.0,3.0,302.0,2.5,698.0,2.0,720.0,1.5,260.0,1.0,200.0
2023-04-27 22:26:47.0,1682605607000000000,3.5,3.5,3.0,9266.0,379.0,13030.0,3.5,109.0,4.0,236.0,5.0,22.0,15.0,5.0,20.0,125.0,3.0,302.0,2.5,698.0,2.0,710.0,1.5,260.0,1.0,200.0
2023-04-27 22:29:00.75,1682605740750000000,3.5,3.5,3.0,9266.0,379.0,13030.0,3.5,109.0,4.0,236.0,5.0,22.0,15.0,5.0,20.0,125.0,3.0,334.0,2.5,698.0,2.0,710.0,1.5,260.0,1.0,200.0
2023-04-27 22:29:04.75,1682605744750000000,3.5,3.5,3.0,9266.0,379.0,13030.0,3.5,109.0,4.0,236.0,5.0,22.0,15.0,5.0,20.0,125.0,3.0,338.0,2.5,698.0,2.0,710.0,1.5,260.0,1.0,200.0
2023-04-27 22:34:04.25,1682606044250000000,3.5,3.5,3.0,9316.0,449.0,15480.0,3.5,38.0,4.0,236.0,5.0,22.0,15.0,5.0,20.0,125.0,3.0,337.0,2.5,648.0,2.0,710.0,1.5,260.0,1.0,200.0
2023-04-27 22:34:05.5,1682606045500000000,3.5,3.5,3.0,9315.0,450.0,15515.0,3.5,37.0,4.0,236.0,5.0,22.0,15.0,5.0,20.0,125.0,3.0,337.0,2.5,648.0,2.0,710.0,1.5,260.0,1.0,200.0
2023-04-27 22:34:06.75,1682606046750000000,3.5,3.5,3.0,9315.0,450.0,15515.0,3.5,38.0,4.0,236.0,5.0,22.0,15.0,5.0,20.0,125.0,3.0,338.0,2.5,648.0,2.0,710.0,1.5,260.0,1.0,200.0
2023-04-27 22:34:09.5,1682606049500000000,3.5,3.5,3.0,9315.0,450.0,15515.0,3.5,88.0,4.0,236.0,5.0,22.0,15.0,5.0,20.0,125.0,3.0,338.0,2.5,698.0,2.0,710.0,1.5,260.0,1.0,200.0
2023-04-27 22:34:23.5,1682606063500000000,3.5,3.5,3.0,9315.0,454.0,15655.0,3.5,84.0,4.0,236.0,5.0,22.0,15.0,5.0,20.0,125.0,3.0,338.0,2.5,698.0,2.0,710.0,1.5,260.0,1.0,200.0
2023-04-27 22:34:25.25,1682606065250000000,3.5,3.5,3.0,9315.0,458.0,15795.0,3.5,80.0,4.0,236.0,5.0,22.0,15.0,5.0,20.0,125.0,3.0,338.0,2.5,698.0,2.0,710.0,1.5,260.0,1.0,200.0
2023-04-27 22:34:27.0,1682606067000000000,3.5,3.5,3.0,9316.0,460.0,15865.0,3.5,78.0,4.0,236.0,5.0,22.0,15.0,5.0,20.0,125.0,3.0,338.0,2.5,698.0,2.0,710.0,1.5,260.0,1.0,200.0
2023-04-27 22:34:27.25,1682606067250000000,3.5,3.5,3.0,9316.0,460.0,15865.0,3.5,79.0,4.0,236.0,5.0,22.0,15.0,5.0,20.0,125.0,3.0,338.0,2.5,698.0,2.0,710.0,1.5,260.0,1.0,200.0
2023-04-27 22:34:30.0,1682606070000000000,3.5,3.5,3.0,9316.0,460.0,15865.0,3.5,79.0,4.0,236.0,5.0,22.0,15.0,5.0,20.0,125.0,3.0,388.0,2.5,648.0,2.0,710.0,1.5,260.0,1.0,200.0
2023-04-27 22:34:49.25,1682606089250000000,3.5,3.5,3.0,9318.0,462.0,15935.0,3.5,77.0,4.0,236.0,5.0,22.0,15.0,5.0,20.0,125.0,3.0,388.0,2.5,648.0,2.0,710.0,1.5,260.0,1.0,200.0
2023-04-27 22:34:50.75,1682606090750000000,3.5,3.5,3.0,9320.0,464.0,16005.0,3.5,75.0,4.0,236.0,5.0,22.0,15.0,5.0,20.0,125.0,3.0,388.0,2.5,648.0,2.0,710.0,1.5,260.0,1.0,200.0
2023-04-27 22:34:52.25,1682606092250000000,3.5,3.5,3.0,9322.0,466.0,16075.0,3.5,73.0,4.0,236.0,5.0,22.0,15.0,5.0,20.0,125.0,3.0,388.0,2.5,648.0,2.0,710.0,1.5,260.0,1.0,200.0
2023-04-27 22:34:53.25,1682606093250000000,3.5,3.5,3.0,9324.0,468.0,16145.0,3.5,71.0,4.0,236.0,5.0,22.0,15.0,5.0,20.0,125.0,3.0,388.0,2.5,648.0,2.0,710.0,1.5,260.0,1.0,200.0
2023-04-27 22:34:55.0,1682606095000000000,3.5,3.5,3.0,9326.0,470.0,16215.0,3.5,61.0,4.0,236.0,5.0,40.0,15.0,5.0,20.0,125.0,3.0,388.0,2.5,648.0,2.0,710.0,1.5,260.0,1.0,200.0
2023-04-27 22:34:57.5,1682606097500000000,3.5,3.5,3.0,9326.0,470.0,16215.0,3.5,11.0,4.0,286.0,5.0,40.0,15.0,5.0,20.0,125.0,3.0,388.0,2.5,648.0,2.0,710.0,1.5,260.0,1.0,200.0
2023-04-27 22:35:01.0,1682606101000000000,3.5,3.5,3.0,9326.0,470.0,16215.0,3.5,29.0,4.0,286.0,5.0,22.0,15.0,5.0,20.0,125.0,3.0,388.0,2.5,648.0,2.0,710.0,1.5,260.0,1.0,200.0
2023-04-27 22:35:25.25,1682606125250000000,3.5,3.5,3.0,9326.0,470.0,16215.0,3.5,11.0,4.0,286.0,5.0,22.0,15.0,5.0,20.0,125.0,3.0,370.0,2.5,648.0,2.0,710.0,1.5,260.0,1.0,200.0
2023-04-27 22:35:27.25,1682606127250000000,3.5,3.5,3.0,9326.0,470.0,16215.0,3.5,11.0,4.0,304.0,5.0,22.0,15.0,5.0,20.0,125.0,3.0,388.0,2.5,648.0,2.0,710.0,1.5,260.0,1.0,200.0
2023-04-27 22:35:29.0,1682606129000000000,3.5,3.5,3.0,9326.0,470.0,16215.0,3.5,11.0,4.0,286.0,5.0,22.0,15.0,5.0,20.0,125.0,3.0,370.0,2.5,648.0,2.0,710.0,1.5,260.0,1.0,200.0
2023-04-27 22:35:29.25,1682606129250000000,3.5,3.5,3.0,9326.0,470.0,16215.0,3.5,29.0,4.0,286.0,5.0,22.0,15.0,5.0,20.0,125.0,3.0,388.0,2.5,648.0,2.0,710.0,1.5,260.0,1.0,200.0
2023-04-27 22:35:57.5,1682606157500000000,3.5,3.5,3.0,9336.0,480.0,16565.0,3.5,1.0,4.0,286.0,5.0,22.0,15.0,5.0,20.0,125.0,3.0,369.0,2.5,648.0,2.0,710.0,1.5,260.0,1.0,200.0
2023-04-27 22:35:57.75,1682606157750000000,3.5,3.5,3.0,9336.0,480.0,16565.0,4.0,296.0,5.0,22.0,15.0,5.0,20.0,125.0,30.0,6.0,3.0,369.0,2.5,648.0,2.0,710.0,1.5,260.0,1.0,200.0
2023-04-27 22:35:58.0,1682606158000000000,3.5,3.5,3.0,9336.0,480.0,16565.0,4.0,236.0,4.5,60.0,5.0,22.0,15.0,5.0,20.0,125.0,3.0,369.0,2.5,648.0,2.0,710.0,1.5,260.0,1.0,200.0
2023-04-27 22:35:58.75,1682606158750000000,3.5,3.5,3.0,9336.0,480.0,16565.0,4.0,236.0,4.5,61.0,5.0,22.0,15.0,5.0,20.0,125.0,3.5,1.0,3.0,369.0,2.5,648.0,2.0,710.0,1.5,260.0
2023-04-27 22:35:59.0,1682606159000000000,3.5,3.5,3.0,9336.0,480.0,16565.0,4.0,236.0,4.5,60.0,5.0,22.0,15.0,5.0,20.0,125.0,3.5,60.0,3.0,309.0,2.5,648.0,2.0,710.0,1.5,260.0
2023-04-27 22:35:59.5,1682606159500000000,3.5,3.5,3.0,9336.0,480.0,16565.0,4.0,254.0,4.5,60.0,5.0,22.0,15.0,5.0,20.0,125.0,3.5,60.0,3.0,309.0,2.5,648.0,2.0,728.0,1.5,260.0
2023-04-27 22:35:59.75,1682606159750000000,3.5,3.5,3.0,9336.0,480.0,16565.0,4.0,255.0,4.5,60.0,5.0,22.0,15.0,5.0,20.0,125.0,3.5,61.0,3.0,309.0,2.5,648.0,2.0,728.0,1.5,260.0
2023-04-27 22:36:03.5,1682606163500000000,3.5,3.5,3.0,9336.0,480.0,16565.0,4.0,255.0,4.5,60.0,5.0,22.0,15.0,5.0,20.0,125.0,3.5,79.0,3.0,309.0,2.5,648.0,2.0,710.0,1.5,260.0
2023-04-27 22:37:22.5,1682606242500000000,3.5,3.5,3.0,9329.0,487.0,16810.0,4.0,255.0,4.5,60.0,5.0,22.0,15.0,5.0,20.0,125.0,3.5,72.0,3.0,309.0,2.5,648.0,2.0,710.0,1.5,260.0
2023-04-27 22:37:22.75,1682606242750000000,3.5,3.5,3.0,9329.0,487.0,16810.0,4.0,265.0,4.5,50.0,5.0,22.0,15.0,5.0,20.0,125.0,3.5,79.0,3.0,309.0,2.5,648.0,2.0,710.0,1.5,260.0
2023-04-27 22:39:16.75,1682606356750000000,3.5,3.5,3.0,9329.0,487.0,16810.0,4.0,265.0,4.5,50.0,5.0,22.0,15.0,5.0,20.0,125.0,3.5,109.0,3.0,295.0,2.5,632.0,2.0,710.0,1.5,260.0
2023-04-27 22:42:38.0,1682606558000000000,4.0,4.0,3.0,9329.0,488.0,16850.0,4.0,264.0,4.5,50.0,5.0,22.0,15.0,5.0,20.0,125.0,3.5,109.0,3.0,295.0,2.5,632.0,2.0,710.0,1.5,260.0
2023-04-27 22:43:26.25,1682606606250000000,4.0,4.0,3.0,9329.0,488.0,16850.0,4.0,246.0,4.5,50.0,5.0,22.0,15.0,5.0,20.0,125.0,3.5,91.0,3.0,295.0,2.5,632.0,2.0,710.0,1.5,260.0
2023-04-27 22:43:50.5,1682606630500000000,4.0,4.0,3.0,9329.0,488.0,16850.0,4.0,230.0,4.5,50.0,5.0,22.0,6.0,16.0,15.0,5.0,3.5,91.0,3.0,295.0,2.5,632.0,2.0,710.0,1.5,260.0
2023-04-27 22:43:51.5,1682606631500000000,4.0,4.0,3.0,9329.0,488.0,16850.0,4.0,230.0,4.5,50.0,5.0,22.0,5.5,16.0,15.0,5.0,3.5,91.0,3.0,295.0,2.5,632.0,2.0,710.0,1.5,260.0
2023-04-27 22:43:59.5,1682606639500000000,4.0,4.0,3.0,9329.0,488.0,16850.0,4.0,230.0,4.5,50.0,5.0,22.0,5.5,16.0,15.0,5.0,3.5,91.0,3.0,245.0,2.5,632.0,2.0,710.0,1.5,260.0
2023-04-27 22:44:13.5,1682606653500000000,4.0,4.0,3.0,9329.0,490.0,16930.0,4.0,228.0,4.5,50.0,5.0,22.0,5.5,16.0,15.0,5.0,3.5,91.0,3.0,245.0,2.5,632.0,2.0,710.0,1.5,260.0
2023-04-27 22:44:16.25,1682606656250000000,4.0,4.0,3.0,9329.0,490.0,16930.0,4.0,228.0,4.5,50.0,5.0,22.0,5.5,16.0,15.0,5.0,3.5,92.0,3.0,245.0,2.5,632.0,2.0,710.0,1.5,260.0
2023-04-27 22:44:22.25,1682606662250000000,4.0,4.0,3.0,9329.0,490.0,16930.0,4.0,228.0,4.5,150.0,5.0,22.0,5.5,16.0,15.0,5.0,3.5,92.0,3.0,245.0,2.5,632.0,2.0,710.0,1.5,260.0
2023-04-27 22:44:27.5,1682606667500000000,4.0,4.0,3.0,9329.0,491.0,16970.0,4.0,227.0,4.5,150.0,5.0,22.0,5.5,16.0,15.0,5.0,3.5,92.0,3.0,245.0,2.5,632.0,2.0,710.0,1.5,260.0
2023-04-27 22:44:34.25,1682606674250000000,4.0,4.0,3.0,9329.0,491.0,16970.0,4.0,227.0,4.5,150.0,5.0,22.0,5.5,16.0,15.0,5.0,3.5,91.0,3.0,245.0,2.5,632.0,2.0,710.0,1.5,260.0
2023-04-27 22:44:40.0,1682606680000000000,4.0,4.0,3.0,9329.0,492.0,17010.0,4.0,226.0,4.5,150.0,5.0,22.0,5.5,16.0,15.0,5.0,3.5,91.0,3.0,245.0,2.5,632.0,2.0,710.0,1.5,260.0
2023-04-27 22:44:41.0,1682606681000000000,4.0,4.0,3.0,9329.0,492.0,17010.0,4.0,226.0,4.5,150.0,5.0,40.0,5.5,16.0,15.0,5.0,3.5,91.0,3.0,245.0,2.5,650.0,2.0,710.0,1.5,260.0
2023-04-27 22:44:41.5,1682606681500000000,4.0,4.0,3.0,9329.0,492.0,17010.0,4.0,226.0,4.5,150.0,5.0,22.0,5.5,16.0,15.0,5.0,3.5,91.0,3.0,245.0,2.5,632.0,2.0,710.0,1.5,260.0
2023-04-27 22:44:43.5,1682606683500000000,4.0,4.0,3.0,9329.0,492.0,17010.0,4.0,244.0,4.5,150.0,5.0,22.0,5.5,16.0,15.0,5.0,3.5,109.0,3.0,245.0,2.5,632.0,2.0,710.0,1.5,260.0
2023-04-27 22:47:51.0,1682606871000000000,4.0,4.0,3.0,9329.0,492.0,17010.0,4.0,226.0,4.5,150.0,5.0,22.0,5.5,16.0,15.0,5.0,3.5,91.0,3.0,245.0,2.5,632.0,2.0,710.0,1.5,260.0
2023-04-27 22:48:07.75,1682606887750000000,4.0,4.0,3.0,9329.0,492.0,17010.0,4.0,226.0,4.5,150.0,5.0,38.0,15.0,5.0,20.0,125.0,3.5,91.0,3.0,245.0,2.5,632.0,2.0,710.0,1.5,260.0
2023-04-27 22:48:21.0,1682606901000000000,4.0,4.0,3.0,9329.0,492.0,17010.0,4.0,226.0,4.5,150.0,5.0,56.0,15.0,5.0,20.0,125.0,3.5,91.0,3.0,245.0,2.5,650.0,2.0,710.0,1.5,260.0
2023-04-27 22:48:21.75,1682606901750000000,4.0,4.0,3.0,9329.0,492.0,17010.0,4.0,226.0,4.5,150.0,5.0,38.0,15.0,5.0,20.0,125.0,3.5,91.0,3.0,245.0,2.5,632.0,2.0,710.0,1.5,260.0
2023-04-27 22:48:23.75,1682606903750000000,4.0,4.0,3.0,9329.0,492.0,17010.0,4.0,244.0,4.5,150.0,5.0,38.0,15.0,5.0,20.0,125.0,3.5,109.0,3.0,245.0,2.5,632.0,2.0,710.0,1.5,260.0
2023-04-27 22:48:54.5,1682606934500000000,4.0,4.0,3.0,9329.0,492.0,17010.0,4.0,244.0,4.5,166.0,5.0,22.0,15.0,5.0,20.0,125.0,3.5,109.0,3.0,245.0,2.5,632.0,2.0,710.0,1.5,260.0
2023-04-27 22:52:10.5,1682607130500000000,4.0,4.0,3.0,9329.0,493.0,17050.0,4.0,243.0,4.5,166.0,5.0,22.0,15.0,5.0,20.0,125.0,3.5,109.0,3.0,245.0,2.5,632.0,2.0,710.0,1.5,260.0
2023-04-27 22:53:08.0,1682607188000000000,4.0,4.0,3.0,9329.0,494.0,17090.0,4.0,242.0,4.5,166.0,5.0,22.0,15.0,5.0,20.0,125.0,3.5,109.0,3.0,245.0,2.5,632.0,2.0,710.0,1.5,260.0
2023-04-27 22:53:08.5,1682607188500000000,4.0,4.0,3.0,9329.0,495.0,17130.0,4.0,241.0,4.5,166.0,5.0,22.0,15.0,5.0,20.0,125.0,3.5,109.0,3.0,245.0,2.5,632.0,2.0,710.0,1.5,260.0
2023-04-27 22:53:09.75,1682607189750000000,4.0,4.0,3.0,9329.0,496.0,17170.0,4.0,240.0,4.5,166.0,5.0,22.0,15.0,5.0,20.0,125.0,3.5,109.0,3.0,245.0,2.5,632.0,2.0,710.0,1.5,260.0
2023-04-27 22:53:31.0,1682607211000000000,4.0,4.0,3.0,9329.0,497.0,17210.0,4.0,239.0,4.5,166.0,5.0,22.0,15.0,5.0,20.0,125.0,3.5,109.0,3.0,245.0,2.5,632.0,2.0,710.0,1.5,260.0
2023-04-27 22:54:21.25,1682607261250000000,4.0,4.0,3.0,9329.0,498.0,17250.0,4.0,238.0,4.5,166.0,5.0,22.0,15.0,5.0,20.0,125.0,3.5,109.0,3.0,245.0,2.5,632.0,2.0,710.0,1.5,260.0
2023-04-27 22:54:21.75,1682607261750000000,4.0,4.0,3.0,9329.0,499.0,17290.0,4.0,237.0,4.5,166.0,5.0,22.0,15.0,5.0,20.0,125.0,3.5,109.0,3.0,245.0,2.5,632.0,2.0,710.0,1.5,260.0
2023-04-27 22:54:42.75,1682607282750000000,4.0,4.0,3.0,9329.0,500.0,17330.0,4.0,236.0,4.5,166.0,5.0,22.0,15.0,5.0,20.0,125.0,3.5,109.0,3.0,245.0,2.5,632.0,2.0,710.0,1.5,260.0
2023-04-27 22:55:38.5,1682607338500000000,4.0,4.0,3.0,9329.0,501.0,17370.0,4.0,235.0,4.5,166.0,5.0,22.0,15.0,5.0,20.0,125.0,3.5,109.0,3.0,245.0,2.5,632.0,2.0,710.0,1.5,260.0
2023-04-27 22:55:53.5,1682607353500000000,4.0,4.0,3.0,9329.0,502.0,17410.0,4.0,234.0,4.5,166.0,5.0,22.0,15.0,5.0,20.0,125.0,3.5,109.0,3.0,245.0,2.5,632.0,2.0,710.0,1.5,260.0
2023-04-27 22:55:54.5,1682607354500000000,4.0,4.0,3.0,9329.0,503.0,17450.0,4.0,233.0,4.5,166.0,5.0,22.0,15.0,5.0,20.0,125.0,3.5,109.0,3.0,245.0,2.5,632.0,2.0,710.0,1.5,260.0
2023-04-27 22:56:36.5,1682607396500000000,4.0,4.0,3.0,9329.0,503.0,17450.0,4.0,233.0,4.5,150.0,5.0,22.0,15.0,5.0,20.0,125.0,3.5,109.0,3.0,229.0,2.5,632.0,2.0,710.0,1.5,260.0
2023-04-27 22:58:21.75,1682607501750000000,4.0,4.0,3.0,9329.0,503.0,17450.0,4.0,215.0,4.5,150.0,5.0,22.0,15.0,5.0,20.0,125.0,3.5,91.0,3.0,229.0,2.5,632.0,2.0,710.0,1.5,260.0
2023-04-27 22:58:44.5,1682607524500000000,4.0,4.0,3.0,9329.0,503.0,17450.0,4.0,215.0,4.5,100.0,5.0,22.0,15.0,5.0,20.0,125.0,3.5,41.0,3.0,229.0,2.5,632.0,2.0,710.0,1.5,260.0
2023-04-27 22:58:57.5,1682607537500000000,4.0,4.0,3.0,9329.0,503.0,17450.0,4.0,214.0,4.5,100.0,5.0,22.0,15.0,5.0,20.0,125.0,3.5,40.0,3.0,229.0,2.5,632.0,2.0,710.0,1.5,260.0
2023-04-27 22:59:01.75,1682607541750000000,4.0,4.0,3.0,9329.0,503.0,17450.0,4.0,204.0,4.5,100.0,5.0,22.0,15.0,5.0,20.0,125.0,3.5,40.0,3.0,219.0,2.5,632.0,2.0,710.0,1.5,260.0
2023-04-27 22:59:02.0,1682607542000000000,4.0,4.0,3.0,9329.0,503.0,17450.0,4.0,214.0,4.5,100.0,5.0,22.0,15.0,5.0,20.0,125.0,3.5,40.0,3.0,229.0,2.5,632.0,2.0,710.0,1.5,260.0
2023-04-27 22:59:17.25,1682607557250000000,4.0,4.0,3.0,9329.0,503.0,17450.0,4.0,214.0,4.5,100.0,5.0,22.0,15.0,5.0,20.0,125.0,3.5,42.0,3.0,229.0,2.5,632.0,2.0,710.0,1.5,260.0
2023-04-27 22:59:31.5,1682607571500000000,4.0,4.0,3.0,9329.0,503.0,17450.0,4.0,204.0,4.5,100.0,5.0,22.0,15.0,5.0,20.0,125.0,3.5,42.0,3.0,219.0,2.5,632.0,2.0,710.0,1.5,260.0
2023-04-27 22:59:31.75,1682607571750000000,4.0,4.0,3.0,9329.0,503.0,17450.0,4.0,194.0,4.5,100.0,5.0,22.0,15.0,5.0,20.0,125.0,3.5,32.0,3.0,219.0,2.5,632.0,2.0,710.0,1.5,260.0
2023-04-28 08:55:00.0,1682643300000000000,4.0,4.0,3.0,9329.0,503.0,17450.0,4.0,194.0,4.5,100.0,5.0,22.0,15.0,5.0,20.0,125.0,3.5,32.0,3.0,219.0,2.5,632.0,2.0,710.0,1.5,260.0
2023-04-28 09:00:02.25,1682643602250000000,4.0,4.0,3.0,9329.0,503.0,17450.0,4.0,194.0,4.5,100.0,5.0,38.0,15.0,5.0,20.0,125.0,3.5,32.0,3.0,219.0,2.5,632.0,2.0,726.0,1.5,260.0
2023-04-28 09:01:20.0,1682643680000000000,4.0,4.0,3.0,9329.0,503.0,17450.0,4.0,204.0,4.5,100.0,5.0,38.0,15.0,5.0,20.0,125.0,3.5,42.0,3.0,219.0,2.5,632.0,2.0,726.0,1.5,260.0
2023-04-28 09:01:28.5,1682643688500000000,4.0,3.5,3.0,9329.0,523.0,18150.0,4.0,204.0,4.5,100.0,5.0,38.0,15.0,5.0,20.0,125.0,3.5,22.0,3.0,219.0,2.5,632.0,2.0,726.0,1.5,260.0
2023-04-28 09:01:30.0,1682643690000000000,4.0,3.5,3.0,9329.0,523.0,18150.0,4.0,204.0,4.5,100.0,5.0,38.0,15.0,5.0,20.0,125.0,3.5,20.0,3.0,219.0,2.5,632.0,2.0,726.0,1.5,260.0
2023-04-28 09:01:34.75,1682643694750000000,4.0,3.5,3.0,9329.0,523.0,18150.0,4.0,204.0,4.5,100.0,5.0,56.0,15.0,5.0,20.0,125.0,3.5,20.0,3.0,219.0,2.5,650.0,2.0,726.0,1.5,260.0
2023-04-28 09:02:08.5,1682643728500000000,4.0,3.5,3.0,9329.0,523.0,18150.0,4.0,222.0,4.5,100.0,5.0,38.0,15.0,5.0,20.0,125.0,3.5,38.0,3.0,219.0,2.5,632.0,2.0,726.0,1.5,260.0
2023-04-28 09:02:12.5,1682643732500000000,4.0,3.5,3.0,9329.0,524.0,18185.0,4.0,222.0,4.5,100.0,5.0,38.0,15.0,5.0,20.0,125.0,3.5,37.0,3.0,219.0,2.5,632.0,2.0,726.0,1.5,260.0
2023-04-28 09:03:04.5,1682643784500000000,4.0,3.5,3.0,9329.0,524.0,18185.0,4.0,222.0,4.5,116.0,5.0,22.0,15.0,5.0,20.0,125.0,3.5,37.0,3.0,219.0,2.5,632.0,2.0,726.0,1.5,260.0
2023-04-28 09:03:22.75,1682643802750000000,4.0,3.5,3.0,9329.0,524.0,18185.0,4.0,232.0,4.5,116.0,5.0,22.0,15.0,5.0,20.0,125.0,3.5,37.0,3.0,229.0,2.5,632.0,2.0,726.0,1.5,260.0
2023-04-28 09:03:44.0,1682643824000000000,4.0,3.5,3.0,9329.0,524.0,18185.0,4.0,233.0,4.5,116.0,5.0,22.0,15.0,5.0,20.0,125.0,3.5,38.0,3.0,229.0,2.5,648.0,2.0,710.0,1.5,260.0
2023-04-28 09:05:02.0,1682643902000000000,4.0,3.5,3.0,9329.0,524.0,18185.0,4.0,233.0,4.5,116.0,5.0,22.0,15.0,5.0,20.0,125.0,3.5,38.0,3.0,229.0,2.5,648.0,2.0,710.0,1.5,260.0
2023-04-28 09:06:27.25,1682643987250000000,4.0,3.5,3.0,9329.0,524.0,18185.0,4.0,233.0,4.5,116.0,5.0,22.0,15.0,5.0,20.0,125.0,3.5,38.0,3.0,193.0,2.5,648.0,2.0,710.0,1.5,260.0
2023-04-28 09:06:28.75,1682643988750000000,4.0,3.5,3.0,9338.0,534.0,18535.0,4.0,215.0,4.5,116.0,5.0,40.0,15.0,5.0,20.0,125.0,3.5,10.0,3.0,211.0,2.5,648.0,2.0,710.0,1.5,260.0
2023-04-28 09:06:29.0,1682643989000000000,4.0,3.5,3.0,9338.0,534.0,18535.0,4.0,215.0,4.5,116.0,5.0,40.0,15.0,5.0,20.0,125.0,3.5,11.0,3.0,211.0,2.5,648.0,2.0,710.0,1.5,260.0
2023-04-28 09:06:34.75,1682643994750000000,4.0,3.5,3.0,9338.0,534.0,18535.0,4.0,233.0,4.5,116.0,5.0,22.0,15.0,5.0,20.0,125.0,3.5,29.0,3.0,193.0,2.5,648.0,2.0,710.0,1.5,260.0
2023-04-28 09:06:37.0,1682643997000000000,4.0,3.5,3.0,9338.0,544.0,18885.0,4.0,214.0,4.5,116.0,5.0,40.0,15.0,5.0,20.0,125.0,3.5,1.0,3.0,211.0,2.5,648.0,2.0,710.0,1.5,260.0
2023-04-28 09:06:37.25,1682643997250000000,4.0,3.5,3.0,9338.0,544.0,18885.0,4.0,214.0,4.5,116.0,5.0,40.0,15.0,5.0,20.0,125.0,3.5,10.0,3.0,211.0,2.5,648.0,2.0,710.0,1.5,260.0
2023-04-28 09:06:38.25,1682643998250000000,4.0,3.5,3.0,9338.0,544.0,18885.0,4.0,215.0,4.5,116.0,5.0,40.0,15.0,5.0,20.0,125.0,3.5,11.0,3.0,211.0,2.5,648.0,2.0,710.0,1.5,260.0
2023-04-28 09:06:43.0,1682644003000000000,4.0,3.5,3.0,9338.0,544.0,18885.0,4.0,233.0,4.5,116.0,5.0,22.0,15.0,5.0,20.0,125.0,3.5,29.0,3.0,193.0,2.5,648.0,2.0,710.0,1.5,260.0
2023-04-28 09:10:18.25,1682644218250000000,4.0,3.5,3.0,9338.0,544.0,18885.0,4.0,243.0,4.5,116.0,5.0,22.0,15.0,5.0,20.0,125.0,3.5,39.0,3.0,193.0,2.5,648.0,2.0,710.0,1.5,260.0
2023-04-28 09:13:28.75,1682644408750000000,4.0,3.5,3.0,9338.0,544.0,18885.0,4.0,259.0,4.5,100.0,5.0,22.0,15.0,5.0,20.0,125.0,3.5,39.0,3.0,193.0,2.5,648.0,2.0,710.0,1.5,260.0
2023-04-28 09:21:38.25,1682644898250000000,4.0,3.5,3.0,9318.0,583.0,20250.0,3.5,23.0,4.0,230.0,4.5,100.0,5.0,22.0,15.0,5.0,3.0,193.0,2.5,648.0,2.0,710.0,1.5,260.0,1.0,200.0
2023-04-28 09:21:38.5,1682644898500000000,4.0,3.5,3.0,9318.0,583.0,20250.0,3.5,33.0,4.0,238.0,4.5,100.0,5.0,22.0,15.0,5.0,3.0,193.0,2.5,658.0,2.0,728.0,1.5,260.0,1.0,200.0
2023-04-28 09:21:39.5,1682644899500000000,4.0,3.5,3.0,9318.0,583.0,20250.0,3.5,34.0,4.0,238.0,4.5,100.0,5.0,22.0,15.0,5.0,3.0,194.0,2.5,658.0,2.0,728.0,1.5,260.0,1.0,200.0
2023-04-28 09:21:44.25,1682644904250000000,4.0,3.5,3.0,9318.0,583.0,20250.0,3.5,34.0,4.0,220.0,4.5,100.0,5.0,22.0,15.0,5.0,3.0,194.0,2.5,658.0,2.0,710.0,1.5,260.0,1.0,200.0
2023-04-28 09:21:44.5,1682644904500000000,4.0,3.5,3.0,9318.0,583.0,20250.0,3.5,52.0,4.0,220.0,4.5,100.0,5.0,22.0,15.0,5.0,3.0,212.0,2.5,658.0,2.0,710.0,1.5,260.0,1.0,200.0
2023-04-28 09:22:23.25,1682644943250000000,4.0,3.5,3.0,9318.0,583.0,20250.0,3.5,29.0,4.0,220.0,4.5,100.0,5.0,22.0,15.0,5.0,3.0,212.0,2.5,658.0,2.0,710.0,1.5,260.0,1.0,200.0
2023-04-28 09:22:28.0,1682644948000000000,4.0,3.0,3.0,9318.0,606.0,20940.0,3.5,29.0,4.0,220.0,4.5,100.0,5.0,22.0,15.0,5.0,3.0,189.0,2.5,658.0,2.0,710.0,1.5,260.0,1.0,200.0
2023-04-28 09:22:39.25,1682644959250000000,4.0,3.0,3.0,9318.0,606.0,20940.0,3.5,52.0,4.0,220.0,4.5,100.0,5.0,22.0,15.0,5.0,3.0,189.0,2.5,658.0,2.0,710.0,1.5,260.0,1.0,200.0
2023-04-28 09:22:59.5,1682644979500000000,4.0,3.0,3.0,9318.0,606.0,20940.0,3.5,62.0,4.0,220.0,4.5,100.0,5.0,22.0,15.0,5.0,3.0,199.0,2.5,658.0,2.0,710.0,1.5,260.0,1.0,200.0
2023-04-28 09:23:41.75,1682645021750000000,4.0,3.5,3.0,9319.0,607.0,20975.0,3.5,61.0,4.0,220.0,4.5,100.0,5.0,22.0,15.0,5.0,3.0,199.0,2.5,658.0,2.0,710.0,1.5,260.0,1.0,200.0
2023-04-28 09:23:42.0,1682645022000000000,4.0,3.5,3.0,9319.0,607.0,20975.0,3.5,62.0,4.0,220.0,4.5,100.0,5.0,22.0,15.0,5.0,3.0,209.0,2.5,648.0,2.0,710.0,1.5,260.0,1.0,200.0
2023-04-28 09:36:29.25,1682645789250000000,4.0,3.5,3.0,9319.0,607.0,20975.0,3.5,44.0,4.0,220.0,4.5,100.0,5.0,22.0,15.0,5.0,3.0,191.0,2.5,648.0,2.0,710.0,1.5,260.0,1.0,200.0
2023-04-28 09:38:08.25,1682645888250000000,4.0,3.5,3.0,9320.0,632.0,21850.0,3.5,10.0,4.0,220.0,4.5,100.0,5.0,22.0,15.0,5.0,3.0,180.0,2.5,648.0,2.0,710.0,1.5,260.0,1.0,200.0
2023-04-28 09:38:08.75,1682645888750000000,4.0,3.5,3.0,9320.0,632.0,21850.0,3.5,11.0,4.0,220.0,4.5,100.0,5.0,22.0,15.0,5.0,3.0,181.0,2.5,648.0,2.0,710.0,1.5,260.0,1.0,200.0
2023-04-28 09:38:14.0,1682645894000000000,4.0,3.5,3.0,9320.0,632.0,21850.0,3.5,21.0,4.0,220.0,4.5,100.0,5.0,22.0,15.0,5.0,3.0,191.0,2.5,648.0,2.0,710.0,1.5,260.0,1.0,200.0
2023-04-28 09:38:21.25,1682645901250000000,4.0,3.5,3.0,9320.0,632.0,21850.0,3.5,21.0,4.0,220.0,4.5,118.0,5.0,22.0,15.0,5.0,3.0,191.0,2.5,648.0,2.0,728.0,1.5,260.0,1.0,200.0
2023-04-28 09:38:22.75,1682645902750000000,4.0,3.5,3.0,9320.0,632.0,21850.0,3.5,21.0,4.0,220.0,4.5,100.0,5.0,22.0,15.0,5.0,3.0,191.0,2.5,648.0,2.0,710.0,1.5,260.0,1.0,200.0
2023-04-28 09:38:24.75,1682645904750000000,4.0,3.5,3.0,9320.0,632.0,21850.0,3.5,39.0,4.0,220.0,4.5,100.0,5.0,22.0,15.0,5.0,3.0,209.0,2.5,648.0,2.0,710.0,1.5,260.0,1.0,200.0
2023-04-28 09:39:30.0,1682645970000000000,4.0,3.5,3.0,9320.0,632.0,21850.0,3.5,39.0,4.0,210.0,4.5,100.0,5.0,22.0,15.0,5.0,3.0,199.0,2.5,648.0,2.0,710.0,1.5,260.0,1.0,200.0
2023-04-28 09:39:30.75,1682645970750000000,4.0,3.5,3.0,9320.0,632.0,21850.0,3.5,39.0,4.0,220.0,4.5,100.0,5.0,22.0,15.0,5.0,3.0,209.0,2.5,648.0,2.0,710.0,1.5,260.0,1.0,200.0
2023-04-28 09:45:49.75,1682646349750000000,4.0,3.5,3.0,9320.0,632.0,21850.0,3.5,29.0,4.0,220.0,4.5,100.0,5.0,22.0,15.0,5.0,3.0,199.0,2.5,648.0,2.0,710.0,1.5,260.0,1.0,200.0
2023-04-28 09:45:57.5,1682646357500000000,4.0,3.5,3.0,9320.0,632.0,21850.0,3.5,29.0,4.0,230.0,4.5,100.0,5.0,22.0,15.0,5.0,3.0,209.0,2.5,648.0,2.0,710.0,1.5,260.0,1.0,200.0
2023-04-28 10:01:16.25,1682647276250000000,4.0,3.5,3.0,9320.0,632.0,21850.0,3.5,29.0,4.0,230.0,4.5,100.0,5.0,22.0,15.0,5.0,3.0,214.0,2.5,648.0,2.0,710.0,1.5,260.0,1.0,200.0
2023-04-28 10:06:58.75,1682647618750000000,4.0,3.5,3.0,9330.0,642.0,22200.0,3.5,18.0,4.0,230.0,4.5,100.0,5.0,22.0,15.0,5.0,3.0,203.0,2.5,648.0,2.0,710.0,1.5,260.0,1.0,200.0
2023-04-28 10:07:00.0,1682647620000000000,4.0,3.5,3.0,9330.0,642.0,22200.0,3.5,19.0,4.0,230.0,4.5,100.0,5.0,22.0,15.0,5.0,3.0,204.0,2.5,648.0,2.0,710.0,1.5,260.0,1.0,200.0
2023-04-28 10:07:04.5,1682647624500000000,4.0,3.5,3.0,9330.0,642.0,22200.0,3.5,29.0,4.0,230.0,4.5,100.0,5.0,22.0,15.0,5.0,3.0,214.0,2.5,648.0,2.0,710.0,1.5,260.0,1.0,200.0
2023-04-28 10:14:02.0,1682648042000000000,4.0,3.5,3.0,9330.0,642.0,22200.0,3.5,29.0,4.0,220.0,4.5,100.0,5.0,22.0,15.0,5.0,3.0,204.0,2.5,648.0,2.0,710.0,1.5,260.0,1.0,200.0
2023-04-28 10:14:02.25,1682648042250000000,4.0,3.5,3.0,9330.0,642.0,22200.0,3.5,29.0,4.0,230.0,4.5,100.0,5.0,22.0,15.0,5.0,3.0,214.0,2.5,648.0,2.0,710.0,1.5,260.0,1.0,200.0
2023-04-28 10:14:30.0,1682648070000000000,4.0,3.5,3.0,9330.0,642.0,22200.0,3.5,19.0,4.0,230.0,4.5,100.0,5.0,22.0,15.0,5.0,3.0,204.0,2.5,648.0,2.0,710.0,1.5,260.0,1.0,200.0
2023-04-28 10:14:31.5,1682648071500000000,4.0,3.5,3.0,9330.0,642.0,22200.0,3.5,1.0,4.0,230.0,4.5,100.0,5.0,22.0,15.0,5.0,3.0,186.0,2.5,648.0,2.0,710.0,1.5,260.0,1.0,200.0
2023-04-28 10:14:31.75,1682648071750000000,4.0,3.5,3.0,9330.0,642.0,22200.0,4.0,230.0,4.5,100.0,5.0,22.0,15.0,5.0,20.0,125.0,3.0,185.0,2.5,648.0,2.0,710.0,1.5,260.0,1.0,200.0
2023-04-28 10:14:32.0,1682648072000000000,4.0,3.5,3.0,9330.0,642.0,22200.0,4.0,231.0,4.5,100.0,5.0,22.0,15.0,5.0,20.0,125.0,3.0,186.0,2.5,648.0,2.0,710.0,1.5,260.0,1.0,200.0
2023-04-28 10:14:46.25,1682648086250000000,4.0,3.5,3.0,9330.0,642.0,22200.0,4.0,221.0,4.5,100.0,5.0,22.0,15.0,5.0,20.0,125.0,3.0,176.0,2.5,648.0,2.0,710.0,1.5,260.0,1.0,200.0
2023-04-28 10:14:57.5,1682648097500000000,4.0,3.5,3.0,9330.0,642.0,22200.0,4.0,220.0,4.5,100.0,5.0,22.0,15.0,5.0,20.0,125.0,3.0,175.0,2.5,648.0,2.0,710.0,1.5,260.0,1.0,200.0
2023-04-28 10:15:00.0,1682648100000000000,4.0,3.5,3.0,9330.0,642.0,22200.0,4.0,220.0,4.5,100.0,5.0,22.0,15.0,5.0,20.0,125.0,3.0,175.0,2.5,648.0,2.0,710.0,1.5,260.0,1.0,200.0
2023-04-28 10:30:31.5,1682649031500000000,4.0,3.5,3.0,9330.0,642.0,22200.0,4.0,220.0,4.5,118.0,5.0,22.0,15.0,5.0,20.0,125.0,3.0,175.0,2.5,648.0,2.0,728.0,1.5,260.0,1.0,200.0
2023-04-28 10:30:31.75,1682649031750000000,4.0,3.5,3.0,9330.0,642.0,22200.0,4.0,230.0,4.5,118.0,5.0,22.0,15.0,5.0,20.0,125.0,3.0,185.0,2.5,648.0,2.0,728.0,1.5,260.0,1.0,200.0
2023-04-28 10:30:47.0,1682649047000000000,4.0,3.5,3.0,9330.0,642.0,22200.0,4.0,230.0,4.5,100.0,5.0,22.0,15.0,5.0,20.0,125.0,3.0,185.0,2.5,648.0,2.0,710.0,1.5,260.0,1.0,200.0
2023-04-28 10:30:47.25,1682649047250000000,4.0,3.5,3.0,9330.0,642.0,22200.0,3.5,18.0,4.0,230.0,4.5,100.0,5.0,22.0,15.0,5.0,3.0,203.0,2.5,648.0,2.0,710.0,1.5,260.0,1.0,200.0
2023-04-28 10:30:47.5,1682649047500000000,4.0,3.5,3.0,9348.0,660.0,22830.0,4.0,230.0,4.5,100.0,5.0,22.0,15.0,5.0,20.0,125.0,3.0,185.0,2.5,648.0,2.0,710.0,1.5,260.0,1.0,200.0
2023-04-28 10:30:49.5,1682649049500000000,4.0,3.5,3.0,9348.0,660.0,22830.0,4.0,230.0,4.5,100.0,5.0,40.0,15.0,5.0,20.0,125.0,3.0,203.0,2.5,648.0,2.0,710.0,1.5,260.0,1.0,200.0
2023-04-28 10:30:53.5,1682649053500000000,4.0,3.5,3.0,9348.0,660.0,22830.0,3.5,18.0,4.0,230.0,4.5,100.0,5.0,22.0,15.0,5.0,3.0,203.0,2.5,648.0,2.0,710.0,1.5,260.0,1.0,200.0
2023-04-28 10:31:12.5,1682649072500000000,4.0,3.5,3.0,9348.0,660.0,22830.0,3.5,19.0,4.0,230.0,4.5,100.0,5.0,22.0,15.0,5.0,3.0,204.0,2.5,648.0,2.0,710.0,1.5,260.0,1.0,200.0
2023-04-28 10:31:24.5,1682649084500000000,4.0,3.5,3.0,9348.0,660.0,22830.0,3.5,49.0,4.0,230.0,4.5,100.0,5.0,22.0,15.0,5.0,3.0,204.0,2.5,648.0,2.0,710.0,1.5,260.0,1.0,200.0
2023-04-28 10:31:24.75,1682649084750000000,4.0,3.5,3.0,9348.0,660.0,22830.0,3.5,59.0,4.0,220.0,4.5,100.0,5.0,22.0,15.0,5.0,3.0,204.0,2.5,648.0,2.0,710.0,1.5,260.0,1.0,200.0
2023-04-28 10:32:35.0,1682649155000000000,4.0,3.5,3.0,9348.0,660.0,22830.0,3.5,69.0,4.0,220.0,4.5,100.0,5.0,22.0,15.0,5.0,3.0,214.0,2.5,648.0,2.0,710.0,1.5,260.0,1.0,200.0
2023-04-28 10:41:32.5,1682649692500000000,4.0,3.5,3.0,9348.0,660.0,22830.0,3.5,69.0,4.0,220.0,4.5,100.0,5.0,22.0,15.0,5.0,3.0,214.0,2.5,698.0,2.0,710.0,1.5,260.0,1.0,200.0
2023-04-28 10:43:31.0,1682649811000000000,4.0,3.5,3.0,9348.0,660.0,22830.0,3.5,51.0,4.0,220.0,4.5,100.0,5.0,22.0,15.0,5.0,3.0,196.0,2.5,698.0,2.0,710.0,1.5,260.0,1.0,200.0
2023-04-28 10:46:31.0,1682649991000000000,4.0,3.5,3.0,9348.0,660.0,22830.0,3.5,69.0,4.0,220.0,4.5,100.0,5.0,22.0,15.0,5.0,3.0,214.0,2.5,698.0,2.0,710.0,1.5,260.0,1.0,200.0
2023-04-28 10:46:32.25,1682649992250000000,4.0,3.5,3.0,9348.0,660.0,22830.0,3.5,74.0,4.0,220.0,4.5,100.0,5.0,22.0,15.0,5.0,3.0,219.0,2.5,698.0,2.0,710.0,1.5,260.0,1.0,200.0
2023-04-28 10:46:44.0,1682650004000000000,4.0,3.5,3.0,9349.0,661.0,22865.0,3.5,73.0,4.0,220.0,4.5,100.0,5.0,22.0,15.0,5.0,3.0,218.0,2.5,698.0,2.0,710.0,1.5,260.0,1.0,200.0
2023-04-28 10:46:45.5,1682650005500000000,4.0,3.5,3.0,9349.0,661.0,22865.0,3.5,74.0,4.0,220.0,4.5,100.0,5.0,22.0,15.0,5.0,3.0,219.0,2.5,698.0,2.0,710.0,1.5,260.0,1.0,200.0
2023-04-28 10:46:51.0,1682650011000000000,4.0,3.5,3.0,9388.0,735.0,25455.0,4.0,220.0,4.5,100.0,5.0,40.0,15.0,5.0,20.0,125.0,3.5,25.0,3.0,203.0,2.5,698.0,2.0,710.0,1.5,260.0
2023-04-28 10:46:51.25,1682650011250000000,4.0,3.5,3.0,9388.0,735.0,25455.0,4.0,230.0,4.5,100.0,5.0,40.0,15.0,5.0,20.0,125.0,3.5,25.0,3.0,203.0,2.5,698.0,2.0,710.0,1.5,260.0
2023-04-28 10:46:51.5,1682650011500000000,4.0,3.5,3.0,9388.0,735.0,25455.0,4.0,235.0,4.5,100.0,5.0,40.0,15.0,5.0,20.0,125.0,3.5,25.0,3.0,208.0,2.5,698.0,2.0,710.0,1.5,260.0
2023-04-28 10:46:52.5,1682650012500000000,4.0,3.5,3.0,9388.0,735.0,25455.0,4.0,235.0,4.5,100.0,5.0,40.0,15.0,5.0,20.0,125.0,3.5,26.0,3.0,208.0,2.5,698.0,2.0,710.0,1.5,260.0
2023-04-28 10:46:57.0,1682650017000000000,4.0,3.5,3.0,9398.0,745.0,25805.0,4.0,235.0,4.5,100.0,5.0,40.0,15.0,5.0,20.0,125.0,3.5,16.0,3.0,208.0,2.5,698.0,2.0,710.0,1.5,260.0
2023-04-28 10:47:03.0,1682650023000000000,4.0,3.5,3.0,9408.0,755.0,26155.0,4.0,235.0,4.5,100.0,5.0,40.0,15.0,5.0,20.0,125.0,3.5,6.0,3.0,208.0,2.5,698.0,2.0,710.0,1.5,260.0
2023-04-28 10:47:03.25,1682650023250000000,4.0,3.5,3.0,9407.0,761.0,26365.0,4.0,235.0,4.5,100.0,5.0,40.0,15.0,5.0,20.0,125.0,3.0,208.0,2.5,698.0,2.0,710.0,1.5,260.0,1.0,200.0
2023-04-28 10:47:03.5,1682650023500000000,4.0,3.5,3.0,9407.0,761.0,26365.0,4.0,236.0,4.5,100.0,5.0,40.0,15.0,5.0,20.0,125.0,3.0,209.0,2.5,698.0,2.0,710.0,1.5,260.0,1.0,200.0
2023-04-28 10:47:09.0,1682650029000000000,4.0,3.5,3.0,9407.0,761.0,26365.0,3.5,24.0,4.0,230.0,4.5,100.0,5.0,22.0,15.0,5.0,3.0,209.0,2.5,698.0,2.0,710.0,1.5,260.0,1.0,200.0
2023-04-28 10:47:14.0,1682650034000000000,4.0,3.5,3.0,9426.0,785.0,27205.0,4.0,230.0,4.5,100.0,5.0,40.0,15.0,5.0,20.0,125.0,3.5,86.0,3.0,193.0,2.5,698.0,2.0,710.0,1.5,260.0
2023-04-28 10:47:14.5,1682650034500000000,4.0,3.5,3.0,9426.0,785.0,27205.0,4.0,235.0,4.5,100.0,5.0,40.0,15.0,5.0,20.0,125.0,3.5,86.0,3.0,198.0,2.5,698.0,2.0,710.0,1.5,260.0
2023-04-28 10:47:15.25,1682650035250000000,4.0,3.5,3.0,9426.0,785.0,27205.0,4.0,235.0,4.5,100.0,5.0,40.0,15.0,5.0,20.0,125.0,3.5,87.0,3.0,198.0,2.5,698.0,2.0,710.0,1.5,260.0
2023-04-28 10:47:20.0,1682650040000000000,4.0,3.5,3.0,9436.0,795.0,27555.0,4.0,235.0,4.5,100.0,5.0,40.0,15.0,5.0,20.0,125.0,3.5,77.0,3.0,198.0,2.5,698.0,2.0,710.0,1.5,260.0
2023-04-28 10:47:26.0,1682650046000000000,4.0,3.5,3.0,9446.0,805.0,27905.0,4.0,235.0,4.5,100.0,5.0,40.0,15.0,5.0,20.0,125.0,3.5,67.0,3.0,198.0,2.5,698.0,2.0,710.0,1.5,260.0
2023-04-28 10:47:30.25,1682650050250000000,4.0,3.5,3.0,9446.0,805.0,27905.0,4.0,245.0,4.5,100.0,5.0,40.0,15.0,5.0,20.0,125.0,3.5,77.0,3.0,198.0,2.5,698.0,2.0,710.0,1.5,260.0
2023-04-28 10:47:32.0,1682650052000000000,4.0,3.5,3.0,9456.0,815.0,28255.0,4.0,245.0,4.5,100.0,5.0,40.0,15.0,5.0,20.0,125.0,3.5,67.0,3.0,198.0,2.5,698.0,2.0,710.0,1.5,260.0
2023-04-28 10:47:38.0,1682650058000000000,4.0,3.5,3.0,9466.0,825.0,28605.0,4.0,245.0,4.5,100.0,5.0,40.0,15.0,5.0,20.0,125.0,3.5,57.0,3.0,198.0,2.5,698.0,2.0,710.0,1.5,260.0
2023-04-28 10:47:43.75,1682650063750000000,4.0,3.5,3.0,9466.0,825.0,28605.0,4.0,235.0,4.5,100.0,5.0,40.0,15.0,5.0,20.0,125.0,3.5,57.0,3.0,188.0,2.5,698.0,2.0,710.0,1.5,260.0
2023-04-28 10:47:44.0,1682650064000000000,4.0,3.5,3.0,9476.0,835.0,28955.0,4.0,235.0,4.5,100.0,5.0,40.0,15.0,5.0,20.0,125.0,3.5,47.0,3.0,188.0,2.5,698.0,2.0,710.0,1.5,260.0
2023-04-28 10:47:50.0,1682650070000000000,4.0,3.5,3.0,9476.0,835.0,28955.0,4.0,253.0,4.5,100.0,5.0,22.0,15.0,5.0,20.0,125.0,3.5,65.0,3.0,170.0,2.5,698.0,2.0,710.0,1.5,260.0
2023-04-28 10:48:10.75,1682650090750000000,4.0,3.5,3.0,9486.0,845.0,29305.0,4.0,235.0,4.5,100.0,5.0,40.0,15.0,5.0,20.0,125.0,3.5,37.0,3.0,188.0,2.5,698.0,2.0,710.0,1.5,260.0
2023-04-28 10:48:16.75,1682650096750000000,4.0,3.5,3.0,9486.0,845.0,29305.0,4.0,253.0,4.5,100.0,5.0,22.0,15.0,5.0,20.0,125.0,3.5,55.0,3.0,170.0,2.5,698.0,2.0,710.0,1.5,260.0
2023-04-28 10:48:17.0,1682650097000000000,4.0,3.5,3.0,9496.0,855.0,29655.0,4.0,235.0,4.5,100.0,5.0,40.0,15.0,5.0,20.0,125.0,3.5,27.0,3.0,188.0,2.5,698.0,2.0,710.0,1.5,260.0
2023-04-28 10:48:23.0,1682650103000000000,4.0,3.5,3.0,9496.0,855.0,29655.0,4.0,253.0,4.5,100.0,5.0,22.0,15.0,5.0,20.0,125.0,3.5,45.0,3.0,170.0,2.5,698.0,2.0,710.0,1.5,260.0
2023-04-28 10:48:27.0,1682650107000000000,4.0,3.5,3.0,9502.0,865.0,30005.0,4.0,235.0,4.5,100.0,5.0,40.0,15.0,5.0,20.0,125.0,3.5,17.0,3.0,188.0,2.5,698.0,2.0,710.0,1.5,260.0
2023-04-28 10:48:27.25,1682650107250000000,4.0,3.5,3.0,9502.0,865.0,30005.0,4.0,235.0,4.5,100.0,5.0,40.0,15.0,5.0,20.0,125.0,3.5,21.0,3.0,188.0,2.5,698.0,2.0,710.0,1.5,260.0
2023-04-28 10:48:33.0,1682650113000000000,4.0,3.5,3.0,9502.0,875.0,30355.0,4.0,225.0,4.5,100.0,5.0,40.0,15.0,5.0,20.0,125.0,3.5,10.0,3.0,188.0,2.5,698.0,2.0,710.0,1.5,260.0
2023-04-28 10:48:33.25,1682650113250000000,4.0,3.5,3.0,9502.0,875.0,30355.0,4.0,226.0,4.5,100.0,5.0,40.0,15.0,5.0,20.0,125.0,3.5,11.0,3.0,188.0,2.5,698.0,2.0,710.0,1.5,260.0
2023-04-28 10:48:38.0,1682650118000000000,4.0,3.5,3.0,9502.0,875.0,30355.0,4.0,236.0,4.5,100.0,5.0,40.0,15.0,5.0,20.0,125.0,3.5,21.0,3.0,188.0,2.5,698.0,2.0,710.0,1.5,260.0
2023-04-28 10:48:39.0,1682650119000000000,4.0,3.5,3.0,9502.0,885.0,30705.0,4.0,236.0,4.5,100.0,5.0,40.0,15.0,5.0,20.0,125.0,3.5,11.0,3.0,188.0,2.5,698.0,2.0,710.0,1.5,260.0
2023-04-28 10:48:39.25,1682650119250000000,4.0,3.5,3.0,9502.0,885.0,30705.0,4.0,236.0,4.5,100.0,5.0,40.0,15.0,5.0,20.0,125.0,3.5,11.0,3.0,198.0,2.5,698.0,2.0,710.0,1.5,260.0
2023-04-28 10:48:45.0,1682650125000000000,4.0,3.5,3.0,9502.0,885.0,30705.0,4.0,254.0,4.5,100.0,5.0,22.0,15.0,5.0,20.0,125.0,3.5,29.0,3.0,180.0,2.5,698.0,2.0,710.0,1.5,260.0
2023-04-28 10:48:49.75,1682650129750000000,4.0,3.5,3.0,9502.0,895.0,31055.0,4.0,225.0,4.5,100.0,5.0,40.0,15.0,5.0,20.0,125.0,3.0,198.0,2.5,698.0,2.0,710.0,1.5,260.0,1.0,200.0
2023-04-28 10:48:50.25,1682650130250000000,4.0,3.5,3.0,9502.0,895.0,31055.0,4.0,226.0,4.5,100.0,5.0,40.0,15.0,5.0,20.0,125.0,3.0,199.0,2.5,698.0,2.0,710.0,1.5,260.0,1.0,200.0
2023-04-28 10:48:55.75,1682650135750000000,4.0,3.5,3.0,9502.0,895.0,31055.0,4.0,244.0,4.5,100.0,5.0,22.0,15.0,5.0,20.0,125.0,3.5,19.0,3.0,180.0,2.5,698.0,2.0,710.0,1.5,260.0
2023-04-28 10:49:04.0,1682650144000000000,4.0,3.5,3.0,9503.0,896.0,31090.0,4.0,225.0,4.5,100.0,5.0,40.0,15.0,5.0,20.0,125.0,3.0,198.0,2.5,698.0,2.0,710.0,1.5,260.0,1.0,200.0
2023-04-28 10:49:04.5,1682650144500000000,4.0,3.5,3.0,9503.0,896.0,31090.0,4.0,226.0,4.5,100.0,5.0,40.0,15.0,5.0,20.0,125.0,3.0,199.0,2.5,698.0,2.0,710.0,1.5,260.0,1.0,200.0
2023-04-28 10:49:10.0,1682650150000000000,4.0,3.5,3.0,9503.0,896.0,31090.0,3.5,24.0,4.0,220.0,4.5,100.0,5.0,22.0,15.0,5.0,3.0,199.0,2.5,698.0,2.0,710.0,1.5,260.0,1.0,200.0
2023-04-28 10:49:13.75,1682650153750000000,4.0,3.5,3.0,9509.0,902.0,31300.0,4.0,238.0,4.5,100.0,5.0,22.0,15.0,5.0,20.0,125.0,3.0,180.0,2.5,698.0,2.0,728.0,1.5,260.0,1.0,200.0
2023-04-28 10:49:14.25,1682650154250000000,4.0,3.5,3.0,9509.0,902.0,31300.0,4.0,243.0,4.5,100.0,5.0,22.0,15.0,5.0,20.0,125.0,3.0,180.0,2.5,698.0,2.0,728.0,1.5,260.0,1.0,200.0
2023-04-28 10:49:15.25,1682650155250000000,4.0,3.5,3.0,9509.0,902.0,31300.0,4.0,243.0,4.5,101.0,5.0,22.0,15.0,5.0,20.0,125.0,3.5,1.0,3.0,180.0,2.5,698.0,2.0,728.0,1.5,260.0
2023-04-28 10:49:15.5,1682650155500000000,4.0,3.5,3.0,9508.0,903.0,31335.0,4.0,243.0,4.5,100.0,5.0,22.0,15.0,5.0,20.0,125.0,3.0,180.0,2.5,698.0,2.0,728.0,1.5,260.0,1.0,200.0
2023-04-28 10:49:16.25,1682650156250000000,4.0,3.5,3.0,9508.0,903.0,31335.0,4.0,244.0,4.5,100.0,5.0,22.0,15.0,5.0,20.0,125.0,3.0,181.0,2.5,698.0,2.0,728.0,1.5,260.0,1.0,200.0
2023-04-28 10:49:19.75,1682650159750000000,4.0,3.5,3.0,9508.0,903.0,31335.0,4.0,244.0,4.5,100.0,5.0,22.0,15.0,5.0,20.0,125.0,3.5,18.0,3.0,181.0,2.5,698.0,2.0,710.0,1.5,260.0
2023-04-28 10:49:20.5,1682650160500000000,4.0,3.5,3.0,9508.0,903.0,31335.0,4.0,254.0,4.5,100.0,5.0,22.0,15.0,5.0,20.0,125.0,3.5,29.0,3.0,180.0,2.5,698.0,2.0,710.0,1.5,260.0
2023-04-28 10:50:02.25,1682650202250000000,4.0,3.5,3.0,9508.0,903.0,31335.0,4.0,264.0,4.5,100.0,5.0,22.0,15.0,5.0,20.0,125.0,3.5,44.0,3.0,175.0,2.5,698.0,2.0,710.0,1.5,260.0
2023-04-28 10:51:16.0,1682650276000000000,4.0,3.5,3.0,9483.0,947.0,32875.0,3.5,26.0,4.0,235.0,4.5,100.0,5.0,22.0,15.0,5.0,3.0,175.0,2.5,698.0,2.0,710.0,1.5,260.0,1.0,200.0
2023-04-28 10:51:16.25,1682650276250000000,4.0,3.5,3.0,9483.0,947.0,32875.0,3.5,26.0,4.0,253.0,4.5,100.0,5.0,22.0,15.0,5.0,3.0,185.0,2.5,698.0,2.0,728.0,1.5,260.0,1.0,200.0
2023-04-28 10:51:16.75,1682650276750000000,4.0,3.5,3.0,9483.0,947.0,32875.0,3.5,31.0,4.0,248.0,4.5,100.0,5.0,22.0,15.0,5.0,3.0,190.0,2.5,698.0,2.0,728.0,1.5,260.0,1.0,200.0
2023-04-28 10:51:17.0,1682650277000000000,4.0,3.5,3.0,9483.0,947.0,32875.0,3.5,41.0,4.0,238.0,4.5,100.0,5.0,22.0,15.0,5.0,3.0,190.0,2.5,698.0,2.0,728.0,1.5,260.0,1.0,200.0
2023-04-28 10:51:17.25,1682650277250000000,4.0,3.5,3.0,9483.0,947.0,32875.0,3.5,42.0,4.0,238.0,4.5,100.0,5.0,22.0,15.0,5.0,3.0,191.0,2.5,698.0,2.0,728.0,1.5,260.0,1.0,200.0
2023-04-28 10:51:22.25,1682650282250000000,4.0,3.5,3.0,9483.0,947.0,32875.0,3.5,42.0,4.0,220.0,4.5,100.0,5.0,22.0,15.0,5.0,3.0,191.0,2.5,698.0,2.0,710.0,1.5,260.0,1.0,200.0
2023-04-28 10:51:22.5,1682650282500000000,4.0,3.5,3.0,9483.0,957.0,33225.0,3.5,32.0,4.0,238.0,4.5,100.0,5.0,22.0,15.0,5.0,3.0,191.0,2.5,698.0,2.0,728.0,1.5,260.0,1.0,200.0
2023-04-28 10:51:28.5,1682650288500000000,4.0,3.5,3.0,9483.0,967.0,33575.0,3.5,22.0,4.0,238.0,4.5,100.0,5.0,22.0,15.0,5.0,3.0,191.0,2.5,698.0,2.0,728.0,1.5,260.0,1.0,200.0
2023-04-28 10:51:34.5,1682650294500000000,4.0,3.5,3.0,9487.0,977.0,33925.0,3.5,11.0,4.0,238.0,4.5,100.0,5.0,22.0,15.0,5.0,3.0,186.0,2.5,698.0,2.0,728.0,1.5,260.0,1.0,200.0
2023-04-28 10:51:35.0,1682650295000000000,4.0,3.5,3.0,9487.0,977.0,33925.0,3.5,11.0,4.0,243.0,4.5,100.0,5.0,22.0,15.0,5.0,3.0,191.0,2.5,698.0,2.0,728.0,1.5,260.0,1.0,200.0
2023-04-28 10:51:37.25,1682650297250000000,4.0,3.5,3.0,9487.0,977.0,33925.0,3.5,26.0,4.0,238.0,4.5,100.0,5.0,22.0,15.0,5.0,3.0,201.0,2.5,698.0,2.0,728.0,1.5,260.0,1.0,200.0
2023-04-28 10:51:40.5,1682650300500000000,4.0,3.5,3.0,9497.0,987.0,34275.0,3.5,16.0,4.0,238.0,4.5,100.0,5.0,22.0,15.0,5.0,3.0,201.0,2.5,698.0,2.0,728.0,1.5,260.0,1.0,200.0
2023-04-28 10:51:40.75,1682650300750000000,4.0,3.5,3.0,9497.0,987.0,34275.0,3.5,16.0,4.0,248.0,4.5,100.0,5.0,22.0,15.0,5.0,3.0,201.0,2.5,698.0,2.0,728.0,1.5,260.0,1.0,200.0
2023-04-28 10:51:46.5,1682650306500000000,4.0,3.5,3.0,9506.0,997.0,34625.0,3.5,5.0,4.0,248.0,4.5,100.0,5.0,22.0,15.0,5.0,3.0,190.0,2.5,698.0,2.0,728.0,1.5,260.0,1.0,200.0
2023-04-28 10:51:46.75,1682650306750000000,4.0,3.5,3.0,9506.0,997.0,34625.0,4.0,253.0,4.5,100.0,5.0,22.0,15.0,5.0,20.0,125.0,3.0,190.0,2.5,698.0,2.0,728.0,1.5,260.0,1.0,200.0
2023-04-28 10:51:47.25,1682650307250000000,4.0,3.5,3.0,9506.0,997.0,34625.0,4.0,254.0,4.5,100.0,5.0,22.0,15.0,5.0,20.0,125.0,3.0,191.0,2.5,698.0,2.0,728.0,1.5,260.0,1.0,200.0
2023-04-28 10:51:51.75,1682650311750000000,4.0,3.5,3.0,9506.0,997.0,34625.0,4.0,264.0,4.5,100.0,5.0,22.0,15.0,5.0,20.0,125.0,3.0,201.0,2.5,698.0,2.0,728.0,1.5,260.0,1.0,200.0
2023-04-28 10:51:52.5,1682650312500000000,4.0,3.5,3.0,9506.0,997.0,34625.0,4.0,264.0,4.5,100.0,5.0,22.0,15.0,5.0,20.0,125.0,3.5,29.0,3.0,190.0,2.5,698.0,2.0,710.0,1.5,260.0
2023-04-28 10:53:18.0,1682650398000000000,4.0,3.5,3.0,9506.0,997.0,34625.0,4.0,254.0,4.5,100.0,5.0,22.0,15.0,5.0,20.0,125.0,3.5,29.0,3.0,180.0,2.5,698.0,2.0,710.0,1.5,260.0
2023-04-28 10:53:18.25,1682650398250000000,4.0,3.5,3.0,9506.0,997.0,34625.0,4.0,254.0,4.5,100.0,5.0,22.0,15.0,5.0,20.0,125.0,3.5,44.0,3.0,165.0,2.5,698.0,2.0,710.0,1.5,260.0
2023-04-28 10:53:18.75,1682650398750000000,4.0,3.5,3.0,9506.0,997.0,34625.0,4.0,264.0,4.5,100.0,5.0,22.0,15.0,5.0,20.0,125.0,3.5,44.0,3.0,175.0,2.5,698.0,2.0,710.0,1.5,260.0
2023-04-28 10:53:23.0,1682650403000000000,4.0,3.5,3.0,9506.0,997.0,34625.0,4.0,264.0,5.0,22.0,15.0,5.0,20.0,125.0,30.0,6.0,3.5,44.0,3.0,175.0,2.5,698.0,2.0,710.0,1.5,260.0
2023-04-28 10:53:36.75,1682650416750000000,4.0,3.5,3.0,9506.0,997.0,34625.0,4.0,254.0,5.0,22.0,15.0,5.0,20.0,125.0,30.0,6.0,3.5,44.0,3.0,165.0,2.5,698.0,2.0,710.0,1.5,260.0
2023-04-28 10:53:37.5,1682650417500000000,4.0,3.5,3.0,9506.0,997.0,34625.0,4.0,264.0,5.0,22.0,15.0,5.0,20.0,125.0,30.0,6.0,3.5,44.0,3.0,175.0,2.5,698.0,2.0,710.0,1.5,260.0
2023-04-28 10:53:50.5,1682650430500000000,4.0,3.5,3.0,9506.0,997.0,34625.0,4.0,254.0,5.0,22.0,15.0,5.0,20.0,125.0,30.0,6.0,3.5,44.0,3.0,165.0,2.5,698.0,2.0,710.0,1.5,260.0
2023-04-28 10:53:51.25,1682650431250000000,4.0,3.5,3.0,9506.0,997.0,34625.0,4.0,264.0,5.0,22.0,15.0,5.0,20.0,125.0,30.0,6.0,3.5,44.0,3.0,175.0,2.5,698.0,2.0,710.0,1.5,260.0
2023-04-28 10:54:04.25,1682650444250000000,4.0,3.5,3.0,9506.0,997.0,34625.0,4.0,254.0,5.0,22.0,15.0,5.0,20.0,125.0,30.0,6.0,3.5,44.0,3.0,165.0,2.5,698.0,2.0,710.0,1.5,260.0
2023-04-28 10:54:05.25,1682650445250000000,4.0,3.5,3.0,9506.0,997.0,34625.0,4.0,264.0,5.0,22.0,15.0,5.0,20.0,125.0,30.0,6.0,3.5,44.0,3.0,175.0,2.5,698.0,2.0,710.0,1.5,260.0
2023-04-28 10:55:12.75,1682650512750000000,4.0,3.5,3.0,9506.0,1008.0,35010.0,4.0,264.0,5.0,22.0,15.0,5.0,20.0,125.0,30.0,6.0,3.5,26.0,3.0,175.0,2.5,698.0,2.0,728.0,1.5,260.0
2023-04-28 10:55:18.75,1682650518750000000,4.0,3.5,3.0,9506.0,1008.0,35010.0,4.0,264.0,5.0,22.0,15.0,5.0,20.0,125.0,30.0,6.0,3.5,44.0,3.0,175.0,2.5,698.0,2.0,710.0,1.5,260.0
2023-04-28 10:56:19.5,1682650579500000000,4.0,3.5,3.0,9506.0,1008.0,35010.0,4.0,259.0,5.0,22.0,15.0,5.0,20.0,125.0,30.0,6.0,3.5,39.0,3.0,175.0,2.5,698.0,2.0,710.0,1.5,260.0
2023-04-28 10:56:22.0,1682650582000000000,4.0,3.5,3.0,9506.0,1008.0,35010.0,4.0,264.0,5.0,22.0,15.0,5.0,20.0,125.0,30.0,6.0,3.5,39.0,3.0,180.0,2.5,698.0,2.0,710.0,1.5,260.0
2023-04-28 10:57:05.25,1682650625250000000,4.0,4.0,3.0,9506.0,1009.0,35050.0,4.0,263.0,5.0,22.0,15.0,5.0,20.0,125.0,30.0,6.0,3.5,39.0,3.0,180.0,2.5,698.0,2.0,710.0,1.5,260.0
2023-04-28 11:03:30.0,1682651010000000000,4.0,3.5,3.0,9486.0,1048.0,36415.0,3.5,61.0,4.0,252.0,5.0,22.0,15.0,5.0,20.0,125.0,3.0,180.0,2.5,698.0,2.0,728.0,1.5,260.0,1.0,200.0
2023-04-28 11:03:30.25,1682651010250000000,4.0,3.5,3.0,9486.0,1048.0,36415.0,3.5,76.0,4.0,237.0,5.0,22.0,15.0,5.0,20.0,125.0,3.0,190.0,2.5,698.0,2.0,728.0,1.5,260.0,1.0,200.0
2023-04-28 11:03:31.0,1682651011000000000,4.0,3.5,3.0,9486.0,1048.0,36415.0,3.5,77.0,4.0,237.0,5.0,22.0,15.0,5.0,20.0,125.0,3.0,191.0,2.5,698.0,2.0,728.0,1.5,260.0,1.0,200.0
2023-04-28 11:03:36.0,1682651016000000000,4.0,3.5,3.0,9486.0,1048.0,36415.0,3.5,95.0,4.0,219.0,5.0,22.0,15.0,5.0,20.0,125.0,3.0,209.0,2.5,698.0,2.0,710.0,1.5,260.0,1.0,200.0
2023-04-28 11:03:43.75,1682651023750000000,4.0,3.0,3.0,9486.0,1148.0,39415.0,3.5,95.0,4.0,219.0,5.0,22.0,15.0,5.0,20.0,125.0,3.0,109.0,2.5,698.0,2.0,710.0,1.5,260.0,1.0,200.0
2023-04-28 11:03:52.0,1682651032000000000,4.0,3.0,3.0,9486.0,1148.0,39415.0,3.5,125.0,4.0,219.0,5.0,22.0,15.0,5.0,20.0,125.0,3.0,109.0,2.5,698.0,2.0,710.0,1.5,260.0,1.0,200.0
2023-04-28 11:04:55.5,1682651095500000000,4.0,3.0,3.0,9486.0,1148.0,39415.0,3.5,135.0,4.0,219.0,5.0,22.0,15.0,5.0,20.0,125.0,3.0,119.0,2.5,698.0,2.0,710.0,1.5,260.0,1.0,200.0
2023-04-28 11:05:43.75,1682651143750000000,4.0,3.0,3.0,9486.0,1148.0,39415.0,3.5,74.0,4.0,219.0,5.0,22.0,15.0,5.0,20.0,125.0,3.0,119.0,2.5,698.0,2.0,710.0,1.5,260.0,1.0,200.0
2023-04-28 11:07:17.5,1682651237500000000,4.0,3.0,3.0,9455.0,1209.0,41245.0,3.5,74.0,4.0,219.0,5.0,22.0,15.0,5.0,20.0,125.0,3.0,58.0,2.5,698.0,2.0,710.0,1.5,260.0,1.0,200.0
2023-04-28 11:11:19.0,1682651479000000000,4.0,3.0,3.0,9453.0,1211.0,41305.0,3.5,74.0,4.0,219.0,5.0,22.0,15.0,5.0,20.0,125.0,3.0,56.0,2.5,698.0,2.0,710.0,1.5,260.0,1.0,200.0
2023-04-28 11:19:13.5,1682651953500000000,4.0,3.5,3.0,9463.0,1221.0,41655.0,3.5,46.0,4.0,237.0,5.0,22.0,15.0,5.0,20.0,125.0,3.0,38.0,2.5,698.0,2.0,728.0,1.5,260.0,1.0,200.0
2023-04-28 11:19:13.75,1682651953750000000,4.0,3.5,3.0,9463.0,1221.0,41655.0,3.5,56.0,4.0,237.0,5.0,22.0,15.0,5.0,20.0,125.0,3.0,38.0,2.5,698.0,2.0,728.0,1.5,260.0,1.0,200.0
2023-04-28 11:19:19.5,1682651959500000000,4.0,3.5,3.0,9463.0,1221.0,41655.0,3.5,74.0,4.0,219.0,5.0,22.0,15.0,5.0,20.0,125.0,3.0,56.0,2.5,698.0,2.0,710.0,1.5,260.0,1.0,200.0
2023-04-28 11:19:22.75,1682651962750000000,4.0,3.5,3.0,9468.0,1231.0,42005.0,3.5,46.0,4.0,237.0,5.0,22.0,15.0,5.0,20.0,125.0,3.0,37.0,2.5,698.0,2.0,728.0,1.5,260.0,1.0,200.0
2023-04-28 11:19:23.25,1682651963250000000,4.0,3.5,3.0,9468.0,1231.0,42005.0,3.5,47.0,4.0,237.0,5.0,22.0,15.0,5.0,20.0,125.0,3.0,33.0,2.5,698.0,2.0,728.0,1.5,260.0,1.0,200.0
2023-04-28 11:19:25.0,1682651965000000000,4.0,3.5,3.0,9468.0,1231.0,42005.0,3.5,52.0,4.0,237.0,5.0,22.0,15.0,5.0,20.0,125.0,3.0,38.0,2.5,698.0,2.0,728.0,1.5,260.0,1.0,200.0
2023-04-28 11:19:28.75,1682651968750000000,4.0,3.5,3.0,9468.0,1231.0,42005.0,3.5,70.0,4.0,219.0,5.0,22.0,15.0,5.0,20.0,125.0,3.0,56.0,2.5,698.0,2.0,710.0,1.5,260.0,1.0,200.0
2023-04-28 11:26:15.75,1682652375750000000,4.0,3.5,3.0,9468.0,1231.0,42005.0,3.5,70.0,4.0,227.0,5.0,22.0,15.0,5.0,20.0,125.0,3.0,56.0,2.5,698.0,2.0,710.0,1.5,260.0,1.0,200.0
2023-04-28 11:28:28.0,1682652508000000000,4.0,3.5,3.0,9468.0,1231.0,42005.0,3.5,52.0,4.0,227.0,5.0,22.0,15.0,5.0,20.0,125.0,3.0,38.0,2.5,698.0,2.0,710.0,1.5,260.0,1.0,200.0
2023-04-28 11:28:57.75,1682652537750000000,4.0,3.5,3.0,9468.0,1231.0,42005.0,3.5,51.0,4.0,227.0,5.0,22.0,15.0,5.0,20.0,125.0,3.0,37.0,2.5,698.0,2.0,710.0,1.5,260.0,1.0,200.0
2023-04-28 11:29:00.0,1682652540000000000,4.0,3.5,3.0,9468.0,1231.0,42005.0,3.5,41.0,4.0,227.0,5.0,22.0,15.0,5.0,20.0,125.0,3.0,27.0,2.5,698.0,2.0,710.0,1.5,260.0,1.0,200.0
2023-04-28 11:29:02.0,1682652542000000000,4.0,3.5,3.0,9468.0,1231.0,42005.0,3.5,41.0,4.0,217.0,5.0,22.0,15.0,5.0,20.0,125.0,3.0,17.0,2.5,698.0,2.0,710.0,1.5,260.0,1.0,200.0
2023-04-28 11:29:02.25,1682652542250000000,4.0,3.5,3.0,9468.0,1231.0,42005.0,3.5,41.0,4.0,227.0,5.0,22.0,15.0,5.0,20.0,125.0,3.0,27.0,2.5,698.0,2.0,710.0,1.5,260.0,1.0,200.0
2023-04-28 11:29:21.25,1682652561250000000,4.0,3.5,3.0,9468.0,1236.0,42180.0,3.5,36.0,4.0,227.0,5.0,22.0,15.0,5.0,20.0,125.0,3.0,27.0,2.5,698.0,2.0,710.0,1.5,260.0,1.0,200.0
2023-04-28 11:29:29.0,1682652569000000000,4.0,3.5,3.0,9468.0,1238.0,42250.0,3.5,34.0,4.0,227.0,5.0,22.0,15.0,5.0,20.0,125.0,3.0,27.0,2.5,698.0,2.0,710.0,1.5,260.0,1.0,200.0
2023-04-28 11:29:29.5,1682652569500000000,4.0,3.5,3.0,9468.0,1238.0,42250.0,3.5,29.0,4.0,227.0,5.0,22.0,15.0,5.0,20.0,125.0,3.0,22.0,2.5,698.0,2.0,710.0,1.5,260.0,1.0,200.0
2023-04-28 11:29:32.0,1682652572000000000,4.0,3.5,3.0,9468.0,1238.0,42250.0,3.5,29.0,4.0,217.0,5.0,22.0,15.0,5.0,20.0,125.0,3.0,12.0,2.5,698.0,2.0,710.0,1.5,260.0,1.0,200.0
2023-04-28 11:29:32.5,1682652572500000000,4.0,3.5,3.0,9468.0,1238.0,42250.0,3.5,19.0,4.0,217.0,5.0,22.0,15.0,5.0,20.0,125.0,3.0,2.0,2.5,698.0,2.0,710.0,1.5,260.0,1.0,200.0
2023-04-28 11:30:00.0,1682652600000000000,4.0,3.5,3.0,9468.0,1238.0,42250.0,3.5,19.0,4.0,217.0,5.0,22.0,15.0,5.0,20.0,125.0,3.0,2.0,2.5,698.0,2.0,710.0,1.5,260.0,1.0,200.0
2023-04-28 13:30:08.75,1682659808750000000,4.0,3.5,3.0,9468.0,1238.0,42250.0,3.5,19.0,4.0,217.0,4.5,18.0,5.0,22.0,15.0,5.0,3.0,2.0,2.5,698.0,2.0,710.0,1.5,278.0,1.0,200.0
2023-04-28 13:30:09.5,1682659809500000000,4.0,3.5,3.0,9468.0,1238.0,42250.0,3.5,19.0,4.0,217.0,5.0,22.0,15.0,5.0,20.0,125.0,3.0,2.0,2.5,698.0,2.0,710.0,1.5,260.0,1.0,200.0
2023-04-28 13:30:33.0,1682659833000000000,4.0,3.5,3.0,9468.0,1238.0,42250.0,3.5,19.0,4.0,227.0,5.0,22.0,15.0,5.0,20.0,125.0,3.0,2.0,2.5,708.0,2.0,710.0,1.5,260.0,1.0,200.0
2023-04-28 13:31:01.25,1682659861250000000,4.0,3.5,3.0,9468.0,1238.0,42250.0,3.5,19.0,4.0,227.0,4.5,18.0,5.0,22.0,15.0,5.0,3.0,2.0,2.5,708.0,2.0,710.0,1.5,278.0,1.0,200.0
2023-04-28 13:31:02.0,1682659862000000000,4.0,3.5,3.0,9468.0,1238.0,42250.0,3.5,19.0,4.0,227.0,5.0,22.0,15.0,5.0,20.0,125.0,3.0,2.0,2.5,708.0,2.0,710.0,1.5,260.0,1.0,200.0
2023-04-28 13:31:04.0,1682659864000000000,4.0,3.5,3.0,9468.0,1238.0,42250.0,3.5,37.0,4.0,227.0,5.0,22.0,15.0,5.0,20.0,125.0,3.0,2.0,2.5,726.0,2.0,710.0,1.5,260.0,1.0,200.0
2023-04-28 13:31:04.25,1682659864250000000,4.0,3.5,3.0,9468.0,1238.0,42250.0,3.5,52.0,4.0,217.0,5.0,22.0,15.0,5.0,20.0,125.0,3.0,20.0,2.5,713.0,2.0,710.0,1.5,260.0,1.0,200.0
2023-04-28 13:31:45.0,1682659905000000000,4.0,3.5,3.0,9468.0,1238.0,42250.0,3.5,53.0,4.0,217.0,5.0,22.0,15.0,5.0,20.0,125.0,3.0,26.0,2.5,708.0,2.0,710.0,1.5,260.0,1.0,200.0
2023-04-28 13:32:03.0,1682659923000000000,4.0,3.5,3.0,9468.0,1238.0,42250.0,3.5,53.0,4.0,227.0,5.0,22.0,15.0,5.0,20.0,125.0,3.0,46.0,2.5,698.0,2.0,710.0,1.5,260.0,1.0,200.0
2023-04-28 13:32:03.25,1682659923250000000,4.0,3.5,3.0,9468.0,1238.0,42250.0,3.5,53.0,4.0,227.0,5.0,22.0,15.0,5.0,20.0,125.0,3.0,46.0,2.5,698.0,2.0,710.0,1.5,260.0,1.0,200.0
2023-04-28 13:39:34.5,1682660374500000000,4.0,3.5,3.0,9468.0,1238.0,42250.0,3.5,53.0,4.0,227.0,5.0,22.0,15.0,5.0,20.0,125.0,3.0,46.0,2.5,598.0,2.0,710.0,1.5,260.0,1.0,200.0
2023-04-28 13:41:27.5,1682660487500000000,4.0,3.5,3.0,9468.0,1238.0,42250.0,3.5,35.0,4.0,227.0,5.0,22.0,15.0,5.0,20.0,125.0,3.0,28.0,2.5,598.0,2.0,710.0,1.5,260.0,1.0,200.0
2023-04-28 13:42:06.25,1682660526250000000,4.0,3.5,3.0,9468.0,1238.0,42250.0,3.5,53.0,4.0,227.0,5.0,22.0,15.0,5.0,20.0,125.0,3.0,46.0,2.5,598.0,2.0,710.0,1.5,260.0,1.0,200.0
2023-04-28 13:43:17.25,1682660597250000000,4.0,3.5,3.0,9468.0,1238.0,42250.0,3.5,35.0,4.0,227.0,5.0,22.0,15.0,5.0,20.0,125.0,3.0,28.0,2.5,598.0,2.0,710.0,1.5,260.0,1.0,200.0
2023-04-28 13:47:09.25,1682660829250000000,4.0,3.5,3.0,9468.0,1238.0,42250.0,3.5,53.0,4.0,227.0,5.0,22.0,15.0,5.0,20.0,125.0,3.0,46.0,2.5,598.0,2.0,710.0,1.5,260.0,1.0,200.0
2023-04-28 13:48:51.5,1682660931500000000,4.0,3.5,3.0,9468.0,1238.0,42250.0,3.5,53.0,4.0,327.0,5.0,22.0,15.0,5.0,20.0,125.0,3.0,46.0,2.5,598.0,2.0,710.0,1.5,260.0,1.0,200.0
2023-04-28 13:48:51.75,1682660931750000000,4.0,3.5,3.0,9468.0,1238.0,42250.0,3.5,53.0,4.0,427.0,5.0,22.0,15.0,5.0,20.0,125.0,3.0,46.0,2.5,598.0,2.0,710.0,1.5,260.0,1.0,200.0
2023-04-28 13:48:52.0,1682660932000000000,4.0,3.5,3.0,9468.0,1238.0,42250.0,3.5,53.0,4.0,433.0,5.0,22.0,15.0,5.0,20.0,125.0,3.0,46.0,2.5,598.0,2.0,710.0,1.5,260.0,1.0,200.0
2023-04-28 13:51:52.5,1682661112500000000,4.0,3.5,3.0,9468.0,1238.0,42250.0,3.5,53.0,4.0,433.0,5.0,22.0,15.0,5.0,20.0,100.0,3.0,46.0,2.5,598.0,2.0,710.0,1.5,260.0,1.0,200.0
2023-04-28 13:52:04.25,1682661124250000000,4.0,3.5,3.0,9468.0,1238.0,42250.0,3.5,53.0,4.0,433.0,5.0,22.0,15.0,5.0,30.0,6.0,3.0,46.0,2.5,598.0,2.0,710.0,1.5,260.0,1.0,200.0
2023-04-28 13:53:46.5,1682661226500000000,4.0,3.5,3.0,9468.0,1238.0,42250.0,3.5,35.0,4.0,433.0,5.0,22.0,15.0,5.0,30.0,6.0,3.0,28.0,2.5,598.0,2.0,710.0,1.5,260.0,1.0,200.0
2023-04-28 13:54:02.0,1682661242000000000,4.0,3.5,3.0,9468.0,1238.0,42250.0,3.5,35.0,4.0,433.0,4.5,18.0,5.0,22.0,15.0,5.0,3.0,28.0,2.5,598.0,2.0,728.0,1.5,260.0,1.0,200.0
2023-04-28 13:54:02.75,1682661242750000000,4.0,3.5,3.0,9468.0,1238.0,42250.0,3.5,35.0,4.0,433.0,5.0,22.0,15.0,5.0,30.0,6.0,3.0,28.0,2.5,598.0,2.0,710.0,1.5,260.0,1.0,200.0
2023-04-28 13:54:05.0,1682661245000000000,4.0,3.5,3.0,9468.0,1238.0,42250.0,3.5,53.0,4.0,433.0,5.0,22.0,15.0,5.0,30.0,6.0,3.0,46.0,2.5,598.0,2.0,710.0,1.5,260.0,1.0,200.0
2023-04-28 13:55:55.5,1682661355500000000,4.0,3.5,3.0,9468.0,1238.0,42250.0,3.5,63.0,4.0,433.0,5.0,22.0,15.0,5.0,30.0,6.0,3.0,46.0,2.5,598.0,2.0,710.0,1.5,260.0,1.0,200.0
2023-04-28 13:56:22.25,1682661382250000000,4.0,3.0,3.0,9468.0,1248.0,42550.0,3.5,39.0,4.0,433.0,4.5,18.0,5.0,22.0,15.0,5.0,3.0,18.0,2.5,616.0,2.0,710.0,1.5,260.0,1.0,200.0
2023-04-28 13:56:22.75,1682661382750000000,4.0,3.0,3.0,9468.0,1248.0,42550.0,3.5,44.0,4.0,433.0,4.5,18.0,5.0,22.0,15.0,5.0,3.0,18.0,2.5,621.0,2.0,710.0,1.5,260.0,1.0,200.0
2023-04-28 13:56:23.75,1682661383750000000,4.0,3.0,3.0,9467.0,1249.0,42580.0,3.5,44.0,4.0,433.0,4.5,18.0,5.0,22.0,15.0,5.0,3.0,17.0,2.5,621.0,2.0,710.0,1.5,260.0,1.0,200.0
2023-04-28 13:56:24.75,1682661384750000000,4.0,3.0,3.0,9467.0,1249.0,42580.0,3.5,45.0,4.0,433.0,4.5,18.0,5.0,22.0,15.0,5.0,3.0,18.0,2.5,621.0,2.0,710.0,1.5,260.0,1.0,200.0
2023-04-28 13:56:28.25,1682661388250000000,4.0,3.0,3.0,9467.0,1259.0,42880.0,3.5,45.0,4.0,433.0,4.5,18.0,5.0,22.0,15.0,5.0,3.0,8.0,2.5,621.0,2.0,710.0,1.5,260.0,1.0,200.0
2023-04-28 13:56:28.5,1682661388500000000,4.0,3.0,3.0,9467.0,1259.0,42880.0,3.5,45.0,4.0,433.0,4.5,18.0,5.0,22.0,15.0,5.0,3.0,26.0,2.5,616.0,2.0,710.0,1.5,260.0,1.0,200.0
2023-04-28 13:56:34.25,1682661394250000000,4.0,3.0,3.0,9468.0,1269.0,43180.0,3.5,44.0,4.0,433.0,4.5,18.0,5.0,22.0,15.0,5.0,3.0,16.0,2.5,616.0,2.0,710.0,1.5,260.0,1.0,200.0
2023-04-28 13:56:34.5,1682661394500000000,4.0,3.0,3.0,9468.0,1269.0,43180.0,3.5,44.0,4.0,433.0,4.5,18.0,5.0,22.0,15.0,5.0,3.0,25.0,2.5,616.0,2.0,710.0,1.5,260.0,1.0,200.0
2023-04-28 13:56:35.5,1682661395500000000,4.0,3.0,3.0,9467.0,1270.0,43210.0,3.5,44.0,4.0,433.0,4.5,18.0,5.0,22.0,15.0,5.0,3.0,24.0,2.5,616.0,2.0,710.0,1.5,260.0,1.0,200.0
2023-04-28 13:56:36.5,1682661396500000000,4.0,3.0,3.0,9467.0,1270.0,43210.0,3.5,45.0,4.0,433.0,4.5,18.0,5.0,22.0,15.0,5.0,3.0,25.0,2.5,616.0,2.0,710.0,1.5,260.0,1.0,200.0
2023-04-28 13:56:40.25,1682661400250000000,4.0,3.0,3.0,9467.0,1270.0,43210.0,3.5,63.0,4.0,433.0,5.0,22.0,15.0,5.0,30.0,6.0,3.0,43.0,2.5,598.0,2.0,710.0,1.5,260.0,1.0,200.0
2023-04-28 13:57:32.5,1682661452500000000,4.0,3.0,3.0,9467.0,1270.0,43210.0,3.5,63.0,4.0,433.0,5.0,22.0,15.0,5.0,30.0,6.0,3.0,120.0,2.5,598.0,2.0,710.0,1.5,260.0,1.0,200.0
2023-04-28 14:00:33.75,1682661633750000000,4.0,3.0,3.0,9467.0,1270.0,43210.0,3.5,63.0,4.0,433.0,5.0,22.0,15.0,5.0,30.0,6.0,3.0,120.0,2.5,698.0,2.0,710.0,1.5,260.0,1.0,200.0
2023-04-28 14:01:07.25,1682661667250000000,4.0,3.0,3.0,9467.0,1270.0,43210.0,3.5,63.0,4.0,423.0,5.0,22.0,15.0,5.0,30.0,6.0,3.0,120.0,2.5,698.0,2.0,710.0,1.5,260.0,1.0,200.0
2023-04-28 14:08:26.5,1682662106500000000,4.0,3.5,3.0,9467.0,1271.0,43245.0,3.5,62.0,4.0,423.0,5.0,22.0,15.0,5.0,30.0,6.0,3.0,120.0,2.5,698.0,2.0,710.0,1.5,260.0,1.0,200.0
2023-04-28 14:16:36.25,1682662596250000000,4.0,3.5,3.0,9467.0,1271.0,43245.0,3.5,62.0,4.0,423.0,4.5,100.0,5.0,22.0,15.0,5.0,3.0,120.0,2.5,698.0,2.0,710.0,1.5,260.0,1.0,200.0
2023-04-28 14:16:41.75,1682662601750000000,4.0,3.5,3.0,9467.0,1271.0,43245.0,3.5,62.0,4.0,423.0,4.5,180.0,5.0,22.0,15.0,5.0,3.0,120.0,2.5,698.0,2.0,710.0,1.5,260.0,1.0,200.0
2023-04-28 14:19:29.75,1682662769750000000,4.0,3.5,3.0,9439.0,1301.0,44295.0,3.5,32.0,4.0,423.0,4.5,180.0,5.0,22.0,15.0,5.0,3.0,120.0,2.5,698.0,2.0,710.0,1.5,260.0,1.0,200.0
2023-04-28 14:19:30.0,1682662770000000000,4.0,3.5,3.0,9439.0,1301.0,44295.0,3.5,34.0,4.0,423.0,4.5,180.0,5.0,22.0,15.0,5.0,3.0,120.0,2.5,698.0,2.0,710.0,1.5,260.0,1.0,200.0
2023-04-28 14:22:27.25,1682662947250000000,4.0,3.5,3.0,9439.0,1301.0,44295.0,3.5,34.0,4.0,423.0,5.0,22.0,15.0,5.0,30.0,6.0,3.0,120.0,2.5,698.0,2.0,710.0,1.5,260.0,1.0,200.0
2023-04-28 14:22:33.0,1682662953000000000,4.0,3.5,3.0,9439.0,1301.0,44295.0,3.5,114.0,4.0,423.0,5.0,22.0,15.0,5.0,30.0,6.0,3.0,120.0,2.5,698.0,2.0,710.0,1.5,260.0,1.0,200.0
2023-04-28 14:23:02.75,1682662982750000000,4.0,3.5,3.0,9439.0,1301.0,44295.0,3.5,214.0,4.0,423.0,5.0,22.0,15.0,5.0,30.0,6.0,3.0,120.0,2.5,698.0,2.0,710.0,1.5,260.0,1.0,200.0
2023-04-28 14:23:13.25,1682662993250000000,4.0,3.5,3.0,9439.0,1301.0,44295.0,3.5,314.0,4.0,423.0,5.0,22.0,15.0,5.0,30.0,6.0,3.0,120.0,2.5,698.0,2.0,710.0,1.5,260.0,1.0,200.0
2023-04-28 14:23:20.5,1682663000500000000,4.0,3.5,3.0,9439.0,1301.0,44295.0,3.5,414.0,4.0,423.0,5.0,22.0,15.0,5.0,30.0,6.0,3.0,120.0,2.5,698.0,2.0,710.0,1.5,260.0,1.0,200.0
2023-04-28 14:23:28.25,1682663008250000000,4.0,3.5,3.0,9439.0,1301.0,44295.0,3.5,514.0,4.0,423.0,5.0,22.0,15.0,5.0,30.0,6.0,3.0,120.0,2.5,698.0,2.0,710.0,1.5,260.0,1.0,200.0
2023-04-28 14:23:45.75,1682663025750000000,4.0,3.5,3.0,9439.0,1301.0,44295.0,3.5,414.0,4.0,423.0,5.0,22.0,15.0,5.0,30.0,6.0,3.0,120.0,2.5,698.0,2.0,710.0,1.5,260.0,1.0,200.0
2023-04-28 14:23:47.75,1682663027750000000,4.0,3.5,3.0,9439.0,1301.0,44295.0,3.5,314.0,4.0,423.0,5.0,22.0,15.0,5.0,30.0,6.0,3.0,120.0,2.5,698.0,2.0,710.0,1.5,260.0,1.0,200.0
2023-04-28 14:23:49.5,1682663029500000000,4.0,3.5,3.0,9439.0,1301.0,44295.0,3.5,214.0,4.0,423.0,5.0,22.0,15.0,5.0,30.0,6.0,3.0,120.0,2.5,698.0,2.0,710.0,1.5,260.0,1.0,200.0
2023-04-28 14:23:50.75,1682663030750000000,4.0,3.5,3.0,9439.0,1301.0,44295.0,3.5,314.0,4.0,423.0,5.0,22.0,15.0,5.0,30.0,6.0,3.0,120.0,2.5,698.0,2.0,710.0,1.5,260.0,1.0,200.0
2023-04-28 14:23:51.0,1682663031000000000,4.0,3.5,3.0,9439.0,1301.0,44295.0,3.5,214.0,4.0,423.0,5.0,22.0,15.0,5.0,30.0,6.0,3.0,120.0,2.5,698.0,2.0,710.0,1.5,260.0,1.0,200.0
2023-04-28 14:24:33.5,1682663073500000000,4.0,3.5,3.0,9439.0,1301.0,44295.0,3.5,114.0,4.0,423.0,5.0,22.0,15.0,5.0,30.0,6.0,3.0,120.0,2.5,698.0,2.0,710.0,1.5,260.0,1.0,200.0
2023-04-28 14:24:33.75,1682663073750000000,4.0,3.5,3.0,9439.0,1301.0,44295.0,3.5,34.0,4.0,423.0,5.0,22.0,15.0,5.0,30.0,6.0,3.0,120.0,2.5,698.0,2.0,710.0,1.5,260.0,1.0,200.0
2023-04-28 14:26:19.75,1682663179750000000,4.0,3.5,3.0,9439.0,1301.0,44295.0,3.5,16.0,4.0,423.0,5.0,22.0,15.0,5.0,30.0,6.0,3.0,102.0,2.5,698.0,2.0,710.0,1.5,260.0,1.0,200.0
2023-04-28 14:27:24.75,1682663244750000000,4.0,3.5,3.0,9439.0,1301.0,44295.0,3.5,16.0,4.0,423.0,5.0,22.0,15.0,5.0,30.0,6.0,3.0,102.0,2.5,698.0,2.0,710.0,1.5,260.0,1.0,200.0
2023-04-28 14:28:00.75,1682663280750000000,4.0,3.5,3.0,9440.0,1302.0,44330.0,3.5,11.0,4.0,423.0,5.0,22.0,15.0,5.0,30.0,6.0,3.0,97.0,2.5,698.0,2.0,710.0,1.5,260.0,1.0,200.0
2023-04-28 14:28:01.25,1682663281250000000,4.0,3.5,3.0,9440.0,1302.0,44330.0,3.5,11.0,4.0,428.0,5.0,22.0,15.0,5.0,30.0,6.0,3.0,102.0,2.5,698.0,2.0,710.0,1.5,260.0,1.0,200.0
2023-04-28 14:28:20.75,1682663300750000000,4.0,3.5,3.0,9440.0,1302.0,44330.0,3.5,29.0,4.0,428.0,5.0,22.0,15.0,5.0,30.0,6.0,3.0,120.0,2.5,698.0,2.0,710.0,1.5,260.0,1.0,200.0
2023-04-28 14:28:21.0,1682663301000000000,4.0,3.5,3.0,9440.0,1302.0,44330.0,3.5,16.0,4.0,423.0,5.0,22.0,15.0,5.0,30.0,6.0,3.0,102.0,2.5,698.0,2.0,710.0,1.5,260.0,1.0,200.0
2023-04-28 14:28:44.25,1682663324250000000,4.0,3.5,3.0,9440.0,1302.0,44330.0,3.5,36.0,4.0,423.0,5.0,22.0,15.0,5.0,30.0,6.0,3.0,102.0,2.5,698.0,2.0,710.0,1.5,260.0,1.0,200.0
2023-04-28 14:28:55.25,1682663335250000000,4.0,3.5,3.0,9440.0,1302.0,44330.0,3.5,86.0,4.0,423.0,5.0,22.0,15.0,5.0,30.0,6.0,3.0,102.0,2.5,698.0,2.0,710.0,1.5,260.0,1.0,200.0
2023-04-28 14:29:02.75,1682663342750000000,4.0,3.5,3.0,9440.0,1302.0,44330.0,3.5,126.0,4.0,423.0,5.0,22.0,15.0,5.0,30.0,6.0,3.0,102.0,2.5,698.0,2.0,710.0,1.5,260.0,1.0,200.0
2023-04-28 14:29:08.25,1682663348250000000,4.0,3.5,3.0,9440.0,1302.0,44330.0,3.5,196.0,4.0,423.0,5.0,22.0,15.0,5.0,30.0,6.0,3.0,102.0,2.5,698.0,2.0,710.0,1.5,260.0,1.0,200.0
2023-04-28 14:29:19.25,1682663359250000000,4.0,3.5,3.0,9440.0,1302.0,44330.0,3.5,214.0,4.0,423.0,5.0,22.0,15.0,5.0,30.0,6.0,3.0,120.0,2.5,698.0,2.0,710.0,1.5,260.0,1.0,200.0
2023-04-28 14:29:21.5,1682663361500000000,4.0,3.5,3.0,9440.0,1302.0,44330.0,3.5,196.0,4.0,423.0,5.0,22.0,15.0,5.0,30.0,6.0,3.0,102.0,2.5,698.0,2.0,710.0,1.5,260.0,1.0,200.0
2023-04-28 14:29:44.5,1682663384500000000,4.0,3.5,3.0,9440.0,1317.0,44855.0,3.5,180.0,4.0,423.0,5.0,22.0,15.0,5.0,30.0,6.0,3.0,96.0,2.5,698.0,2.0,710.0,1.5,260.0,1.0,200.0
2023-04-28 14:29:44.75,1682663384750000000,4.0,3.5,3.0,9440.0,1317.0,44855.0,3.5,190.0,4.0,423.0,5.0,22.0,15.0,5.0,30.0,6.0,3.0,96.0,2.5,698.0,2.0,710.0,1.5,260.0,1.0,200.0
2023-04-28 14:29:45.25,1682663385250000000,4.0,3.5,3.0,9440.0,1317.0,44855.0,3.5,195.0,4.0,423.0,5.0,22.0,15.0,5.0,30.0,6.0,3.0,101.0,2.5,698.0,2.0,710.0,1.5,260.0,1.0,200.0
2023-04-28 14:29:45.75,1682663385750000000,4.0,3.5,3.0,9440.0,1317.0,44855.0,3.5,196.0,4.0,423.0,5.0,22.0,15.0,5.0,30.0,6.0,3.0,102.0,2.5,698.0,2.0,710.0,1.5,260.0,1.0,200.0
2023-04-28 14:29:54.25,1682663394250000000,4.0,3.5,3.0,9440.0,1317.0,44855.0,3.5,214.0,4.0,423.0,5.0,22.0,15.0,5.0,30.0,6.0,3.0,120.0,2.5,698.0,2.0,710.0,1.5,260.0,1.0,200.0
2023-04-28 14:29:55.0,1682663395000000000,4.0,3.5,3.0,9440.0,1317.0,44855.0,3.5,196.0,4.0,423.0,5.0,22.0,15.0,5.0,30.0,6.0,3.0,102.0,2.5,698.0,2.0,710.0,1.5,260.0,1.0,200.0
2023-04-28 14:32:47.25,1682663567250000000,4.0,3.5,3.0,9440.0,1317.0,44855.0,3.5,214.0,4.0,423.0,5.0,22.0,15.0,5.0,30.0,6.0,3.0,120.0,2.5,698.0,2.0,710.0,1.5,260.0,1.0,200.0
2023-04-28 14:33:16.5,1682663596500000000,4.0,3.5,3.0,9440.0,1317.0,44855.0,3.5,234.0,4.0,423.0,5.0,22.0,15.0,5.0,30.0,6.0,3.0,120.0,2.5,718.0,2.0,710.0,1.5,260.0,1.0,200.0
2023-04-28 14:33:23.25,1682663603250000000,4.0,3.5,3.0,9440.0,1317.0,44855.0,3.5,234.0,4.0,433.0,5.0,22.0,15.0,5.0,30.0,6.0,3.0,130.0,2.5,718.0,2.0,710.0,1.5,260.0,1.0,200.0
2023-04-28 14:33:40.25,1682663620250000000,4.0,3.5,3.0,9440.0,1317.0,44855.0,3.5,234.0,4.0,423.0,5.0,22.0,15.0,5.0,30.0,6.0,3.0,120.0,2.5,718.0,2.0,710.0,1.5,260.0,1.0,200.0
2023-04-28 14:33:52.0,1682663632000000000,4.0,3.5,3.0,9440.0,1317.0,44855.0,3.5,214.0,4.0,423.0,5.0,22.0,15.0,5.0,30.0,6.0,3.0,120.0,2.5,698.0,2.0,710.0,1.5,260.0,1.0,200.0
2023-04-28 14:35:32.0,1682663732000000000,4.0,3.5,3.0,9440.0,1317.0,44855.0,3.5,214.0,4.0,423.0,5.0,22.0,15.0,5.0,30.0,6.0,3.0,120.0,2.5,598.0,2.0,710.0,1.5,260.0,1.0,200.0
2023-04-28 14:35:39.75,1682663739750000000,4.0,3.5,3.0,9440.0,1317.0,44855.0,3.5,196.0,4.0,423.0,5.0,22.0,15.0,5.0,30.0,6.0,3.0,102.0,2.5,598.0,2.0,710.0,1.5,260.0,1.0,200.0
2023-04-28 14:36:01.75,1682663761750000000,4.0,3.5,3.0,9440.0,1317.0,44855.0,3.5,214.0,4.0,423.0,5.0,22.0,15.0,5.0,30.0,6.0,3.0,120.0,2.5,598.0,2.0,710.0,1.5,260.0,1.0,200.0
2023-04-28 14:36:03.75,1682663763750000000,4.0,3.5,3.0,9440.0,1317.0,44855.0,3.5,196.0,4.0,423.0,5.0,22.0,15.0,5.0,30.0,6.0,3.0,102.0,2.5,598.0,2.0,710.0,1.5,260.0,1.0,200.0
2023-04-28 14:37:21.5,1682663841500000000,4.0,3.5,3.0,9440.0,1317.0,44855.0,3.5,214.0,4.0,423.0,5.0,22.0,15.0,5.0,30.0,6.0,3.0,120.0,2.5,598.0,2.0,710.0,1.5,260.0,1.0,200.0
2023-04-28 14:37:22.5,1682663842500000000,4.0,3.5,3.0,9440.0,1317.0,44855.0,3.5,196.0,4.0,423.0,5.0,22.0,15.0,5.0,30.0,6.0,3.0,102.0,2.5,598.0,2.0,710.0,1.5,260.0,1.0,200.0
2023-04-28 14:37:34.75,1682663854750000000,4.0,3.0,3.0,9415.0,1342.0,45605.0,3.5,196.0,4.0,423.0,5.0,22.0,15.0,5.0,30.0,6.0,3.0,77.0,2.5,598.0,2.0,710.0,1.5,260.0,1.0,200.0
2023-04-28 14:37:35.0,1682663855000000000,4.0,3.0,3.0,9415.0,1342.0,45605.0,3.5,206.0,4.0,413.0,5.0,22.0,15.0,5.0,30.0,6.0,3.0,87.0,2.5,598.0,2.0,710.0,1.5,260.0,1.0,200.0
2023-04-28 14:38:08.25,1682663888250000000,4.0,3.0,3.0,9415.0,1342.0,45605.0,3.5,224.0,4.0,413.0,5.0,22.0,15.0,5.0,30.0,6.0,3.0,105.0,2.5,598.0,2.0,710.0,1.5,260.0,1.0,200.0
2023-04-28 14:38:10.75,1682663890750000000,4.0,3.0,3.0,9415.0,1342.0,45605.0,3.5,206.0,4.0,413.0,5.0,22.0,15.0,5.0,30.0,6.0,3.0,87.0,2.5,598.0,2.0,710.0,1.5,260.0,1.0,200.0
2023-04-28 14:38:15.5,1682663895500000000,4.0,3.0,3.0,9415.0,1342.0,45605.0,3.5,224.0,4.0,413.0,5.0,22.0,15.0,5.0,30.0,6.0,3.0,105.0,2.5,598.0,2.0,710.0,1.5,260.0,1.0,200.0
2023-04-28 14:39:25.25,1682663965250000000,4.0,3.0,3.0,9405.0,1352.0,45905.0,3.5,224.0,4.0,413.0,5.0,22.0,15.0,5.0,30.0,6.0,3.0,95.0,2.5,598.0,2.0,710.0,1.5,260.0,1.0,200.0
2023-04-28 14:39:25.5,1682663965500000000,4.0,3.0,3.0,9405.0,1352.0,45905.0,3.5,224.0,4.0,413.0,5.0,22.0,15.0,5.0,30.0,6.0,3.0,117.0,2.5,598.0,2.0,710.0,1.5,260.0,1.0,200.0
2023-04-28 14:39:41.25,1682663981250000000,4.0,3.0,3.0,9405.0,1352.0,45905.0,3.5,154.0,4.0,413.0,5.0,22.0,15.0,5.0,30.0,6.0,3.0,117.0,2.5,598.0,2.0,710.0,1.5,260.0,1.0,200.0
2023-04-28 14:39:59.25,1682663999250000000,4.0,3.0,3.0,9405.0,1352.0,45905.0,3.5,136.0,4.0,413.0,5.0,22.0,15.0,5.0,30.0,6.0,3.0,99.0,2.5,598.0,2.0,710.0,1.5,260.0,1.0,200.0
2023-04-28 14:41:01.75,1682664061750000000,4.0,3.0,3.0,9405.0,1352.0,45905.0,3.5,154.0,4.0,413.0,5.0,22.0,15.0,5.0,30.0,6.0,3.0,117.0,2.5,598.0,2.0,710.0,1.5,260.0,1.0,200.0
2023-04-28 14:41:02.5,1682664062500000000,4.0,3.0,3.0,9405.0,1352.0,45905.0,3.5,136.0,4.0,413.0,5.0,22.0,15.0,5.0,30.0,6.0,3.0,99.0,2.5,598.0,2.0,710.0,1.5,260.0,1.0,200.0
2023-04-28 14:41:20.75,1682664080750000000,4.0,3.0,3.0,9405.0,1352.0,45905.0,3.5,154.0,4.0,413.0,5.0,22.0,15.0,5.0,30.0,6.0,3.0,117.0,2.5,598.0,2.0,710.0,1.5,260.0,1.0,200.0
2023-04-28 14:41:37.75,1682664097750000000,4.0,3.0,3.0,9405.0,1352.0,45905.0,3.5,154.0,4.0,413.0,5.0,22.0,15.0,5.0,30.0,6.0,3.0,95.0,2.5,598.0,2.0,710.0,1.5,260.0,1.0,200.0
2023-04-28 14:42:54.75,1682664174750000000,4.0,3.0,3.0,9405.0,1352.0,45905.0,3.5,154.0,4.0,423.0,5.0,22.0,15.0,5.0,30.0,6.0,3.0,95.0,2.5,598.0,2.0,710.0,1.5,260.0,1.0,200.0
2023-04-28 14:43:39.25,1682664219250000000,4.0,3.0,3.0,9405.0,1352.0,45905.0,3.5,154.0,4.0,423.0,5.0,22.0,15.0,5.0,30.0,6.0,3.0,95.0,2.5,598.0,2.0,710.0,1.5,260.0,1.0,200.0
2023-04-28 14:46:49.0,1682664409000000000,4.0,3.0,3.0,9405.0,1352.0,45905.0,3.5,154.0,4.0,423.0,5.0,22.0,15.0,5.0,30.0,6.0,3.0,100.0,2.5,598.0,2.0,710.0,1.5,260.0,1.0,200.0
2023-04-28 14:48:30.5,1682664510500000000,4.0,3.0,3.0,9405.0,1352.0,45905.0,3.5,136.0,4.0,423.0,5.0,22.0,15.0,5.0,30.0,6.0,3.0,82.0,2.5,598.0,2.0,710.0,1.5,260.0,1.0,200.0
2023-04-28 14:48:39.0,1682664519000000000,4.0,3.0,3.0,9405.0,1352.0,45905.0,3.5,154.0,4.0,423.0,5.0,22.0,15.0,5.0,30.0,6.0,3.0,100.0,2.5,598.0,2.0,710.0,1.5,260.0,1.0,200.0
2023-04-28 14:49:06.5,1682664546500000000,4.0,3.0,3.0,9405.0,1352.0,45905.0,3.5,154.0,4.0,423.0,5.0,22.0,15.0,5.0,30.0,6.0,3.0,104.0,2.5,598.0,2.0,710.0,1.5,260.0,1.0,200.0
2023-04-28 14:50:29.75,1682664629750000000,4.0,3.0,3.0,9380.0,1377.0,46655.0,3.5,154.0,4.0,423.0,5.0,22.0,15.0,5.0,30.0,6.0,3.0,79.0,2.5,598.0,2.0,710.0,1.5,260.0,1.0,200.0
2023-04-28 14:51:34.5,1682664694500000000,4.0,3.0,3.0,9380.0,1377.0,46655.0,3.5,153.0,4.0,423.0,5.0,22.0,15.0,5.0,30.0,6.0,3.0,78.0,2.5,598.0,2.0,710.0,1.5,260.0,1.0,200.0
2023-04-28 14:51:37.25,1682664697250000000,4.0,3.0,3.0,9407.0,1455.0,48995.0,3.0,22.0,3.5,130.0,4.0,423.0,5.0,22.0,15.0,5.0,2.5,598.0,2.0,710.0,1.5,260.0,1.0,200.0,0.5,221.0
2023-04-28 14:51:37.5,1682664697500000000,4.0,3.0,3.0,9407.0,1465.0,49295.0,3.0,12.0,3.5,158.0,4.0,413.0,5.0,22.0,15.0,5.0,2.5,608.0,2.0,710.0,1.5,278.0,1.0,200.0,0.5,221.0
