datetime,datetime_nano,highest,last_price,lowest,open_interest,volume,amount,ask_price1,ask_volume1,ask_price2,ask_volume2,ask_price3,ask_volume3,ask_price4,ask_volume4,ask_price5,ask_volume5,bid_price1,bid_volume1,bid_price2,bid_volume2,bid_price3,bid_volume3,bid_price4,bid_volume4,bid_price5,bid_volume5
2023-04-27 20:55:00.0,1682600100000000000,,,,253.0,0.0,0.0,,0.0,,0.0,,0.0,,0.0,,0.0,,0.0,,0.0,,0.0,,0.0,,0.0
2023-04-27 21:00:17.75,1682600417750000000,,,,253.0,0.0,0.0,2254.5,1.0,,0.0,,0.0,,0.0,,0.0,1151.5,1.0,,0.0,,0.0,,0.0,,0.0
2023-04-27 21:00:18.0,1682600418000000000,,,,253.0,0.0,0.0,2254.0,10.0,2254.5,1.0,,0.0,,0.0,,0.0,1151.5,1.0,,0.0,,0.0,,0.0,,0.0
2023-04-27 21:00:18.25,1682600418250000000,,,,253.0,0.0,0.0,2254.0,10.0,,0.0,,0.0,,0.0,,0.0,1151.5,1.0,,0.0,,0.0,,0.0,,0.0
2023-04-27 21:00:20.25,1682600420250000000,,,,253.0,0.0,0.0,2252.5,1.0,2254.0,10.0,,0.0,,0.0,,0.0,1151.5,1.0,,0.0,,0.0,,0.0,,0.0
2023-04-27 21:00:20.5,1682600420500000000,,,,253.0,0.0,0.0,2252.5,1.0,,0.0,,0.0,,0.0,,0.0,1151.5,1.0,,0.0,,0.0,,0.0,,0.0
2023-04-27 21:00:20.75,1682600420750000000,,,,253.0,0.0,0.0,2252.0,10.0,2252.5,1.0,,0.0,,0.0,,0.0,1151.5,1.0,,0.0,,0.0,,0.0,,0.0
2023-04-27 21:00:21.25,1682600421250000000,,,,253.0,0.0,0.0,2252.0,10.0,,0.0,,0.0,,0.0,,0.0,1151.5,1.0,,0.0,,0.0,,0.0,,0.0
2023-04-27 21:00:23.25,1682600423250000000,,,,253.0,0.0,0.0,2250.5,1.0,2252.0,10.0,,0.0,,0.0,,0.0,1151.5,1.0,,0.0,,0.0,,0.0,,0.0
2023-04-27 21:00:23.5,1682600423500000000,,,,253.0,0.0,0.0,2250.5,1.0,,0.0,,0.0,,0.0,,0.0,1151.5,1.0,,0.0,,0.0,,0.0,,0.0
2023-04-27 21:00:23.75,1682600423750000000,,,,253.0,0.0,0.0,2250.0,10.0,2250.5,1.0,,0.0,,0.0,,0.0,1151.5,1.0,,0.0,,0.0,,0.0,,0.0
2023-04-27 21:00:24.25,1682600424250000000,,,,253.0,0.0,0.0,2250.0,10.0,,0.0,,0.0,,0.0,,0.0,1151.5,1.0,,0.0,,0.0,,0.0,,0.0
2023-04-27 21:00:28.25,1682600428250000000,,,,253.0,0.0,0.0,2248.5,1.0,2250.0,10.0,,0.0,,0.0,,0.0,1151.5,1.0,,0.0,,0.0,,0.0,,0.0
2023-04-27 21:00:28.5,1682600428500000000,,,,253.0,0.0,0.0,2248.5,1.0,,0.0,,0.0,,0.0,,0.0,1151.5,1.0,,0.0,,0.0,,0.0,,0.0
2023-04-27 21:00:28.75,1682600428750000000,,,,253.0,0.0,0.0,2248.0,10.0,2248.5,1.0,,0.0,,0.0,,0.0,1151.5,1.0,,0.0,,0.0,,0.0,,0.0
2023-04-27 21:00:29.25,1682600429250000000,,,,253.0,0.0,0.0,2246.5,1.0,2248.0,10.0,,0.0,,0.0,,0.0,1151.5,1.0,,0.0,,0.0,,0.0,,0.0
2023-04-27 21:00:29.5,1682600429500000000,,,,253.0,0.0,0.0,2246.5,1.0,,0.0,,0.0,,0.0,,0.0,1151.5,1.0,,0.0,,0.0,,0.0,,0.0
2023-04-27 21:00:29.75,1682600429750000000,,,,253.0,0.0,0.0,2246.0,10.0,2246.5,1.0,,0.0,,0.0,,0.0,1151.5,1.0,,0.0,,0.0,,0.0,,0.0
2023-04-27 21:00:30.25,1682600430250000000,,,,253.0,0.0,0.0,2244.5,1.0,2246.0,10.0,,0.0,,0.0,,0.0,1151.5,1.0,,0.0,,0.0,,0.0,,0.0
2023-04-27 21:00:30.5,1682600430500000000,,,,253.0,0.0,0.0,2244.5,1.0,,0.0,,0.0,,0.0,,0.0,1151.5,1.0,,0.0,,0.0,,0.0,,0.0
2023-04-27 21:00:30.75,1682600430750000000,,,,253.0,0.0,0.0,2244.0,10.0,2244.5,1.0,,0.0,,0.0,,0.0,1151.5,1.0,,0.0,,0.0,,0.0,,0.0
2023-04-27 21:00:31.25,1682600431250000000,,,,253.0,0.0,0.0,2242.5,1.0,2244.0,10.0,,0.0,,0.0,,0.0,1151.5,1.0,,0.0,,0.0,,0.0,,0.0
2023-04-27 21:00:31.5,1682600431500000000,,,,253.0,0.0,0.0,2242.0,10.0,2242.5,1.0,,0.0,,0.0,,0.0,1151.5,1.0,,0.0,,0.0,,0.0,,0.0
2023-04-27 21:00:31.75,1682600431750000000,,,,253.0,0.0,0.0,2242.0,10.0,,0.0,,0.0,,0.0,,0.0,1151.5,1.0,,0.0,,0.0,,0.0,,0.0
2023-04-27 21:00:33.75,1682600433750000000,,,,253.0,0.0,0.0,2240.5,1.0,2242.0,10.0,,0.0,,0.0,,0.0,1151.5,1.0,,0.0,,0.0,,0.0,,0.0
2023-04-27 21:00:34.0,1682600434000000000,,,,253.0,0.0,0.0,2240.5,1.0,,0.0,,0.0,,0.0,,0.0,1151.5,1.0,,0.0,,0.0,,0.0,,0.0
2023-04-27 21:00:34.25,1682600434250000000,,,,253.0,0.0,0.0,2240.0,10.0,2240.5,1.0,,0.0,,0.0,,0.0,1151.5,1.0,,0.0,,0.0,,0.0,,0.0
2023-04-27 21:00:34.75,1682600434750000000,,,,253.0,0.0,0.0,2238.5,1.0,2240.0,10.0,,0.0,,0.0,,0.0,1151.5,1.0,,0.0,,0.0,,0.0,,0.0
2023-04-27 21:00:35.0,1682600435000000000,,,,253.0,0.0,0.0,2238.5,1.0,,0.0,,0.0,,0.0,,0.0,1151.5,1.0,,0.0,,0.0,,0.0,,0.0
2023-04-27 21:00:35.25,1682600435250000000,,,,253.0,0.0,0.0,2238.0,10.0,2238.5,1.0,,0.0,,0.0,,0.0,1151.5,1.0,,0.0,,0.0,,0.0,,0.0
2023-04-27 21:00:35.75,1682600435750000000,,,,253.0,0.0,0.0,2238.0,10.0,,0.0,,0.0,,0.0,,0.0,1151.5,1.0,,0.0,,0.0,,0.0,,0.0
2023-04-27 21:00:37.75,1682600437750000000,,,,253.0,0.0,0.0,2236.5,1.0,2238.0,10.0,,0.0,,0.0,,0.0,1151.5,1.0,,0.0,,0.0,,0.0,,0.0
2023-04-27 21:00:38.0,1682600438000000000,,,,253.0,0.0,0.0,2236.5,1.0,,0.0,,0.0,,0.0,,0.0,1151.5,1.0,,0.0,,0.0,,0.0,,0.0
2023-04-27 21:00:38.25,1682600438250000000,,,,253.0,0.0,0.0,2236.0,10.0,2236.5,1.0,,0.0,,0.0,,0.0,1151.5,1.0,,0.0,,0.0,,0.0,,0.0
2023-04-27 21:00:38.75,1682600438750000000,,,,253.0,0.0,0.0,2236.0,10.0,,0.0,,0.0,,0.0,,0.0,1151.5,1.0,,0.0,,0.0,,0.0,,0.0
2023-04-27 21:00:39.75,1682600439750000000,,,,253.0,0.0,0.0,2234.5,1.0,2236.0,10.0,,0.0,,0.0,,0.0,1151.5,1.0,,0.0,,0.0,,0.0,,0.0
2023-04-27 21:00:40.0,1682600440000000000,,,,253.0,0.0,0.0,2234.5,1.0,,0.0,,0.0,,0.0,,0.0,1151.5,1.0,,0.0,,0.0,,0.0,,0.0
2023-04-27 21:00:40.25,1682600440250000000,,,,253.0,0.0,0.0,2234.0,10.0,2234.5,1.0,,0.0,,0.0,,0.0,1151.5,1.0,,0.0,,0.0,,0.0,,0.0
2023-04-27 21:00:40.75,1682600440750000000,,,,253.0,0.0,0.0,2234.0,10.0,,0.0,,0.0,,0.0,,0.0,1151.5,1.0,,0.0,,0.0,,0.0,,0.0
2023-04-27 21:00:45.0,1682600445000000000,,,,253.0,0.0,0.0,2232.5,1.0,2234.0,10.0,,0.0,,0.0,,0.0,1151.5,1.0,,0.0,,0.0,,0.0,,0.0
2023-04-27 21:00:45.25,1682600445250000000,,,,253.0,0.0,0.0,2232.5,1.0,,0.0,,0.0,,0.0,,0.0,1151.5,1.0,,0.0,,0.0,,0.0,,0.0
2023-04-27 21:00:45.5,1682600445500000000,,,,253.0,0.0,0.0,2232.0,10.0,2232.5,1.0,,0.0,,0.0,,0.0,1151.5,1.0,,0.0,,0.0,,0.0,,0.0
2023-04-27 21:00:45.75,1682600445750000000,,,,253.0,0.0,0.0,2232.0,10.0,,0.0,,0.0,,0.0,,0.0,1151.5,1.0,,0.0,,0.0,,0.0,,0.0
2023-04-27 21:00:46.75,1682600446750000000,,,,253.0,0.0,0.0,2230.5,1.0,2232.0,10.0,,0.0,,0.0,,0.0,1151.5,1.0,,0.0,,0.0,,0.0,,0.0
2023-04-27 21:00:47.0,1682600447000000000,,,,253.0,0.0,0.0,2230.5,1.0,,0.0,,0.0,,0.0,,0.0,1151.5,1.0,,0.0,,0.0,,0.0,,0.0
2023-04-27 21:00:47.25,1682600447250000000,,,,253.0,0.0,0.0,2230.0,10.0,2230.5,1.0,,0.0,,0.0,,0.0,1151.5,1.0,,0.0,,0.0,,0.0,,0.0
2023-04-27 21:00:47.75,1682600447750000000,,,,253.0,0.0,0.0,2228.5,1.0,2230.0,10.0,,0.0,,0.0,,0.0,1151.5,1.0,,0.0,,0.0,,0.0,,0.0
2023-04-27 21:00:48.0,1682600448000000000,,,,253.0,0.0,0.0,2228.5,1.0,,0.0,,0.0,,0.0,,0.0,1151.5,1.0,,0.0,,0.0,,0.0,,0.0
2023-04-27 21:00:48.25,1682600448250000000,,,,253.0,0.0,0.0,2228.0,10.0,2228.5,1.0,,0.0,,0.0,,0.0,1151.5,1.0,,0.0,,0.0,,0.0,,0.0
2023-04-27 21:00:48.75,1682600448750000000,,,,253.0,0.0,0.0,2226.5,1.0,2228.0,10.0,,0.0,,0.0,,0.0,1151.5,1.0,,0.0,,0.0,,0.0,,0.0
2023-04-27 21:00:49.0,1682600449000000000,,,,253.0,0.0,0.0,2226.5,1.0,,0.0,,0.0,,0.0,,0.0,1151.5,1.0,,0.0,,0.0,,0.0,,0.0
2023-04-27 21:00:49.25,1682600449250000000,,,,253.0,0.0,0.0,2226.0,10.0,2226.5,1.0,,0.0,,0.0,,0.0,1151.5,1.0,,0.0,,0.0,,0.0,,0.0
2023-04-27 21:00:49.75,1682600449750000000,,,,253.0,0.0,0.0,2224.5,1.0,2226.0,10.0,,0.0,,0.0,,0.0,1151.5,1.0,,0.0,,0.0,,0.0,,0.0
2023-04-27 21:00:50.0,1682600450000000000,,,,253.0,0.0,0.0,2224.5,1.0,,0.0,,0.0,,0.0,,0.0,1151.5,1.0,,0.0,,0.0,,0.0,,0.0
2023-04-27 21:00:50.25,1682600450250000000,,,,253.0,0.0,0.0,2224.0,10.0,2224.5,1.0,,0.0,,0.0,,0.0,1151.5,1.0,,0.0,,0.0,,0.0,,0.0
2023-04-27 21:00:50.75,1682600450750000000,,,,253.0,0.0,0.0,2224.0,10.0,,0.0,,0.0,,0.0,,0.0,1151.5,1.0,,0.0,,0.0,,0.0,,0.0
2023-04-27 21:00:53.75,1682600453750000000,,,,253.0,0.0,0.0,2222.5,1.0,2224.0,10.0,,0.0,,0.0,,0.0,1151.5,1.0,,0.0,,0.0,,0.0,,0.0
2023-04-27 21:00:54.0,1682600454000000000,,,,253.0,0.0,0.0,2222.5,1.0,,0.0,,0.0,,0.0,,0.0,1151.5,1.0,,0.0,,0.0,,0.0,,0.0
2023-04-27 21:00:54.25,1682600454250000000,,,,253.0,0.0,0.0,2222.0,10.0,2222.5,1.0,,0.0,,0.0,,0.0,1151.5,1.0,,0.0,,0.0,,0.0,,0.0
2023-04-27 21:00:54.75,1682600454750000000,,,,253.0,0.0,0.0,2220.5,1.0,2222.0,10.0,,0.0,,0.0,,0.0,1151.5,1.0,,0.0,,0.0,,0.0,,0.0
2023-04-27 21:00:55.0,1682600455000000000,,,,253.0,0.0,0.0,2220.5,1.0,,0.0,,0.0,,0.0,,0.0,1151.5,1.0,,0.0,,0.0,,0.0,,0.0
2023-04-27 21:00:55.25,1682600455250000000,,,,253.0,0.0,0.0,2220.0,10.0,2220.5,1.0,,0.0,,0.0,,0.0,1151.5,1.0,,0.0,,0.0,,0.0,,0.0
2023-04-27 21:00:55.75,1682600455750000000,,,,253.0,0.0,0.0,2220.0,10.0,,0.0,,0.0,,0.0,,0.0,1151.5,1.0,,0.0,,0.0,,0.0,,0.0
2023-04-27 21:00:58.75,1682600458750000000,,,,253.0,0.0,0.0,2218.5,1.0,2220.0,10.0,,0.0,,0.0,,0.0,1151.5,1.0,,0.0,,0.0,,0.0,,0.0
2023-04-27 21:00:59.0,1682600459000000000,,,,253.0,0.0,0.0,2218.5,1.0,,0.0,,0.0,,0.0,,0.0,1151.5,1.0,,0.0,,0.0,,0.0,,0.0
2023-04-27 21:00:59.25,1682600459250000000,,,,253.0,0.0,0.0,2218.0,10.0,2218.5,1.0,,0.0,,0.0,,0.0,1151.5,1.0,,0.0,,0.0,,0.0,,0.0
2023-04-27 21:00:59.75,1682600459750000000,,,,253.0,0.0,0.0,2216.5,1.0,2218.0,10.0,,0.0,,0.0,,0.0,1151.5,1.0,,0.0,,0.0,,0.0,,0.0
2023-04-27 21:01:00.0,1682600460000000000,,,,253.0,0.0,0.0,2216.5,1.0,,0.0,,0.0,,0.0,,0.0,1151.5,1.0,,0.0,,0.0,,0.0,,0.0
2023-04-27 21:01:00.25,1682600460250000000,,,,253.0,0.0,0.0,2216.0,10.0,2216.5,1.0,,0.0,,0.0,,0.0,1151.5,1.0,,0.0,,0.0,,0.0,,0.0
2023-04-27 21:01:00.75,1682600460750000000,,,,253.0,0.0,0.0,2214.5,1.0,2216.0,10.0,,0.0,,0.0,,0.0,1151.5,1.0,,0.0,,0.0,,0.0,,0.0
2023-04-27 21:01:01.0,1682600461000000000,,,,253.0,0.0,0.0,2214.5,1.0,,0.0,,0.0,,0.0,,0.0,1151.5,1.0,,0.0,,0.0,,0.0,,0.0
2023-04-27 21:01:01.25,1682600461250000000,,,,253.0,0.0,0.0,2214.0,10.0,2214.5,1.0,,0.0,,0.0,,0.0,1151.5,1.0,,0.0,,0.0,,0.0,,0.0
2023-04-27 21:01:01.75,1682600461750000000,,,,253.0,0.0,0.0,2214.0,10.0,,0.0,,0.0,,0.0,,0.0,1151.5,1.0,,0.0,,0.0,,0.0,,0.0
2023-04-27 21:01:05.75,1682600465750000000,,,,253.0,0.0,0.0,2212.5,1.0,2214.0,10.0,,0.0,,0.0,,0.0,1151.5,1.0,,0.0,,0.0,,0.0,,0.0
2023-04-27 21:01:06.0,1682600466000000000,,,,253.0,0.0,0.0,2212.5,1.0,,0.0,,0.0,,0.0,,0.0,1151.5,1.0,,0.0,,0.0,,0.0,,0.0
2023-04-27 21:01:06.25,1682600466250000000,,,,253.0,0.0,0.0,2212.0,10.0,2212.5,1.0,,0.0,,0.0,,0.0,1151.5,1.0,,0.0,,0.0,,0.0,,0.0
2023-04-27 21:01:06.75,1682600466750000000,,,,253.0,0.0,0.0,2212.0,10.0,,0.0,,0.0,,0.0,,0.0,1151.5,1.0,,0.0,,0.0,,0.0,,0.0
2023-04-27 21:01:08.75,1682600468750000000,,,,253.0,0.0,0.0,2210.5,1.0,2212.0,10.0,,0.0,,0.0,,0.0,1151.5,1.0,,0.0,,0.0,,0.0,,0.0
2023-04-27 21:01:09.0,1682600469000000000,,,,253.0,0.0,0.0,2210.5,1.0,,0.0,,0.0,,0.0,,0.0,1151.5,1.0,,0.0,,0.0,,0.0,,0.0
2023-04-27 21:01:09.25,1682600469250000000,,,,253.0,0.0,0.0,2210.0,10.0,2210.5,1.0,,0.0,,0.0,,0.0,1151.5,1.0,,0.0,,0.0,,0.0,,0.0
2023-04-27 21:01:09.75,1682600469750000000,,,,253.0,0.0,0.0,2208.5,1.0,2210.0,10.0,,0.0,,0.0,,0.0,1151.5,1.0,,0.0,,0.0,,0.0,,0.0
2023-04-27 21:01:10.0,1682600470000000000,,,,253.0,0.0,0.0,2208.5,1.0,,0.0,,0.0,,0.0,,0.0,1151.5,1.0,,0.0,,0.0,,0.0,,0.0
2023-04-27 21:01:10.25,1682600470250000000,,,,253.0,0.0,0.0,2208.0,10.0,2208.5,1.0,,0.0,,0.0,,0.0,1151.5,1.0,,0.0,,0.0,,0.0,,0.0
2023-04-27 21:01:10.75,1682600470750000000,,,,253.0,0.0,0.0,2206.5,1.0,2208.0,10.0,,0.0,,0.0,,0.0,1151.5,1.0,,0.0,,0.0,,0.0,,0.0
2023-04-27 21:01:11.0,1682600471000000000,,,,253.0,0.0,0.0,2206.5,1.0,,0.0,,0.0,,0.0,,0.0,1151.5,1.0,,0.0,,0.0,,0.0,,0.0
2023-04-27 21:01:11.25,1682600471250000000,,,,253.0,0.0,0.0,2206.0,10.0,2206.5,1.0,,0.0,,0.0,,0.0,1151.5,1.0,,0.0,,0.0,,0.0,,0.0
2023-04-27 21:01:11.75,1682600471750000000,,,,253.0,0.0,0.0,2204.5,1.0,2206.0,10.0,,0.0,,0.0,,0.0,1151.5,1.0,,0.0,,0.0,,0.0,,0.0
2023-04-27 21:01:12.0,1682600472000000000,,,,253.0,0.0,0.0,2204.5,1.0,,0.0,,0.0,,0.0,,0.0,1151.5,1.0,,0.0,,0.0,,0.0,,0.0
2023-04-27 21:01:12.25,1682600472250000000,,,,253.0,0.0,0.0,2204.0,10.0,2204.5,1.0,,0.0,,0.0,,0.0,1151.5,1.0,,0.0,,0.0,,0.0,,0.0
2023-04-27 21:01:12.75,1682600472750000000,,,,253.0,0.0,0.0,2204.0,10.0,,0.0,,0.0,,0.0,,0.0,1151.5,1.0,,0.0,,0.0,,0.0,,0.0
2023-04-27 21:01:14.75,1682600474750000000,,,,253.0,0.0,0.0,2202.5,1.0,2204.0,10.0,,0.0,,0.0,,0.0,1151.5,1.0,,0.0,,0.0,,0.0,,0.0
2023-04-27 21:01:15.0,1682600475000000000,,,,253.0,0.0,0.0,2202.5,1.0,,0.0,,0.0,,0.0,,0.0,1151.5,1.0,,0.0,,0.0,,0.0,,0.0
2023-04-27 21:01:15.25,1682600475250000000,,,,253.0,0.0,0.0,2202.0,10.0,2202.5,1.0,,0.0,,0.0,,0.0,1151.5,1.0,,0.0,,0.0,,0.0,,0.0
2023-04-27 21:01:15.75,1682600475750000000,,,,253.0,0.0,0.0,2200.5,1.0,2202.0,10.0,,0.0,,0.0,,0.0,1151.5,1.0,,0.0,,0.0,,0.0,,0.0
2023-04-27 21:01:16.0,1682600476000000000,,,,253.0,0.0,0.0,2200.5,1.0,,0.0,,0.0,,0.0,,0.0,1151.5,1.0,,0.0,,0.0,,0.0,,0.0
2023-04-27 21:01:16.25,1682600476250000000,,,,253.0,0.0,0.0,2200.0,10.0,2200.5,1.0,,0.0,,0.0,,0.0,1151.5,1.0,,0.0,,0.0,,0.0,,0.0
2023-04-27 21:01:16.75,1682600476750000000,,,,253.0,0.0,0.0,2198.5,1.0,2200.0,10.0,,0.0,,0.0,,0.0,1151.5,1.0,,0.0,,0.0,,0.0,,0.0
2023-04-27 21:01:17.0,1682600477000000000,,,,253.0,0.0,0.0,2198.5,1.0,,0.0,,0.0,,0.0,,0.0,1151.5,1.0,,0.0,,0.0,,0.0,,0.0
2023-04-27 21:01:17.25,1682600477250000000,,,,253.0,0.0,0.0,2198.0,10.0,2198.5,1.0,,0.0,,0.0,,0.0,1151.5,1.0,,0.0,,0.0,,0.0,,0.0
2023-04-27 21:01:17.75,1682600477750000000,,,,253.0,0.0,0.0,2196.5,1.0,2198.0,10.0,,0.0,,0.0,,0.0,1151.5,1.0,,0.0,,0.0,,0.0,,0.0
2023-04-27 21:01:18.0,1682600478000000000,,,,253.0,0.0,0.0,2196.5,1.0,,0.0,,0.0,,0.0,,0.0,1151.5,1.0,,0.0,,0.0,,0.0,,0.0
2023-04-27 21:01:18.25,1682600478250000000,,,,253.0,0.0,0.0,2196.0,10.0,2196.5,1.0,,0.0,,0.0,,0.0,1151.5,1.0,,0.0,,0.0,,0.0,,0.0
2023-04-27 21:01:19.0,1682600479000000000,,,,253.0,0.0,0.0,2194.5,1.0,2196.0,10.0,,0.0,,0.0,,0.0,1151.5,1.0,,0.0,,0.0,,0.0,,0.0
2023-04-27 21:01:19.25,1682600479250000000,,,,253.0,0.0,0.0,2194.5,1.0,,0.0,,0.0,,0.0,,0.0,1151.5,1.0,,0.0,,0.0,,0.0,,0.0
2023-04-27 21:01:19.5,1682600479500000000,,,,253.0,0.0,0.0,2194.0,10.0,2194.5,1.0,,0.0,,0.0,,0.0,1151.5,1.0,,0.0,,0.0,,0.0,,0.0
2023-04-27 21:01:20.0,1682600480000000000,,,,253.0,0.0,0.0,2192.5,1.0,2194.0,10.0,,0.0,,0.0,,0.0,1151.5,1.0,,0.0,,0.0,,0.0,,0.0
2023-04-27 21:01:20.25,1682600480250000000,,,,253.0,0.0,0.0,2192.5,1.0,,0.0,,0.0,,0.0,,0.0,1151.5,1.0,,0.0,,0.0,,0.0,,0.0
2023-04-27 21:01:20.5,1682600480500000000,,,,253.0,0.0,0.0,2192.0,10.0,2192.5,1.0,,0.0,,0.0,,0.0,1151.5,1.0,,0.0,,0.0,,0.0,,0.0
2023-04-27 21:01:21.0,1682600481000000000,,,,253.0,0.0,0.0,2192.0,10.0,,0.0,,0.0,,0.0,,0.0,1151.5,1.0,,0.0,,0.0,,0.0,,0.0
2023-04-27 21:01:23.0,1682600483000000000,,,,253.0,0.0,0.0,2190.5,1.0,2192.0,10.0,,0.0,,0.0,,0.0,1151.5,1.0,,0.0,,0.0,,0.0,,0.0
2023-04-27 21:01:23.25,1682600483250000000,,,,253.0,0.0,0.0,2190.5,1.0,,0.0,,0.0,,0.0,,0.0,1151.5,1.0,,0.0,,0.0,,0.0,,0.0
2023-04-27 21:01:23.5,1682600483500000000,,,,253.0,0.0,0.0,2190.0,10.0,2190.5,1.0,,0.0,,0.0,,0.0,1151.5,1.0,,0.0,,0.0,,0.0,,0.0
2023-04-27 21:01:24.0,1682600484000000000,,,,253.0,0.0,0.0,2188.5,1.0,2190.0,10.0,,0.0,,0.0,,0.0,1151.5,1.0,,0.0,,0.0,,0.0,,0.0
2023-04-27 21:01:24.25,1682600484250000000,,,,253.0,0.0,0.0,2188.5,1.0,,0.0,,0.0,,0.0,,0.0,1151.5,1.0,,0.0,,0.0,,0.0,,0.0
2023-04-27 21:01:24.5,1682600484500000000,,,,253.0,0.0,0.0,2188.0,10.0,2188.5,1.0,,0.0,,0.0,,0.0,1151.5,1.0,,0.0,,0.0,,0.0,,0.0
2023-04-27 21:01:25.0,1682600485000000000,,,,253.0,0.0,0.0,2186.5,1.0,2188.0,10.0,,0.0,,0.0,,0.0,1151.5,1.0,,0.0,,0.0,,0.0,,0.0
2023-04-27 21:01:25.25,1682600485250000000,,,,253.0,0.0,0.0,2186.5,1.0,,0.0,,0.0,,0.0,,0.0,1151.5,1.0,,0.0,,0.0,,0.0,,0.0
2023-04-27 21:01:25.5,1682600485500000000,,,,253.0,0.0,0.0,2186.0,10.0,2186.5,1.0,,0.0,,0.0,,0.0,1151.5,1.0,,0.0,,0.0,,0.0,,0.0
2023-04-27 21:01:26.0,1682600486000000000,,,,253.0,0.0,0.0,2184.5,1.0,2186.0,10.0,,0.0,,0.0,,0.0,1151.5,1.0,,0.0,,0.0,,0.0,,0.0
2023-04-27 21:01:26.25,1682600486250000000,,,,253.0,0.0,0.0,2184.5,1.0,,0.0,,0.0,,0.0,,0.0,1151.5,1.0,,0.0,,0.0,,0.0,,0.0
2023-04-27 21:01:26.5,1682600486500000000,,,,253.0,0.0,0.0,2184.0,10.0,2184.5,1.0,,0.0,,0.0,,0.0,1151.5,1.0,,0.0,,0.0,,0.0,,0.0
2023-04-27 21:01:27.0,1682600487000000000,,,,253.0,0.0,0.0,2182.5,1.0,2184.0,10.0,,0.0,,0.0,,0.0,1151.5,1.0,,0.0,,0.0,,0.0,,0.0
2023-04-27 21:01:27.25,1682600487250000000,,,,253.0,0.0,0.0,2182.5,1.0,,0.0,,0.0,,0.0,,0.0,1151.5,1.0,,0.0,,0.0,,0.0,,0.0
2023-04-27 21:01:27.5,1682600487500000000,,,,253.0,0.0,0.0,2182.0,10.0,2182.5,1.0,,0.0,,0.0,,0.0,1151.5,1.0,,0.0,,0.0,,0.0,,0.0
2023-04-27 21:01:28.0,1682600488000000000,,,,253.0,0.0,0.0,2180.5,1.0,2182.0,10.0,,0.0,,0.0,,0.0,1151.5,1.0,,0.0,,0.0,,0.0,,0.0
2023-04-27 21:01:28.25,1682600488250000000,,,,253.0,0.0,0.0,2180.5,1.0,,0.0,,0.0,,0.0,,0.0,1151.5,1.0,,0.0,,0.0,,0.0,,0.0
2023-04-27 21:01:28.5,1682600488500000000,,,,253.0,0.0,0.0,2180.0,10.0,2180.5,1.0,,0.0,,0.0,,0.0,1151.5,1.0,,0.0,,0.0,,0.0,,0.0
2023-04-27 21:01:29.0,1682600489000000000,,,,253.0,0.0,0.0,2180.0,10.0,,0.0,,0.0,,0.0,,0.0,1151.5,1.0,,0.0,,0.0,,0.0,,0.0
2023-04-27 21:01:30.0,1682600490000000000,,,,253.0,0.0,0.0,2178.5,1.0,2180.0,10.0,,0.0,,0.0,,0.0,1151.5,1.0,,0.0,,0.0,,0.0,,0.0
2023-04-27 21:01:30.25,1682600490250000000,,,,253.0,0.0,0.0,2178.0,10.0,2178.5,1.0,,0.0,,0.0,,0.0,1151.5,1.0,,0.0,,0.0,,0.0,,0.0
2023-04-27 21:01:30.5,1682600490500000000,,,,253.0,0.0,0.0,2178.0,10.0,,0.0,,0.0,,0.0,,0.0,1151.5,1.0,,0.0,,0.0,,0.0,,0.0
2023-04-27 21:01:33.5,1682600493500000000,,,,253.0,0.0,0.0,2176.5,1.0,2178.0,10.0,,0.0,,0.0,,0.0,1151.5,1.0,,0.0,,0.0,,0.0,,0.0
2023-04-27 21:01:33.75,1682600493750000000,,,,253.0,0.0,0.0,2176.5,1.0,,0.0,,0.0,,0.0,,0.0,1151.5,1.0,,0.0,,0.0,,0.0,,0.0
2023-04-27 21:01:34.0,1682600494000000000,,,,253.0,0.0,0.0,2176.0,10.0,2176.5,1.0,,0.0,,0.0,,0.0,1151.5,1.0,,0.0,,0.0,,0.0,,0.0
2023-04-27 21:01:34.5,1682600494500000000,,,,253.0,0.0,0.0,2176.0,10.0,,0.0,,0.0,,0.0,,0.0,1151.5,1.0,,0.0,,0.0,,0.0,,0.0
2023-04-27 21:01:37.75,1682600497750000000,,,,253.0,0.0,0.0,2174.5,1.0,2176.0,10.0,,0.0,,0.0,,0.0,1151.5,1.0,,0.0,,0.0,,0.0,,0.0
2023-04-27 21:01:38.0,1682600498000000000,,,,253.0,0.0,0.0,2174.5,1.0,,0.0,,0.0,,0.0,,0.0,1151.5,1.0,,0.0,,0.0,,0.0,,0.0
2023-04-27 21:01:38.25,1682600498250000000,,,,253.0,0.0,0.0,2174.0,10.0,2174.5,1.0,,0.0,,0.0,,0.0,1151.5,1.0,,0.0,,0.0,,0.0,,0.0
2023-04-27 21:01:38.5,1682600498500000000,,,,253.0,0.0,0.0,2174.0,10.0,,0.0,,0.0,,0.0,,0.0,1151.5,1.0,,0.0,,0.0,,0.0,,0.0
2023-04-27 21:01:40.5,1682600500500000000,,,,253.0,0.0,0.0,2172.5,1.0,2174.0,10.0,,0.0,,0.0,,0.0,1151.5,1.0,,0.0,,0.0,,0.0,,0.0
2023-04-27 21:01:40.75,1682600500750000000,,,,253.0,0.0,0.0,2172.5,1.0,,0.0,,0.0,,0.0,,0.0,1151.5,1.0,,0.0,,0.0,,0.0,,0.0
2023-04-27 21:01:41.0,1682600501000000000,,,,253.0,0.0,0.0,2172.0,10.0,2172.5,1.0,,0.0,,0.0,,0.0,1151.5,1.0,,0.0,,0.0,,0.0,,0.0
2023-04-27 21:01:41.5,1682600501500000000,,,,253.0,0.0,0.0,2170.5,1.0,2172.0,10.0,,0.0,,0.0,,0.0,1151.5,1.0,,0.0,,0.0,,0.0,,0.0
2023-04-27 21:01:41.75,1682600501750000000,,,,253.0,0.0,0.0,2170.5,1.0,,0.0,,0.0,,0.0,,0.0,1151.5,1.0,,0.0,,0.0,,0.0,,0.0
2023-04-27 21:01:42.0,1682600502000000000,,,,253.0,0.0,0.0,2170.0,10.0,2170.5,1.0,,0.0,,0.0,,0.0,1151.5,1.0,,0.0,,0.0,,0.0,,0.0
2023-04-27 21:01:42.5,1682600502500000000,,,,253.0,0.0,0.0,2170.0,10.0,,0.0,,0.0,,0.0,,0.0,1151.5,1.0,,0.0,,0.0,,0.0,,0.0
2023-04-27 21:01:46.5,1682600506500000000,,,,253.0,0.0,0.0,2168.5,1.0,2170.0,10.0,,0.0,,0.0,,0.0,1151.5,1.0,,0.0,,0.0,,0.0,,0.0
2023-04-27 21:01:46.75,1682600506750000000,,,,253.0,0.0,0.0,2168.5,1.0,,0.0,,0.0,,0.0,,0.0,1151.5,1.0,,0.0,,0.0,,0.0,,0.0
2023-04-27 21:01:47.0,1682600507000000000,,,,253.0,0.0,0.0,2168.0,10.0,2168.5,1.0,,0.0,,0.0,,0.0,1151.5,1.0,,0.0,,0.0,,0.0,,0.0
2023-04-27 21:01:47.5,1682600507500000000,,,,253.0,0.0,0.0,2166.5,1.0,2168.0,10.0,,0.0,,0.0,,0.0,1151.5,1.0,,0.0,,0.0,,0.0,,0.0
2023-04-27 21:01:47.75,1682600507750000000,,,,253.0,0.0,0.0,2166.5,1.0,,0.0,,0.0,,0.0,,0.0,1151.5,1.0,,0.0,,0.0,,0.0,,0.0
2023-04-27 21:01:48.0,1682600508000000000,,,,253.0,0.0,0.0,2166.0,10.0,2166.5,1.0,,0.0,,0.0,,0.0,1151.5,1.0,,0.0,,0.0,,0.0,,0.0
2023-04-27 21:01:48.5,1682600508500000000,,,,253.0,0.0,0.0,2166.0,10.0,,0.0,,0.0,,0.0,,0.0,1151.5,1.0,,0.0,,0.0,,0.0,,0.0
2023-04-27 21:01:50.5,1682600510500000000,,,,253.0,0.0,0.0,2164.5,1.0,2166.0,10.0,,0.0,,0.0,,0.0,1151.5,1.0,,0.0,,0.0,,0.0,,0.0
2023-04-27 21:01:50.75,1682600510750000000,,,,253.0,0.0,0.0,2164.5,1.0,,0.0,,0.0,,0.0,,0.0,1151.5,1.0,,0.0,,0.0,,0.0,,0.0
2023-04-27 21:01:51.0,1682600511000000000,,,,253.0,0.0,0.0,2164.0,10.0,2164.5,1.0,,0.0,,0.0,,0.0,1151.5,1.0,,0.0,,0.0,,0.0,,0.0
2023-04-27 21:01:51.5,1682600511500000000,,,,253.0,0.0,0.0,2162.5,1.0,2164.0,10.0,,0.0,,0.0,,0.0,1151.5,1.0,,0.0,,0.0,,0.0,,0.0
2023-04-27 21:01:51.75,1682600511750000000,,,,253.0,0.0,0.0,2162.5,1.0,,0.0,,0.0,,0.0,,0.0,1151.5,1.0,,0.0,,0.0,,0.0,,0.0
2023-04-27 21:01:52.0,1682600512000000000,,,,253.0,0.0,0.0,2162.0,10.0,2162.5,1.0,,0.0,,0.0,,0.0,1151.5,1.0,,0.0,,0.0,,0.0,,0.0
2023-04-27 21:01:52.5,1682600512500000000,,,,253.0,0.0,0.0,2160.5,1.0,2162.0,10.0,,0.0,,0.0,,0.0,1151.5,1.0,,0.0,,0.0,,0.0,,0.0
2023-04-27 21:01:52.75,1682600512750000000,,,,253.0,0.0,0.0,2160.5,1.0,,0.0,,0.0,,0.0,,0.0,1151.5,1.0,,0.0,,0.0,,0.0,,0.0
2023-04-27 21:01:53.0,1682600513000000000,,,,253.0,0.0,0.0,2160.0,10.0,2160.5,1.0,,0.0,,0.0,,0.0,1151.5,1.0,,0.0,,0.0,,0.0,,0.0
2023-04-27 21:01:53.5,1682600513500000000,,,,253.0,0.0,0.0,2160.0,10.0,,0.0,,0.0,,0.0,,0.0,1151.5,1.0,,0.0,,0.0,,0.0,,0.0
2023-04-27 21:01:56.5,1682600516500000000,,,,253.0,0.0,0.0,2158.5,1.0,2160.0,10.0,,0.0,,0.0,,0.0,1151.5,1.0,,0.0,,0.0,,0.0,,0.0
2023-04-27 21:01:56.75,1682600516750000000,,,,253.0,0.0,0.0,2158.5,1.0,,0.0,,0.0,,0.0,,0.0,1151.5,1.0,,0.0,,0.0,,0.0,,0.0
2023-04-27 21:01:57.0,1682600517000000000,,,,253.0,0.0,0.0,2158.0,10.0,2158.5,1.0,,0.0,,0.0,,0.0,1151.5,1.0,,0.0,,0.0,,0.0,,0.0
2023-04-27 21:01:57.5,1682600517500000000,,,,253.0,0.0,0.0,2156.5,1.0,2158.0,10.0,,0.0,,0.0,,0.0,1151.5,1.0,,0.0,,0.0,,0.0,,0.0
2023-04-27 21:01:57.75,1682600517750000000,,,,253.0,0.0,0.0,2156.5,1.0,,0.0,,0.0,,0.0,,0.0,1151.5,1.0,,0.0,,0.0,,0.0,,0.0
2023-04-27 21:01:58.0,1682600518000000000,,,,253.0,0.0,0.0,2156.0,10.0,2156.5,1.0,,0.0,,0.0,,0.0,1151.5,1.0,,0.0,,0.0,,0.0,,0.0
2023-04-27 21:01:58.5,1682600518500000000,,,,253.0,0.0,0.0,2156.0,10.0,,0.0,,0.0,,0.0,,0.0,1151.5,1.0,,0.0,,0.0,,0.0,,0.0
2023-04-27 21:02:02.5,1682600522500000000,,,,253.0,0.0,0.0,2154.5,1.0,2156.0,10.0,,0.0,,0.0,,0.0,1151.5,1.0,,0.0,,0.0,,0.0,,0.0
2023-04-27 21:02:02.75,1682600522750000000,,,,253.0,0.0,0.0,2154.5,1.0,,0.0,,0.0,,0.0,,0.0,1151.5,1.0,,0.0,,0.0,,0.0,,0.0
2023-04-27 21:02:03.0,1682600523000000000,,,,253.0,0.0,0.0,2154.0,10.0,2154.5,1.0,,0.0,,0.0,,0.0,1151.5,1.0,,0.0,,0.0,,0.0,,0.0
2023-04-27 21:02:03.5,1682600523500000000,,,,253.0,0.0,0.0,2152.5,1.0,2154.0,10.0,,0.0,,0.0,,0.0,1151.5,1.0,,0.0,,0.0,,0.0,,0.0
2023-04-27 21:02:03.75,1682600523750000000,,,,253.0,0.0,0.0,2152.5,1.0,,0.0,,0.0,,0.0,,0.0,1151.5,1.0,,0.0,,0.0,,0.0,,0.0
2023-04-27 21:02:04.0,1682600524000000000,,,,253.0,0.0,0.0,2152.0,10.0,2152.5,1.0,,0.0,,0.0,,0.0,1151.5,1.0,,0.0,,0.0,,0.0,,0.0
2023-04-27 21:02:04.5,1682600524500000000,,,,253.0,0.0,0.0,2152.0,10.0,,0.0,,0.0,,0.0,,0.0,1151.5,1.0,,0.0,,0.0,,0.0,,0.0
2023-04-27 21:02:06.5,1682600526500000000,,,,253.0,0.0,0.0,2150.5,1.0,2152.0,10.0,,0.0,,0.0,,0.0,1151.5,1.0,,0.0,,0.0,,0.0,,0.0
2023-04-27 21:02:06.75,1682600526750000000,,,,253.0,0.0,0.0,2150.5,1.0,,0.0,,0.0,,0.0,,0.0,1151.5,1.0,,0.0,,0.0,,0.0,,0.0
2023-04-27 21:02:07.0,1682600527000000000,,,,253.0,0.0,0.0,2150.0,10.0,2150.5,1.0,,0.0,,0.0,,0.0,1151.5,1.0,,0.0,,0.0,,0.0,,0.0
2023-04-27 21:02:07.5,1682600527500000000,,,,253.0,0.0,0.0,2150.0,10.0,,0.0,,0.0,,0.0,,0.0,1151.5,1.0,,0.0,,0.0,,0.0,,0.0
2023-04-27 21:02:12.5,1682600532500000000,,,,253.0,0.0,0.0,2148.5,1.0,2150.0,10.0,,0.0,,0.0,,0.0,1151.5,1.0,,0.0,,0.0,,0.0,,0.0
2023-04-27 21:02:12.75,1682600532750000000,,,,253.0,0.0,0.0,2148.5,1.0,,0.0,,0.0,,0.0,,0.0,1151.5,1.0,,0.0,,0.0,,0.0,,0.0
2023-04-27 21:02:13.0,1682600533000000000,,,,253.0,0.0,0.0,2148.0,10.0,2148.5,1.0,,0.0,,0.0,,0.0,1151.5,1.0,,0.0,,0.0,,0.0,,0.0
2023-04-27 21:02:13.5,1682600533500000000,,,,253.0,0.0,0.0,2148.0,10.0,,0.0,,0.0,,0.0,,0.0,1151.5,1.0,,0.0,,0.0,,0.0,,0.0
2023-04-27 21:02:18.5,1682600538500000000,,,,253.0,0.0,0.0,2146.5,1.0,2148.0,10.0,,0.0,,0.0,,0.0,1151.5,1.0,,0.0,,0.0,,0.0,,0.0
2023-04-27 21:02:18.75,1682600538750000000,,,,253.0,0.0,0.0,2146.5,1.0,,0.0,,0.0,,0.0,,0.0,1151.5,1.0,,0.0,,0.0,,0.0,,0.0
2023-04-27 21:02:19.0,1682600539000000000,,,,253.0,0.0,0.0,2146.0,10.0,2146.5,1.0,,0.0,,0.0,,0.0,1151.5,1.0,,0.0,,0.0,,0.0,,0.0
2023-04-27 21:02:19.5,1682600539500000000,,,,253.0,0.0,0.0,2144.5,1.0,2146.0,10.0,,0.0,,0.0,,0.0,1151.5,1.0,,0.0,,0.0,,0.0,,0.0
2023-04-27 21:02:19.75,1682600539750000000,,,,253.0,0.0,0.0,2144.5,1.0,,0.0,,0.0,,0.0,,0.0,1151.5,1.0,,0.0,,0.0,,0.0,,0.0
2023-04-27 21:02:20.0,1682600540000000000,,,,253.0,0.0,0.0,2144.0,10.0,2144.5,1.0,,0.0,,0.0,,0.0,1151.5,1.0,,0.0,,0.0,,0.0,,0.0
2023-04-27 21:02:20.5,1682600540500000000,,,,253.0,0.0,0.0,2144.0,10.0,,0.0,,0.0,,0.0,,0.0,1151.5,1.0,,0.0,,0.0,,0.0,,0.0
2023-04-27 21:02:22.5,1682600542500000000,,,,253.0,0.0,0.0,2142.5,1.0,2144.0,10.0,,0.0,,0.0,,0.0,1151.5,1.0,,0.0,,0.0,,0.0,,0.0
2023-04-27 21:02:22.75,1682600542750000000,,,,253.0,0.0,0.0,2142.5,1.0,,0.0,,0.0,,0.0,,0.0,1151.5,1.0,,0.0,,0.0,,0.0,,0.0
2023-04-27 21:02:23.0,1682600543000000000,,,,253.0,0.0,0.0,2142.0,10.0,2142.5,1.0,,0.0,,0.0,,0.0,1151.5,1.0,,0.0,,0.0,,0.0,,0.0
2023-04-27 21:02:23.5,1682600543500000000,,,,253.0,0.0,0.0,2140.5,1.0,2142.0,10.0,,0.0,,0.0,,0.0,1151.5,1.0,,0.0,,0.0,,0.0,,0.0
2023-04-27 21:02:23.75,1682600543750000000,,,,253.0,0.0,0.0,2140.5,1.0,,0.0,,0.0,,0.0,,0.0,1151.5,1.0,,0.0,,0.0,,0.0,,0.0
2023-04-27 21:02:24.0,1682600544000000000,,,,253.0,0.0,0.0,2140.0,10.0,2140.5,1.0,,0.0,,0.0,,0.0,1151.5,1.0,,0.0,,0.0,,0.0,,0.0
2023-04-27 21:02:24.5,1682600544500000000,,,,253.0,0.0,0.0,2138.5,1.0,2140.0,10.0,,0.0,,0.0,,0.0,1151.5,1.0,,0.0,,0.0,,0.0,,0.0
2023-04-27 21:02:24.75,1682600544750000000,,,,253.0,0.0,0.0,2138.5,1.0,,0.0,,0.0,,0.0,,0.0,1151.5,1.0,,0.0,,0.0,,0.0,,0.0
2023-04-27 21:02:25.0,1682600545000000000,,,,253.0,0.0,0.0,2138.0,10.0,2138.5,1.0,,0.0,,0.0,,0.0,1151.5,1.0,,0.0,,0.0,,0.0,,0.0
2023-04-27 21:02:25.5,1682600545500000000,,,,253.0,0.0,0.0,2136.5,1.0,2138.0,10.0,,0.0,,0.0,,0.0,1151.5,1.0,,0.0,,0.0,,0.0,,0.0
2023-04-27 21:02:25.75,1682600545750000000,,,,253.0,0.0,0.0,2136.5,1.0,,0.0,,0.0,,0.0,,0.0,1151.5,1.0,,0.0,,0.0,,0.0,,0.0
2023-04-27 21:02:26.0,1682600546000000000,,,,253.0,0.0,0.0,2136.0,10.0,2136.5,1.0,,0.0,,0.0,,0.0,1151.5,1.0,,0.0,,0.0,,0.0,,0.0
2023-04-27 21:02:26.5,1682600546500000000,,,,253.0,0.0,0.0,2134.5,1.0,2136.0,10.0,,0.0,,0.0,,0.0,1151.5,1.0,,0.0,,0.0,,0.0,,0.0
2023-04-27 21:02:26.75,1682600546750000000,,,,253.0,0.0,0.0,2134.5,1.0,,0.0,,0.0,,0.0,,0.0,1151.5,1.0,,0.0,,0.0,,0.0,,0.0
2023-04-27 21:02:27.0,1682600547000000000,,,,253.0,0.0,0.0,2134.0,10.0,2134.5,1.0,,0.0,,0.0,,0.0,1151.5,1.0,,0.0,,0.0,,0.0,,0.0
2023-04-27 21:02:27.5,1682600547500000000,,,,253.0,0.0,0.0,2134.0,10.0,,0.0,,0.0,,0.0,,0.0,1151.5,1.0,,0.0,,0.0,,0.0,,0.0
2023-04-27 21:02:34.75,1682600554750000000,,,,253.0,0.0,0.0,2132.5,1.0,2134.0,10.0,,0.0,,0.0,,0.0,1151.5,1.0,,0.0,,0.0,,0.0,,0.0
2023-04-27 21:02:35.0,1682600555000000000,,,,253.0,0.0,0.0,2132.5,1.0,,0.0,,0.0,,0.0,,0.0,1151.5,1.0,,0.0,,0.0,,0.0,,0.0
2023-04-27 21:02:35.25,1682600555250000000,,,,253.0,0.0,0.0,2132.0,10.0,2132.5,1.0,,0.0,,0.0,,0.0,1151.5,1.0,,0.0,,0.0,,0.0,,0.0
2023-04-27 21:02:35.5,1682600555500000000,,,,253.0,0.0,0.0,2132.0,10.0,,0.0,,0.0,,0.0,,0.0,1151.5,1.0,,0.0,,0.0,,0.0,,0.0
2023-04-27 21:02:40.5,1682600560500000000,,,,253.0,0.0,0.0,2130.5,1.0,2132.0,10.0,,0.0,,0.0,,0.0,1151.5,1.0,,0.0,,0.0,,0.0,,0.0
2023-04-27 21:02:40.75,1682600560750000000,,,,253.0,0.0,0.0,2130.5,1.0,,0.0,,0.0,,0.0,,0.0,1151.5,1.0,,0.0,,0.0,,0.0,,0.0
2023-04-27 21:02:41.0,1682600561000000000,,,,253.0,0.0,0.0,2130.0,10.0,2130.5,1.0,,0.0,,0.0,,0.0,1151.5,1.0,,0.0,,0.0,,0.0,,0.0
2023-04-27 21:02:41.5,1682600561500000000,,,,253.0,0.0,0.0,2130.0,10.0,,0.0,,0.0,,0.0,,0.0,1151.5,1.0,,0.0,,0.0,,0.0,,0.0
2023-04-27 21:02:45.5,1682600565500000000,,,,253.0,0.0,0.0,2128.5,1.0,2130.0,10.0,,0.0,,0.0,,0.0,1151.5,1.0,,0.0,,0.0,,0.0,,0.0
2023-04-27 21:02:45.75,1682600565750000000,,,,253.0,0.0,0.0,2128.5,1.0,,0.0,,0.0,,0.0,,0.0,1151.5,1.0,,0.0,,0.0,,0.0,,0.0
2023-04-27 21:02:46.0,1682600566000000000,,,,253.0,0.0,0.0,2128.0,10.0,2128.5,1.0,,0.0,,0.0,,0.0,1151.5,1.0,,0.0,,0.0,,0.0,,0.0
2023-04-27 21:02:46.5,1682600566500000000,,,,253.0,0.0,0.0,2126.5,1.0,2128.0,10.0,,0.0,,0.0,,0.0,1151.5,1.0,,0.0,,0.0,,0.0,,0.0
2023-04-27 21:02:46.75,1682600566750000000,,,,253.0,0.0,0.0,2126.5,1.0,,0.0,,0.0,,0.0,,0.0,1151.5,1.0,,0.0,,0.0,,0.0,,0.0
2023-04-27 21:02:47.0,1682600567000000000,,,,253.0,0.0,0.0,2126.0,10.0,2126.5,1.0,,0.0,,0.0,,0.0,1151.5,1.0,,0.0,,0.0,,0.0,,0.0
2023-04-27 21:02:47.5,1682600567500000000,,,,253.0,0.0,0.0,2126.0,10.0,,0.0,,0.0,,0.0,,0.0,1151.5,1.0,,0.0,,0.0,,0.0,,0.0
2023-04-27 21:02:53.5,1682600573500000000,,,,253.0,0.0,0.0,2124.5,1.0,2126.0,10.0,,0.0,,0.0,,0.0,1151.5,1.0,,0.0,,0.0,,0.0,,0.0
2023-04-27 21:02:53.75,1682600573750000000,,,,253.0,0.0,0.0,2124.5,1.0,,0.0,,0.0,,0.0,,0.0,1151.5,1.0,,0.0,,0.0,,0.0,,0.0
2023-04-27 21:02:54.0,1682600574000000000,,,,253.0,0.0,0.0,2124.0,10.0,2124.5,1.0,,0.0,,0.0,,0.0,1151.5,1.0,,0.0,,0.0,,0.0,,0.0
2023-04-27 21:02:54.5,1682600574500000000,,,,253.0,0.0,0.0,2124.0,10.0,,0.0,,0.0,,0.0,,0.0,1151.5,1.0,,0.0,,0.0,,0.0,,0.0
2023-04-27 21:02:57.5,1682600577500000000,,,,253.0,0.0,0.0,2122.5,1.0,2124.0,10.0,,0.0,,0.0,,0.0,1151.5,1.0,,0.0,,0.0,,0.0,,0.0
2023-04-27 21:02:57.75,1682600577750000000,,,,253.0,0.0,0.0,2122.5,1.0,,0.0,,0.0,,0.0,,0.0,1151.5,1.0,,0.0,,0.0,,0.0,,0.0
2023-04-27 21:02:58.0,1682600578000000000,,,,253.0,0.0,0.0,2122.0,10.0,2122.5,1.0,,0.0,,0.0,,0.0,1151.5,1.0,,0.0,,0.0,,0.0,,0.0
2023-04-27 21:02:58.5,1682600578500000000,,,,253.0,0.0,0.0,2120.5,1.0,2122.0,10.0,,0.0,,0.0,,0.0,1151.5,1.0,,0.0,,0.0,,0.0,,0.0
2023-04-27 21:02:58.75,1682600578750000000,,,,253.0,0.0,0.0,2120.5,1.0,,0.0,,0.0,,0.0,,0.0,1151.5,1.0,,0.0,,0.0,,0.0,,0.0
2023-04-27 21:02:59.0,1682600579000000000,,,,253.0,0.0,0.0,2120.0,10.0,2120.5,1.0,,0.0,,0.0,,0.0,1151.5,1.0,,0.0,,0.0,,0.0,,0.0
2023-04-27 21:02:59.5,1682600579500000000,,,,253.0,0.0,0.0,2118.5,1.0,2120.0,10.0,,0.0,,0.0,,0.0,1151.5,1.0,,0.0,,0.0,,0.0,,0.0
2023-04-27 21:02:59.75,1682600579750000000,,,,253.0,0.0,0.0,2118.5,1.0,,0.0,,0.0,,0.0,,0.0,1151.5,1.0,,0.0,,0.0,,0.0,,0.0
2023-04-27 21:03:00.0,1682600580000000000,,,,253.0,0.0,0.0,2118.0,10.0,2118.5,1.0,,0.0,,0.0,,0.0,1151.5,1.0,,0.0,,0.0,,0.0,,0.0
2023-04-27 21:03:00.5,1682600580500000000,,,,253.0,0.0,0.0,2118.0,10.0,,0.0,,0.0,,0.0,,0.0,1151.5,1.0,,0.0,,0.0,,0.0,,0.0
2023-04-27 21:03:06.5,1682600586500000000,,,,253.0,0.0,0.0,2116.5,1.0,2118.0,10.0,,0.0,,0.0,,0.0,1151.5,1.0,,0.0,,0.0,,0.0,,0.0
2023-04-27 21:03:06.75,1682600586750000000,,,,253.0,0.0,0.0,2116.5,1.0,,0.0,,0.0,,0.0,,0.0,1151.5,1.0,,0.0,,0.0,,0.0,,0.0
2023-04-27 21:03:07.0,1682600587000000000,,,,253.0,0.0,0.0,2116.0,10.0,2116.5,1.0,,0.0,,0.0,,0.0,1151.5,1.0,,0.0,,0.0,,0.0,,0.0
2023-04-27 21:03:07.5,1682600587500000000,,,,253.0,0.0,0.0,2114.5,1.0,2116.0,10.0,,0.0,,0.0,,0.0,1151.5,1.0,,0.0,,0.0,,0.0,,0.0
2023-04-27 21:03:07.75,1682600587750000000,,,,253.0,0.0,0.0,2114.5,1.0,,0.0,,0.0,,0.0,,0.0,1151.5,1.0,,0.0,,0.0,,0.0,,0.0
2023-04-27 21:03:08.0,1682600588000000000,,,,253.0,0.0,0.0,2114.0,10.0,2114.5,1.0,,0.0,,0.0,,0.0,1151.5,1.0,,0.0,,0.0,,0.0,,0.0
2023-04-27 21:03:08.5,1682600588500000000,,,,253.0,0.0,0.0,2112.5,1.0,2114.0,10.0,,0.0,,0.0,,0.0,1151.5,1.0,,0.0,,0.0,,0.0,,0.0
2023-04-27 21:03:08.75,1682600588750000000,,,,253.0,0.0,0.0,2112.5,1.0,,0.0,,0.0,,0.0,,0.0,1151.5,1.0,,0.0,,0.0,,0.0,,0.0
2023-04-27 21:03:09.0,1682600589000000000,,,,253.0,0.0,0.0,2112.0,10.0,2112.5,1.0,,0.0,,0.0,,0.0,1151.5,1.0,,0.0,,0.0,,0.0,,0.0
2023-04-27 21:03:09.5,1682600589500000000,,,,253.0,0.0,0.0,2112.0,10.0,,0.0,,0.0,,0.0,,0.0,1151.5,1.0,,0.0,,0.0,,0.0,,0.0
2023-04-27 21:03:18.5,1682600598500000000,,,,253.0,0.0,0.0,2110.5,1.0,2112.0,10.0,,0.0,,0.0,,0.0,1151.5,1.0,,0.0,,0.0,,0.0,,0.0
2023-04-27 21:03:18.75,1682600598750000000,,,,253.0,0.0,0.0,2110.5,1.0,,0.0,,0.0,,0.0,,0.0,1151.5,1.0,,0.0,,0.0,,0.0,,0.0
2023-04-27 21:03:19.0,1682600599000000000,,,,253.0,0.0,0.0,2110.0,10.0,2110.5,1.0,,0.0,,0.0,,0.0,1151.5,1.0,,0.0,,0.0,,0.0,,0.0
2023-04-27 21:03:19.5,1682600599500000000,,,,253.0,0.0,0.0,2108.5,1.0,2110.0,10.0,,0.0,,0.0,,0.0,1151.5,1.0,,0.0,,0.0,,0.0,,0.0
2023-04-27 21:03:19.75,1682600599750000000,,,,253.0,0.0,0.0,2108.5,1.0,,0.0,,0.0,,0.0,,0.0,1151.5,1.0,,0.0,,0.0,,0.0,,0.0
2023-04-27 21:03:20.0,1682600600000000000,,,,253.0,0.0,0.0,2108.0,10.0,2108.5,1.0,,0.0,,0.0,,0.0,1151.5,1.0,,0.0,,0.0,,0.0,,0.0
2023-04-27 21:03:20.5,1682600600500000000,,,,253.0,0.0,0.0,2106.5,1.0,2108.0,10.0,,0.0,,0.0,,0.0,1151.5,1.0,,0.0,,0.0,,0.0,,0.0
2023-04-27 21:03:20.75,1682600600750000000,,,,253.0,0.0,0.0,2106.5,1.0,,0.0,,0.0,,0.0,,0.0,1151.5,1.0,,0.0,,0.0,,0.0,,0.0
2023-04-27 21:03:21.0,1682600601000000000,,,,253.0,0.0,0.0,2106.0,10.0,2106.5,1.0,,0.0,,0.0,,0.0,1151.5,1.0,,0.0,,0.0,,0.0,,0.0
2023-04-27 21:03:21.5,1682600601500000000,,,,253.0,0.0,0.0,2104.5,1.0,2106.0,10.0,,0.0,,0.0,,0.0,1151.5,1.0,,0.0,,0.0,,0.0,,0.0
2023-04-27 21:03:21.75,1682600601750000000,,,,253.0,0.0,0.0,2104.5,1.0,,0.0,,0.0,,0.0,,0.0,1151.5,1.0,,0.0,,0.0,,0.0,,0.0
2023-04-27 21:03:22.0,1682600602000000000,,,,253.0,0.0,0.0,2104.0,10.0,2104.5,1.0,,0.0,,0.0,,0.0,1151.5,1.0,,0.0,,0.0,,0.0,,0.0
2023-04-27 21:03:22.5,1682600602500000000,,,,253.0,0.0,0.0,2102.5,1.0,2104.0,10.0,,0.0,,0.0,,0.0,1151.5,1.0,,0.0,,0.0,,0.0,,0.0
2023-04-27 21:03:22.75,1682600602750000000,,,,253.0,0.0,0.0,2102.5,1.0,,0.0,,0.0,,0.0,,0.0,1151.5,1.0,,0.0,,0.0,,0.0,,0.0
2023-04-27 21:03:23.0,1682600603000000000,,,,253.0,0.0,0.0,2102.0,10.0,2102.5,1.0,,0.0,,0.0,,0.0,1151.5,1.0,,0.0,,0.0,,0.0,,0.0
2023-04-27 21:03:23.5,1682600603500000000,,,,253.0,0.0,0.0,2100.5,1.0,2102.0,10.0,,0.0,,0.0,,0.0,1151.5,1.0,,0.0,,0.0,,0.0,,0.0
2023-04-27 21:03:23.75,1682600603750000000,,,,253.0,0.0,0.0,2100.5,1.0,,0.0,,0.0,,0.0,,0.0,1151.5,1.0,,0.0,,0.0,,0.0,,0.0
2023-04-27 21:03:24.0,1682600604000000000,,,,253.0,0.0,0.0,2100.0,10.0,2100.5,1.0,,0.0,,0.0,,0.0,1151.5,1.0,,0.0,,0.0,,0.0,,0.0
2023-04-27 21:03:24.5,1682600604500000000,,,,253.0,0.0,0.0,2100.0,10.0,,0.0,,0.0,,0.0,,0.0,1151.5,1.0,,0.0,,0.0,,0.0,,0.0
2023-04-27 21:03:25.5,1682600605500000000,,,,253.0,0.0,0.0,2098.5,1.0,2100.0,10.0,,0.0,,0.0,,0.0,1151.5,1.0,,0.0,,0.0,,0.0,,0.0
2023-04-27 21:03:25.75,1682600605750000000,,,,253.0,0.0,0.0,2098.5,1.0,,0.0,,0.0,,0.0,,0.0,1151.5,1.0,,0.0,,0.0,,0.0,,0.0
2023-04-27 21:03:26.0,1682600606000000000,,,,253.0,0.0,0.0,2098.0,10.0,2098.5,1.0,,0.0,,0.0,,0.0,1151.5,1.0,,0.0,,0.0,,0.0,,0.0
2023-04-27 21:03:26.5,1682600606500000000,,,,253.0,0.0,0.0,2096.5,1.0,2098.0,10.0,,0.0,,0.0,,0.0,1151.5,1.0,,0.0,,0.0,,0.0,,0.0
2023-04-27 21:03:26.75,1682600606750000000,,,,253.0,0.0,0.0,2096.5,1.0,,0.0,,0.0,,0.0,,0.0,1151.5,1.0,,0.0,,0.0,,0.0,,0.0
2023-04-27 21:03:27.0,1682600607000000000,,,,253.0,0.0,0.0,2096.0,10.0,2096.5,1.0,,0.0,,0.0,,0.0,1151.5,1.0,,0.0,,0.0,,0.0,,0.0
2023-04-27 21:03:27.5,1682600607500000000,,,,253.0,0.0,0.0,2096.0,10.0,,0.0,,0.0,,0.0,,0.0,1151.5,1.0,,0.0,,0.0,,0.0,,0.0
2023-04-27 21:03:33.5,1682600613500000000,,,,253.0,0.0,0.0,2094.5,1.0,2096.0,10.0,,0.0,,0.0,,0.0,1151.5,1.0,,0.0,,0.0,,0.0,,0.0
2023-04-27 21:03:33.75,1682600613750000000,,,,253.0,0.0,0.0,2094.5,1.0,,0.0,,0.0,,0.0,,0.0,1151.5,1.0,,0.0,,0.0,,0.0,,0.0
2023-04-27 21:03:34.0,1682600614000000000,,,,253.0,0.0,0.0,2094.0,10.0,2094.5,1.0,,0.0,,0.0,,0.0,1151.5,1.0,,0.0,,0.0,,0.0,,0.0
2023-04-27 21:03:34.5,1682600614500000000,,,,253.0,0.0,0.0,2094.0,10.0,,0.0,,0.0,,0.0,,0.0,1151.5,1.0,,0.0,,0.0,,0.0,,0.0
2023-04-27 21:03:36.5,1682600616500000000,,,,253.0,0.0,0.0,2092.5,1.0,2094.0,10.0,,0.0,,0.0,,0.0,1151.5,1.0,,0.0,,0.0,,0.0,,0.0
2023-04-27 21:03:36.75,1682600616750000000,,,,253.0,0.0,0.0,2092.5,1.0,,0.0,,0.0,,0.0,,0.0,1151.5,1.0,,0.0,,0.0,,0.0,,0.0
2023-04-27 21:03:37.0,1682600617000000000,,,,253.0,0.0,0.0,2092.0,10.0,2092.5,1.0,,0.0,,0.0,,0.0,1151.5,1.0,,0.0,,0.0,,0.0,,0.0
2023-04-27 21:03:37.5,1682600617500000000,,,,253.0,0.0,0.0,2092.0,10.0,,0.0,,0.0,,0.0,,0.0,1151.5,1.0,,0.0,,0.0,,0.0,,0.0
2023-04-27 21:03:41.5,1682600621500000000,,,,253.0,0.0,0.0,2090.5,1.0,2092.0,10.0,,0.0,,0.0,,0.0,1151.5,1.0,,0.0,,0.0,,0.0,,0.0
2023-04-27 21:03:41.75,1682600621750000000,,,,253.0,0.0,0.0,2090.5,1.0,,0.0,,0.0,,0.0,,0.0,1151.5,1.0,,0.0,,0.0,,0.0,,0.0
2023-04-27 21:03:42.0,1682600622000000000,,,,253.0,0.0,0.0,2090.0,10.0,2090.5,1.0,,0.0,,0.0,,0.0,1151.5,1.0,,0.0,,0.0,,0.0,,0.0
2023-04-27 21:03:42.5,1682600622500000000,,,,253.0,0.0,0.0,2088.5,1.0,2090.0,10.0,,0.0,,0.0,,0.0,1151.5,1.0,,0.0,,0.0,,0.0,,0.0
2023-04-27 21:03:42.75,1682600622750000000,,,,253.0,0.0,0.0,2088.5,1.0,,0.0,,0.0,,0.0,,0.0,1151.5,1.0,,0.0,,0.0,,0.0,,0.0
2023-04-27 21:03:43.0,1682600623000000000,,,,253.0,0.0,0.0,2088.0,10.0,2088.5,1.0,,0.0,,0.0,,0.0,1151.5,1.0,,0.0,,0.0,,0.0,,0.0
2023-04-27 21:03:43.5,1682600623500000000,,,,253.0,0.0,0.0,2086.5,1.0,2088.0,10.0,,0.0,,0.0,,0.0,1151.5,1.0,,0.0,,0.0,,0.0,,0.0
2023-04-27 21:03:43.75,1682600623750000000,,,,253.0,0.0,0.0,2086.5,1.0,,0.0,,0.0,,0.0,,0.0,1151.5,1.0,,0.0,,0.0,,0.0,,0.0
2023-04-27 21:03:44.0,1682600624000000000,,,,253.0,0.0,0.0,2086.0,10.0,2086.5,1.0,,0.0,,0.0,,0.0,1151.5,1.0,,0.0,,0.0,,0.0,,0.0
2023-04-27 21:03:44.5,1682600624500000000,,,,253.0,0.0,0.0,2086.0,10.0,,0.0,,0.0,,0.0,,0.0,1151.5,1.0,,0.0,,0.0,,0.0,,0.0
2023-04-27 21:03:53.75,1682600633750000000,,,,253.0,0.0,0.0,2084.5,1.0,2086.0,10.0,,0.0,,0.0,,0.0,1151.5,1.0,,0.0,,0.0,,0.0,,0.0
2023-04-27 21:03:54.0,1682600634000000000,,,,253.0,0.0,0.0,2084.5,1.0,,0.0,,0.0,,0.0,,0.0,1151.5,1.0,,0.0,,0.0,,0.0,,0.0
2023-04-27 21:03:54.25,1682600634250000000,,,,253.0,0.0,0.0,2084.0,10.0,2084.5,1.0,,0.0,,0.0,,0.0,1151.5,1.0,,0.0,,0.0,,0.0,,0.0
2023-04-27 21:03:54.5,1682600634500000000,,,,253.0,0.0,0.0,2084.0,10.0,,0.0,,0.0,,0.0,,0.0,1151.5,1.0,,0.0,,0.0,,0.0,,0.0
2023-04-27 21:03:59.5,1682600639500000000,,,,253.0,0.0,0.0,2082.5,1.0,2084.0,10.0,,0.0,,0.0,,0.0,1151.5,1.0,,0.0,,0.0,,0.0,,0.0
2023-04-27 21:03:59.75,1682600639750000000,,,,253.0,0.0,0.0,2082.5,1.0,,0.0,,0.0,,0.0,,0.0,1151.5,1.0,,0.0,,0.0,,0.0,,0.0
2023-04-27 21:04:00.0,1682600640000000000,,,,253.0,0.0,0.0,2082.0,10.0,2082.5,1.0,,0.0,,0.0,,0.0,1151.5,1.0,,0.0,,0.0,,0.0,,0.0
2023-04-27 21:04:00.5,1682600640500000000,,,,253.0,0.0,0.0,2080.5,1.0,2082.0,10.0,,0.0,,0.0,,0.0,1151.5,1.0,,0.0,,0.0,,0.0,,0.0
2023-04-27 21:04:00.75,1682600640750000000,,,,253.0,0.0,0.0,2080.5,1.0,,0.0,,0.0,,0.0,,0.0,1151.5,1.0,,0.0,,0.0,,0.0,,0.0
2023-04-27 21:04:01.0,1682600641000000000,,,,253.0,0.0,0.0,2080.0,10.0,2080.5,1.0,,0.0,,0.0,,0.0,1151.5,1.0,,0.0,,0.0,,0.0,,0.0
2023-04-27 21:04:01.5,1682600641500000000,,,,253.0,0.0,0.0,2080.0,10.0,,0.0,,0.0,,0.0,,0.0,1151.5,1.0,,0.0,,0.0,,0.0,,0.0
2023-04-27 21:04:06.5,1682600646500000000,,,,253.0,0.0,0.0,2078.5,1.0,2080.0,10.0,,0.0,,0.0,,0.0,1151.5,1.0,,0.0,,0.0,,0.0,,0.0
2023-04-27 21:04:06.75,1682600646750000000,,,,253.0,0.0,0.0,2078.5,1.0,,0.0,,0.0,,0.0,,0.0,1151.5,1.0,,0.0,,0.0,,0.0,,0.0
2023-04-27 21:04:07.0,1682600647000000000,,,,253.0,0.0,0.0,2078.0,10.0,2078.5,1.0,,0.0,,0.0,,0.0,1151.5,1.0,,0.0,,0.0,,0.0,,0.0
2023-04-27 21:04:07.5,1682600647500000000,,,,253.0,0.0,0.0,2078.0,10.0,,0.0,,0.0,,0.0,,0.0,1151.5,1.0,,0.0,,0.0,,0.0,,0.0
2023-04-27 21:04:08.75,1682600648750000000,,,,253.0,0.0,0.0,2076.5,1.0,2078.0,10.0,,0.0,,0.0,,0.0,1151.5,1.0,,0.0,,0.0,,0.0,,0.0
2023-04-27 21:04:09.0,1682600649000000000,,,,253.0,0.0,0.0,2076.5,1.0,,0.0,,0.0,,0.0,,0.0,1151.5,1.0,,0.0,,0.0,,0.0,,0.0
2023-04-27 21:04:09.25,1682600649250000000,,,,253.0,0.0,0.0,2076.0,10.0,2076.5,1.0,,0.0,,0.0,,0.0,1151.5,1.0,,0.0,,0.0,,0.0,,0.0
2023-04-27 21:04:09.5,1682600649500000000,,,,253.0,0.0,0.0,2076.0,10.0,,0.0,,0.0,,0.0,,0.0,1151.5,1.0,,0.0,,0.0,,0.0,,0.0
2023-04-27 21:04:11.5,1682600651500000000,,,,253.0,0.0,0.0,2074.5,1.0,2076.0,10.0,,0.0,,0.0,,0.0,1151.5,1.0,,0.0,,0.0,,0.0,,0.0
2023-04-27 21:04:11.75,1682600651750000000,,,,253.0,0.0,0.0,2074.5,1.0,,0.0,,0.0,,0.0,,0.0,1151.5,1.0,,0.0,,0.0,,0.0,,0.0
2023-04-27 21:04:12.0,1682600652000000000,,,,253.0,0.0,0.0,2074.0,10.0,2074.5,1.0,,0.0,,0.0,,0.0,1151.5,1.0,,0.0,,0.0,,0.0,,0.0
2023-04-27 21:04:12.5,1682600652500000000,,,,253.0,0.0,0.0,2072.5,1.0,2074.0,10.0,,0.0,,0.0,,0.0,1151.5,1.0,,0.0,,0.0,,0.0,,0.0
2023-04-27 21:04:12.75,1682600652750000000,,,,253.0,0.0,0.0,2072.5,1.0,,0.0,,0.0,,0.0,,0.0,1151.5,1.0,,0.0,,0.0,,0.0,,0.0
2023-04-27 21:04:13.0,1682600653000000000,,,,253.0,0.0,0.0,2072.0,10.0,2072.5,1.0,,0.0,,0.0,,0.0,1151.5,1.0,,0.0,,0.0,,0.0,,0.0
2023-04-27 21:04:13.5,1682600653500000000,,,,253.0,0.0,0.0,2070.5,1.0,2072.0,10.0,,0.0,,0.0,,0.0,1151.5,1.0,,0.0,,0.0,,0.0,,0.0
2023-04-27 21:04:13.75,1682600653750000000,,,,253.0,0.0,0.0,2070.5,1.0,,0.0,,0.0,,0.0,,0.0,1151.5,1.0,,0.0,,0.0,,0.0,,0.0
2023-04-27 21:04:14.0,1682600654000000000,,,,253.0,0.0,0.0,2070.0,10.0,2070.5,1.0,,0.0,,0.0,,0.0,1151.5,1.0,,0.0,,0.0,,0.0,,0.0
2023-04-27 21:04:14.5,1682600654500000000,,,,253.0,0.0,0.0,2070.0,10.0,,0.0,,0.0,,0.0,,0.0,1151.5,1.0,,0.0,,0.0,,0.0,,0.0
2023-04-27 21:04:18.5,1682600658500000000,,,,253.0,0.0,0.0,2068.5,1.0,2070.0,10.0,,0.0,,0.0,,0.0,1151.5,1.0,,0.0,,0.0,,0.0,,0.0
2023-04-27 21:04:18.75,1682600658750000000,,,,253.0,0.0,0.0,2068.5,1.0,,0.0,,0.0,,0.0,,0.0,1151.5,1.0,,0.0,,0.0,,0.0,,0.0
2023-04-27 21:04:19.0,1682600659000000000,,,,253.0,0.0,0.0,2068.0,10.0,2068.5,1.0,,0.0,,0.0,,0.0,1151.5,1.0,,0.0,,0.0,,0.0,,0.0
2023-04-27 21:04:19.5,1682600659500000000,,,,253.0,0.0,0.0,2068.0,10.0,,0.0,,0.0,,0.0,,0.0,1151.5,1.0,,0.0,,0.0,,0.0,,0.0
2023-04-27 21:04:23.5,1682600663500000000,,,,253.0,0.0,0.0,2066.5,1.0,2068.0,10.0,,0.0,,0.0,,0.0,1151.5,1.0,,0.0,,0.0,,0.0,,0.0
2023-04-27 21:04:23.75,1682600663750000000,,,,253.0,0.0,0.0,2066.5,1.0,,0.0,,0.0,,0.0,,0.0,1151.5,1.0,,0.0,,0.0,,0.0,,0.0
2023-04-27 21:04:24.0,1682600664000000000,,,,253.0,0.0,0.0,2066.0,10.0,2066.5,1.0,,0.0,,0.0,,0.0,1151.5,1.0,,0.0,,0.0,,0.0,,0.0
2023-04-27 21:04:24.5,1682600664500000000,,,,253.0,0.0,0.0,2066.0,10.0,,0.0,,0.0,,0.0,,0.0,1151.5,1.0,,0.0,,0.0,,0.0,,0.0
2023-04-27 21:04:27.75,1682600667750000000,,,,253.0,0.0,0.0,2064.5,1.0,2066.0,10.0,,0.0,,0.0,,0.0,1151.5,1.0,,0.0,,0.0,,0.0,,0.0
2023-04-27 21:04:28.0,1682600668000000000,,,,253.0,0.0,0.0,2064.5,1.0,,0.0,,0.0,,0.0,,0.0,1151.5,1.0,,0.0,,0.0,,0.0,,0.0
2023-04-27 21:04:28.25,1682600668250000000,,,,253.0,0.0,0.0,2064.0,10.0,2064.5,1.0,,0.0,,0.0,,0.0,1151.5,1.0,,0.0,,0.0,,0.0,,0.0
2023-04-27 21:04:28.5,1682600668500000000,,,,253.0,0.0,0.0,2064.0,10.0,,0.0,,0.0,,0.0,,0.0,1151.5,1.0,,0.0,,0.0,,0.0,,0.0
2023-04-27 21:04:30.5,1682600670500000000,,,,253.0,0.0,0.0,2062.5,1.0,2064.0,10.0,,0.0,,0.0,,0.0,1151.5,1.0,,0.0,,0.0,,0.0,,0.0
2023-04-27 21:04:30.75,1682600670750000000,,,,253.0,0.0,0.0,2062.5,1.0,,0.0,,0.0,,0.0,,0.0,1151.5,1.0,,0.0,,0.0,,0.0,,0.0
2023-04-27 21:04:31.0,1682600671000000000,,,,253.0,0.0,0.0,2062.0,10.0,2062.5,1.0,,0.0,,0.0,,0.0,1151.5,1.0,,0.0,,0.0,,0.0,,0.0
2023-04-27 21:04:31.5,1682600671500000000,,,,253.0,0.0,0.0,2062.0,10.0,,0.0,,0.0,,0.0,,0.0,1151.5,1.0,,0.0,,0.0,,0.0,,0.0
2023-04-27 21:04:33.5,1682600673500000000,,,,253.0,0.0,0.0,2060.5,1.0,2062.0,10.0,,0.0,,0.0,,0.0,1151.5,1.0,,0.0,,0.0,,0.0,,0.0
2023-04-27 21:04:33.75,1682600673750000000,,,,253.0,0.0,0.0,2060.5,1.0,,0.0,,0.0,,0.0,,0.0,1151.5,1.0,,0.0,,0.0,,0.0,,0.0
2023-04-27 21:04:34.0,1682600674000000000,,,,253.0,0.0,0.0,2060.0,10.0,2060.5,1.0,,0.0,,0.0,,0.0,1151.5,1.0,,0.0,,0.0,,0.0,,0.0
2023-04-27 21:04:34.75,1682600674750000000,,,,253.0,0.0,0.0,2060.0,10.0,,0.0,,0.0,,0.0,,0.0,1151.5,1.0,,0.0,,0.0,,0.0,,0.0
2023-04-27 21:04:35.75,1682600675750000000,,,,253.0,0.0,0.0,2058.5,1.0,2060.0,10.0,,0.0,,0.0,,0.0,1151.5,1.0,,0.0,,0.0,,0.0,,0.0
2023-04-27 21:04:36.0,1682600676000000000,,,,253.0,0.0,0.0,2058.5,1.0,,0.0,,0.0,,0.0,,0.0,1151.5,1.0,,0.0,,0.0,,0.0,,0.0
2023-04-27 21:04:36.25,1682600676250000000,,,,253.0,0.0,0.0,2058.0,10.0,2058.5,1.0,,0.0,,0.0,,0.0,1151.5,1.0,,0.0,,0.0,,0.0,,0.0
2023-04-27 21:04:36.5,1682600676500000000,,,,253.0,0.0,0.0,2058.0,10.0,,0.0,,0.0,,0.0,,0.0,1151.5,1.0,,0.0,,0.0,,0.0,,0.0
2023-04-27 21:04:40.5,1682600680500000000,,,,253.0,0.0,0.0,2056.5,1.0,2058.0,10.0,,0.0,,0.0,,0.0,1151.5,1.0,,0.0,,0.0,,0.0,,0.0
2023-04-27 21:04:40.75,1682600680750000000,,,,253.0,0.0,0.0,2056.5,1.0,,0.0,,0.0,,0.0,,0.0,1151.5,1.0,,0.0,,0.0,,0.0,,0.0
2023-04-27 21:04:41.0,1682600681000000000,,,,253.0,0.0,0.0,2056.0,10.0,2056.5,1.0,,0.0,,0.0,,0.0,1151.5,1.0,,0.0,,0.0,,0.0,,0.0
2023-04-27 21:04:41.5,1682600681500000000,,,,253.0,0.0,0.0,2054.5,1.0,2056.0,10.0,,0.0,,0.0,,0.0,1151.5,1.0,,0.0,,0.0,,0.0,,0.0
2023-04-27 21:04:41.75,1682600681750000000,,,,253.0,0.0,0.0,2054.5,1.0,,0.0,,0.0,,0.0,,0.0,1151.5,1.0,,0.0,,0.0,,0.0,,0.0
2023-04-27 21:04:42.0,1682600682000000000,,,,253.0,0.0,0.0,2054.0,10.0,2054.5,1.0,,0.0,,0.0,,0.0,1151.5,1.0,,0.0,,0.0,,0.0,,0.0
2023-04-27 21:04:42.5,1682600682500000000,,,,253.0,0.0,0.0,2054.0,10.0,,0.0,,0.0,,0.0,,0.0,1151.5,1.0,,0.0,,0.0,,0.0,,0.0
2023-04-27 21:04:49.5,1682600689500000000,,,,253.0,0.0,0.0,2052.5,1.0,2054.0,10.0,,0.0,,0.0,,0.0,1151.5,1.0,,0.0,,0.0,,0.0,,0.0
2023-04-27 21:04:49.75,1682600689750000000,,,,253.0,0.0,0.0,2052.5,1.0,,0.0,,0.0,,0.0,,0.0,1151.5,1.0,,0.0,,0.0,,0.0,,0.0
2023-04-27 21:04:50.0,1682600690000000000,,,,253.0,0.0,0.0,2052.0,10.0,2052.5,1.0,,0.0,,0.0,,0.0,1151.5,1.0,,0.0,,0.0,,0.0,,0.0
2023-04-27 21:04:50.5,1682600690500000000,,,,253.0,0.0,0.0,2050.5,1.0,2052.0,10.0,,0.0,,0.0,,0.0,1151.5,1.0,,0.0,,0.0,,0.0,,0.0
2023-04-27 21:04:50.75,1682600690750000000,,,,253.0,0.0,0.0,2050.5,1.0,,0.0,,0.0,,0.0,,0.0,1151.5,1.0,,0.0,,0.0,,0.0,,0.0
2023-04-27 21:04:51.0,1682600691000000000,,,,253.0,0.0,0.0,2050.0,10.0,2050.5,1.0,,0.0,,0.0,,0.0,1151.5,1.0,,0.0,,0.0,,0.0,,0.0
2023-04-27 21:04:51.5,1682600691500000000,,,,253.0,0.0,0.0,2048.5,1.0,2050.0,10.0,,0.0,,0.0,,0.0,1151.5,1.0,,0.0,,0.0,,0.0,,0.0
2023-04-27 21:04:51.75,1682600691750000000,,,,253.0,0.0,0.0,2048.5,1.0,,0.0,,0.0,,0.0,,0.0,1151.5,1.0,,0.0,,0.0,,0.0,,0.0
2023-04-27 21:04:52.0,1682600692000000000,,,,253.0,0.0,0.0,2048.0,10.0,2048.5,1.0,,0.0,,0.0,,0.0,1151.5,1.0,,0.0,,0.0,,0.0,,0.0
2023-04-27 21:04:52.5,1682600692500000000,,,,253.0,0.0,0.0,2048.0,10.0,,0.0,,0.0,,0.0,,0.0,1151.5,1.0,,0.0,,0.0,,0.0,,0.0
2023-04-27 21:04:56.5,1682600696500000000,,,,253.0,0.0,0.0,2046.5,1.0,2048.0,10.0,,0.0,,0.0,,0.0,1151.5,1.0,,0.0,,0.0,,0.0,,0.0
2023-04-27 21:04:56.75,1682600696750000000,,,,253.0,0.0,0.0,2046.5,1.0,,0.0,,0.0,,0.0,,0.0,1151.5,1.0,,0.0,,0.0,,0.0,,0.0
2023-04-27 21:04:57.0,1682600697000000000,,,,253.0,0.0,0.0,2046.0,10.0,2046.5,1.0,,0.0,,0.0,,0.0,1151.5,1.0,,0.0,,0.0,,0.0,,0.0
2023-04-27 21:04:57.5,1682600697500000000,,,,253.0,0.0,0.0,2046.0,10.0,,0.0,,0.0,,0.0,,0.0,1151.5,1.0,,0.0,,0.0,,0.0,,0.0
2023-04-27 21:04:59.5,1682600699500000000,,,,253.0,0.0,0.0,2044.5,1.0,2046.0,10.0,,0.0,,0.0,,0.0,1151.5,1.0,,0.0,,0.0,,0.0,,0.0
2023-04-27 21:04:59.75,1682600699750000000,,,,253.0,0.0,0.0,2044.5,1.0,,0.0,,0.0,,0.0,,0.0,1151.5,1.0,,0.0,,0.0,,0.0,,0.0
2023-04-27 21:05:00.0,1682600700000000000,,,,253.0,0.0,0.0,2044.0,10.0,2044.5,1.0,,0.0,,0.0,,0.0,1151.5,1.0,,0.0,,0.0,,0.0,,0.0
2023-04-27 21:05:00.5,1682600700500000000,,,,253.0,0.0,0.0,2044.0,10.0,,0.0,,0.0,,0.0,,0.0,1151.5,1.0,,0.0,,0.0,,0.0,,0.0
2023-04-27 21:05:02.5,1682600702500000000,,,,253.0,0.0,0.0,2042.5,1.0,2044.0,10.0,,0.0,,0.0,,0.0,1151.5,1.0,,0.0,,0.0,,0.0,,0.0
2023-04-27 21:05:02.75,1682600702750000000,,,,253.0,0.0,0.0,2042.5,1.0,,0.0,,0.0,,0.0,,0.0,1151.5,1.0,,0.0,,0.0,,0.0,,0.0
2023-04-27 21:05:03.0,1682600703000000000,,,,253.0,0.0,0.0,2042.0,10.0,2042.5,1.0,,0.0,,0.0,,0.0,1151.5,1.0,,0.0,,0.0,,0.0,,0.0
2023-04-27 21:05:03.75,1682600703750000000,,,,253.0,0.0,0.0,2042.0,10.0,,0.0,,0.0,,0.0,,0.0,1151.5,1.0,,0.0,,0.0,,0.0,,0.0
2023-04-27 21:05:06.75,1682600706750000000,,,,253.0,0.0,0.0,2040.5,1.0,2042.0,10.0,,0.0,,0.0,,0.0,1151.5,1.0,,0.0,,0.0,,0.0,,0.0
2023-04-27 21:05:07.0,1682600707000000000,,,,253.0,0.0,0.0,2040.5,1.0,,0.0,,0.0,,0.0,,0.0,1151.5,1.0,,0.0,,0.0,,0.0,,0.0
2023-04-27 21:05:07.25,1682600707250000000,,,,253.0,0.0,0.0,2040.0,10.0,2040.5,1.0,,0.0,,0.0,,0.0,1151.5,1.0,,0.0,,0.0,,0.0,,0.0
2023-04-27 21:05:07.5,1682600707500000000,,,,253.0,0.0,0.0,2040.0,10.0,,0.0,,0.0,,0.0,,0.0,1151.5,1.0,,0.0,,0.0,,0.0,,0.0
2023-04-27 21:05:10.5,1682600710500000000,,,,253.0,0.0,0.0,2038.5,1.0,2040.0,10.0,,0.0,,0.0,,0.0,1151.5,1.0,,0.0,,0.0,,0.0,,0.0
2023-04-27 21:05:10.75,1682600710750000000,,,,253.0,0.0,0.0,2038.5,1.0,,0.0,,0.0,,0.0,,0.0,1151.5,1.0,,0.0,,0.0,,0.0,,0.0
2023-04-27 21:05:11.0,1682600711000000000,,,,253.0,0.0,0.0,2038.0,10.0,2038.5,1.0,,0.0,,0.0,,0.0,1151.5,1.0,,0.0,,0.0,,0.0,,0.0
2023-04-27 21:05:11.5,1682600711500000000,,,,253.0,0.0,0.0,2036.5,1.0,2038.0,10.0,,0.0,,0.0,,0.0,1151.5,1.0,,0.0,,0.0,,0.0,,0.0
2023-04-27 21:05:11.75,1682600711750000000,,,,253.0,0.0,0.0,2036.5,1.0,,0.0,,0.0,,0.0,,0.0,1151.5,1.0,,0.0,,0.0,,0.0,,0.0
2023-04-27 21:05:12.0,1682600712000000000,,,,253.0,0.0,0.0,2036.0,10.0,2036.5,1.0,,0.0,,0.0,,0.0,1151.5,1.0,,0.0,,0.0,,0.0,,0.0
2023-04-27 21:05:12.5,1682600712500000000,,,,253.0,0.0,0.0,2034.5,1.0,2036.0,10.0,,0.0,,0.0,,0.0,1151.5,1.0,,0.0,,0.0,,0.0,,0.0
2023-04-27 21:05:12.75,1682600712750000000,,,,253.0,0.0,0.0,2034.5,1.0,,0.0,,0.0,,0.0,,0.0,1151.5,1.0,,0.0,,0.0,,0.0,,0.0
2023-04-27 21:05:13.0,1682600713000000000,,,,253.0,0.0,0.0,2034.0,10.0,2034.5,1.0,,0.0,,0.0,,0.0,1151.5,1.0,,0.0,,0.0,,0.0,,0.0
2023-04-27 21:05:13.5,1682600713500000000,,,,253.0,0.0,0.0,2034.0,10.0,,0.0,,0.0,,0.0,,0.0,1151.5,1.0,,0.0,,0.0,,0.0,,0.0
2023-04-27 21:05:15.5,1682600715500000000,,,,253.0,0.0,0.0,2032.5,1.0,2034.0,10.0,,0.0,,0.0,,0.0,1151.5,1.0,,0.0,,0.0,,0.0,,0.0
2023-04-27 21:05:15.75,1682600715750000000,,,,253.0,0.0,0.0,2032.5,1.0,,0.0,,0.0,,0.0,,0.0,1151.5,1.0,,0.0,,0.0,,0.0,,0.0
2023-04-27 21:05:16.0,1682600716000000000,,,,253.0,0.0,0.0,2032.0,10.0,2032.5,1.0,,0.0,,0.0,,0.0,1151.5,1.0,,0.0,,0.0,,0.0,,0.0
2023-04-27 21:05:16.5,1682600716500000000,,,,253.0,0.0,0.0,2032.0,10.0,,0.0,,0.0,,0.0,,0.0,1151.5,1.0,,0.0,,0.0,,0.0,,0.0
2023-04-27 21:05:25.5,1682600725500000000,,,,253.0,0.0,0.0,2030.5,1.0,2032.0,10.0,,0.0,,0.0,,0.0,1151.5,1.0,,0.0,,0.0,,0.0,,0.0
2023-04-27 21:05:25.75,1682600725750000000,,,,253.0,0.0,0.0,2030.5,1.0,,0.0,,0.0,,0.0,,0.0,1151.5,1.0,,0.0,,0.0,,0.0,,0.0
2023-04-27 21:05:26.0,1682600726000000000,,,,253.0,0.0,0.0,2030.0,10.0,2030.5,1.0,,0.0,,0.0,,0.0,1151.5,1.0,,0.0,,0.0,,0.0,,0.0
2023-04-27 21:05:26.5,1682600726500000000,,,,253.0,0.0,0.0,2030.0,10.0,,0.0,,0.0,,0.0,,0.0,1151.5,1.0,,0.0,,0.0,,0.0,,0.0
2023-04-27 21:05:32.5,1682600732500000000,,,,253.0,0.0,0.0,2028.5,1.0,2030.0,10.0,,0.0,,0.0,,0.0,1151.5,1.0,,0.0,,0.0,,0.0,,0.0
2023-04-27 21:05:32.75,1682600732750000000,,,,253.0,0.0,0.0,2028.5,1.0,,0.0,,0.0,,0.0,,0.0,1151.5,1.0,,0.0,,0.0,,0.0,,0.0
2023-04-27 21:05:33.0,1682600733000000000,,,,253.0,0.0,0.0,2028.0,10.0,2028.5,1.0,,0.0,,0.0,,0.0,1151.5,1.0,,0.0,,0.0,,0.0,,0.0
2023-04-27 21:05:33.5,1682600733500000000,,,,253.0,0.0,0.0,2028.0,10.0,,0.0,,0.0,,0.0,,0.0,1151.5,1.0,,0.0,,0.0,,0.0,,0.0
2023-04-27 21:05:37.5,1682600737500000000,,,,253.0,0.0,0.0,2026.5,1.0,2028.0,10.0,,0.0,,0.0,,0.0,1151.5,1.0,,0.0,,0.0,,0.0,,0.0
2023-04-27 21:05:37.75,1682600737750000000,,,,253.0,0.0,0.0,2026.5,1.0,,0.0,,0.0,,0.0,,0.0,1151.5,1.0,,0.0,,0.0,,0.0,,0.0
2023-04-27 21:05:38.0,1682600738000000000,,,,253.0,0.0,0.0,2026.0,10.0,2026.5,1.0,,0.0,,0.0,,0.0,1151.5,1.0,,0.0,,0.0,,0.0,,0.0
2023-04-27 21:05:38.5,1682600738500000000,,,,253.0,0.0,0.0,2024.5,1.0,2026.0,10.0,,0.0,,0.0,,0.0,1151.5,1.0,,0.0,,0.0,,0.0,,0.0
2023-04-27 21:05:38.75,1682600738750000000,,,,253.0,0.0,0.0,2024.5,1.0,,0.0,,0.0,,0.0,,0.0,1151.5,1.0,,0.0,,0.0,,0.0,,0.0
2023-04-27 21:05:39.0,1682600739000000000,,,,253.0,0.0,0.0,2024.0,10.0,2024.5,1.0,,0.0,,0.0,,0.0,1151.5,1.0,,0.0,,0.0,,0.0,,0.0
2023-04-27 21:05:39.5,1682600739500000000,,,,253.0,0.0,0.0,2022.5,1.0,2024.0,10.0,,0.0,,0.0,,0.0,1151.5,1.0,,0.0,,0.0,,0.0,,0.0
2023-04-27 21:05:39.75,1682600739750000000,,,,253.0,0.0,0.0,2022.5,1.0,,0.0,,0.0,,0.0,,0.0,1151.5,1.0,,0.0,,0.0,,0.0,,0.0
2023-04-27 21:05:40.0,1682600740000000000,,,,253.0,0.0,0.0,2022.0,10.0,2022.5,1.0,,0.0,,0.0,,0.0,1151.5,1.0,,0.0,,0.0,,0.0,,0.0
2023-04-27 21:05:40.5,1682600740500000000,,,,253.0,0.0,0.0,2020.5,1.0,2022.0,10.0,,0.0,,0.0,,0.0,1151.5,1.0,,0.0,,0.0,,0.0,,0.0
2023-04-27 21:05:40.75,1682600740750000000,,,,253.0,0.0,0.0,2020.5,1.0,,0.0,,0.0,,0.0,,0.0,1151.5,1.0,,0.0,,0.0,,0.0,,0.0
2023-04-27 21:05:41.0,1682600741000000000,,,,253.0,0.0,0.0,2020.0,10.0,2020.5,1.0,,0.0,,0.0,,0.0,1151.5,1.0,,0.0,,0.0,,0.0,,0.0
2023-04-27 21:05:41.5,1682600741500000000,,,,253.0,0.0,0.0,2020.0,10.0,,0.0,,0.0,,0.0,,0.0,1151.5,1.0,,0.0,,0.0,,0.0,,0.0
2023-04-27 21:05:42.5,1682600742500000000,,,,253.0,0.0,0.0,2018.5,1.0,2020.0,10.0,,0.0,,0.0,,0.0,1151.5,1.0,,0.0,,0.0,,0.0,,0.0
2023-04-27 21:05:42.75,1682600742750000000,,,,253.0,0.0,0.0,2018.5,1.0,,0.0,,0.0,,0.0,,0.0,1151.5,1.0,,0.0,,0.0,,0.0,,0.0
2023-04-27 21:05:43.0,1682600743000000000,,,,253.0,0.0,0.0,2018.0,10.0,2018.5,1.0,,0.0,,0.0,,0.0,1151.5,1.0,,0.0,,0.0,,0.0,,0.0
2023-04-27 21:05:43.5,1682600743500000000,,,,253.0,0.0,0.0,2016.5,1.0,2018.0,10.0,,0.0,,0.0,,0.0,1151.5,1.0,,0.0,,0.0,,0.0,,0.0
2023-04-27 21:05:43.75,1682600743750000000,,,,253.0,0.0,0.0,2016.5,1.0,,0.0,,0.0,,0.0,,0.0,1151.5,1.0,,0.0,,0.0,,0.0,,0.0
2023-04-27 21:05:44.0,1682600744000000000,,,,253.0,0.0,0.0,2016.0,10.0,2016.5,1.0,,0.0,,0.0,,0.0,1151.5,1.0,,0.0,,0.0,,0.0,,0.0
2023-04-27 21:05:44.5,1682600744500000000,,,,253.0,0.0,0.0,2016.0,10.0,,0.0,,0.0,,0.0,,0.0,1151.5,1.0,,0.0,,0.0,,0.0,,0.0
2023-04-27 21:05:45.5,1682600745500000000,,,,253.0,0.0,0.0,2014.5,1.0,2016.0,10.0,,0.0,,0.0,,0.0,1151.5,1.0,,0.0,,0.0,,0.0,,0.0
2023-04-27 21:05:45.75,1682600745750000000,,,,253.0,0.0,0.0,2014.5,1.0,,0.0,,0.0,,0.0,,0.0,1151.5,1.0,,0.0,,0.0,,0.0,,0.0
2023-04-27 21:05:46.0,1682600746000000000,,,,253.0,0.0,0.0,2014.0,10.0,2014.5,1.0,,0.0,,0.0,,0.0,1151.5,1.0,,0.0,,0.0,,0.0,,0.0
2023-04-27 21:05:46.5,1682600746500000000,,,,253.0,0.0,0.0,2012.5,1.0,2014.0,10.0,,0.0,,0.0,,0.0,1151.5,1.0,,0.0,,0.0,,0.0,,0.0
2023-04-27 21:05:46.75,1682600746750000000,,,,253.0,0.0,0.0,2012.5,1.0,,0.0,,0.0,,0.0,,0.0,1151.5,1.0,,0.0,,0.0,,0.0,,0.0
2023-04-27 21:05:47.0,1682600747000000000,,,,253.0,0.0,0.0,2012.0,10.0,2012.5,1.0,,0.0,,0.0,,0.0,1151.5,1.0,,0.0,,0.0,,0.0,,0.0
2023-04-27 21:05:47.5,1682600747500000000,,,,253.0,0.0,0.0,2010.5,1.0,2012.0,10.0,,0.0,,0.0,,0.0,1151.5,1.0,,0.0,,0.0,,0.0,,0.0
2023-04-27 21:05:47.75,1682600747750000000,,,,253.0,0.0,0.0,2010.5,1.0,,0.0,,0.0,,0.0,,0.0,1151.5,1.0,,0.0,,0.0,,0.0,,0.0
2023-04-27 21:05:48.0,1682600748000000000,,,,253.0,0.0,0.0,2010.0,10.0,2010.5,1.0,,0.0,,0.0,,0.0,1151.5,1.0,,0.0,,0.0,,0.0,,0.0
2023-04-27 21:05:48.5,1682600748500000000,,,,253.0,0.0,0.0,2010.0,10.0,,0.0,,0.0,,0.0,,0.0,1151.5,1.0,,0.0,,0.0,,0.0,,0.0
2023-04-27 21:05:51.5,1682600751500000000,,,,253.0,0.0,0.0,2008.5,1.0,2010.0,10.0,,0.0,,0.0,,0.0,1151.5,1.0,,0.0,,0.0,,0.0,,0.0
2023-04-27 21:05:51.75,1682600751750000000,,,,253.0,0.0,0.0,2008.5,1.0,,0.0,,0.0,,0.0,,0.0,1151.5,1.0,,0.0,,0.0,,0.0,,0.0
2023-04-27 21:05:52.0,1682600752000000000,,,,253.0,0.0,0.0,2008.0,10.0,2008.5,1.0,,0.0,,0.0,,0.0,1151.5,1.0,,0.0,,0.0,,0.0,,0.0
2023-04-27 21:05:52.5,1682600752500000000,,,,253.0,0.0,0.0,2008.0,10.0,,0.0,,0.0,,0.0,,0.0,1151.5,1.0,,0.0,,0.0,,0.0,,0.0
2023-04-27 21:05:54.5,1682600754500000000,,,,253.0,0.0,0.0,2006.5,1.0,2008.0,10.0,,0.0,,0.0,,0.0,1151.5,1.0,,0.0,,0.0,,0.0,,0.0
2023-04-27 21:05:54.75,1682600754750000000,,,,253.0,0.0,0.0,2006.5,1.0,,0.0,,0.0,,0.0,,0.0,1151.5,1.0,,0.0,,0.0,,0.0,,0.0
2023-04-27 21:05:55.0,1682600755000000000,,,,253.0,0.0,0.0,2006.0,10.0,2006.5,1.0,,0.0,,0.0,,0.0,1151.5,1.0,,0.0,,0.0,,0.0,,0.0
2023-04-27 21:05:55.5,1682600755500000000,,,,253.0,0.0,0.0,2004.5,1.0,2006.0,10.0,,0.0,,0.0,,0.0,1151.5,1.0,,0.0,,0.0,,0.0,,0.0
2023-04-27 21:05:55.75,1682600755750000000,,,,253.0,0.0,0.0,2004.5,1.0,,0.0,,0.0,,0.0,,0.0,1151.5,1.0,,0.0,,0.0,,0.0,,0.0
2023-04-27 21:05:56.0,1682600756000000000,,,,253.0,0.0,0.0,2004.0,10.0,2004.5,1.0,,0.0,,0.0,,0.0,1151.5,1.0,,0.0,,0.0,,0.0,,0.0
2023-04-27 21:05:56.5,1682600756500000000,,,,253.0,0.0,0.0,2004.0,10.0,,0.0,,0.0,,0.0,,0.0,1151.5,1.0,,0.0,,0.0,,0.0,,0.0
2023-04-27 21:06:02.5,1682600762500000000,,,,253.0,0.0,0.0,2002.5,1.0,2004.0,10.0,,0.0,,0.0,,0.0,1151.5,1.0,,0.0,,0.0,,0.0,,0.0
2023-04-27 21:06:02.75,1682600762750000000,,,,253.0,0.0,0.0,2002.5,1.0,,0.0,,0.0,,0.0,,0.0,1151.5,1.0,,0.0,,0.0,,0.0,,0.0
2023-04-27 21:06:03.0,1682600763000000000,,,,253.0,0.0,0.0,2002.0,10.0,2002.5,1.0,,0.0,,0.0,,0.0,1151.5,1.0,,0.0,,0.0,,0.0,,0.0
2023-04-27 21:06:03.5,1682600763500000000,,,,253.0,0.0,0.0,2000.5,1.0,2002.0,10.0,,0.0,,0.0,,0.0,1151.5,1.0,,0.0,,0.0,,0.0,,0.0
2023-04-27 21:06:03.75,1682600763750000000,,,,253.0,0.0,0.0,2000.5,1.0,,0.0,,0.0,,0.0,,0.0,1151.5,1.0,,0.0,,0.0,,0.0,,0.0
2023-04-27 21:06:04.0,1682600764000000000,,,,253.0,0.0,0.0,2000.0,10.0,2000.5,1.0,,0.0,,0.0,,0.0,1151.5,1.0,,0.0,,0.0,,0.0,,0.0
2023-04-27 21:06:04.5,1682600764500000000,,,,253.0,0.0,0.0,1998.5,1.0,2000.0,10.0,,0.0,,0.0,,0.0,1151.5,1.0,,0.0,,0.0,,0.0,,0.0
2023-04-27 21:06:04.75,1682600764750000000,,,,253.0,0.0,0.0,1998.5,1.0,,0.0,,0.0,,0.0,,0.0,1151.5,1.0,,0.0,,0.0,,0.0,,0.0
2023-04-27 21:06:05.0,1682600765000000000,,,,253.0,0.0,0.0,1998.0,10.0,1998.5,1.0,,0.0,,0.0,,0.0,1151.5,1.0,,0.0,,0.0,,0.0,,0.0
2023-04-27 21:06:05.5,1682600765500000000,,,,253.0,0.0,0.0,1998.0,10.0,,0.0,,0.0,,0.0,,0.0,1151.5,1.0,,0.0,,0.0,,0.0,,0.0
2023-04-27 21:06:12.5,1682600772500000000,,,,253.0,0.0,0.0,1996.5,1.0,1998.0,10.0,,0.0,,0.0,,0.0,1151.5,1.0,,0.0,,0.0,,0.0,,0.0
2023-04-27 21:06:12.75,1682600772750000000,,,,253.0,0.0,0.0,1996.5,1.0,,0.0,,0.0,,0.0,,0.0,1151.5,1.0,,0.0,,0.0,,0.0,,0.0
2023-04-27 21:06:13.0,1682600773000000000,,,,253.0,0.0,0.0,1996.0,10.0,1996.5,1.0,,0.0,,0.0,,0.0,1151.5,1.0,,0.0,,0.0,,0.0,,0.0
2023-04-27 21:06:13.5,1682600773500000000,,,,253.0,0.0,0.0,1996.0,10.0,,0.0,,0.0,,0.0,,0.0,1151.5,1.0,,0.0,,0.0,,0.0,,0.0
2023-04-27 21:06:18.5,1682600778500000000,,,,253.0,0.0,0.0,1994.5,1.0,1996.0,10.0,,0.0,,0.0,,0.0,1151.5,1.0,,0.0,,0.0,,0.0,,0.0
2023-04-27 21:06:18.75,1682600778750000000,,,,253.0,0.0,0.0,1994.5,1.0,,0.0,,0.0,,0.0,,0.0,1151.5,1.0,,0.0,,0.0,,0.0,,0.0
2023-04-27 21:06:19.0,1682600779000000000,,,,253.0,0.0,0.0,1994.0,10.0,1994.5,1.0,,0.0,,0.0,,0.0,1151.5,1.0,,0.0,,0.0,,0.0,,0.0
2023-04-27 21:06:19.5,1682600779500000000,,,,253.0,0.0,0.0,1992.5,1.0,1994.0,10.0,,0.0,,0.0,,0.0,1151.5,1.0,,0.0,,0.0,,0.0,,0.0
2023-04-27 21:06:19.75,1682600779750000000,,,,253.0,0.0,0.0,1992.5,1.0,,0.0,,0.0,,0.0,,0.0,1151.5,1.0,,0.0,,0.0,,0.0,,0.0
2023-04-27 21:06:20.0,1682600780000000000,,,,253.0,0.0,0.0,1992.0,10.0,1992.5,1.0,,0.0,,0.0,,0.0,1151.5,1.0,,0.0,,0.0,,0.0,,0.0
2023-04-27 21:06:20.5,1682600780500000000,,,,253.0,0.0,0.0,1992.0,10.0,,0.0,,0.0,,0.0,,0.0,1151.5,1.0,,0.0,,0.0,,0.0,,0.0
2023-04-27 21:06:26.5,1682600786500000000,,,,253.0,0.0,0.0,1990.5,1.0,1992.0,10.0,,0.0,,0.0,,0.0,1151.5,1.0,,0.0,,0.0,,0.0,,0.0
2023-04-27 21:06:26.75,1682600786750000000,,,,253.0,0.0,0.0,1990.5,1.0,,0.0,,0.0,,0.0,,0.0,1151.5,1.0,,0.0,,0.0,,0.0,,0.0
2023-04-27 21:06:27.0,1682600787000000000,,,,253.0,0.0,0.0,1990.0,10.0,1990.5,1.0,,0.0,,0.0,,0.0,1151.5,1.0,,0.0,,0.0,,0.0,,0.0
2023-04-27 21:06:27.5,1682600787500000000,,,,253.0,0.0,0.0,1988.5,1.0,1990.0,10.0,,0.0,,0.0,,0.0,1151.5,1.0,,0.0,,0.0,,0.0,,0.0
2023-04-27 21:06:27.75,1682600787750000000,,,,253.0,0.0,0.0,1988.5,1.0,,0.0,,0.0,,0.0,,0.0,1151.5,1.0,,0.0,,0.0,,0.0,,0.0
2023-04-27 21:06:28.0,1682600788000000000,,,,253.0,0.0,0.0,1988.0,10.0,1988.5,1.0,,0.0,,0.0,,0.0,1151.5,1.0,,0.0,,0.0,,0.0,,0.0
2023-04-27 21:06:28.5,1682600788500000000,,,,253.0,0.0,0.0,1986.5,1.0,1988.0,10.0,,0.0,,0.0,,0.0,1151.5,1.0,,0.0,,0.0,,0.0,,0.0
2023-04-27 21:06:28.75,1682600788750000000,,,,253.0,0.0,0.0,1986.5,1.0,,0.0,,0.0,,0.0,,0.0,1151.5,1.0,,0.0,,0.0,,0.0,,0.0
2023-04-27 21:06:29.0,1682600789000000000,,,,253.0,0.0,0.0,1986.0,10.0,1986.5,1.0,,0.0,,0.0,,0.0,1151.5,1.0,,0.0,,0.0,,0.0,,0.0
2023-04-27 21:06:29.5,1682600789500000000,,,,253.0,0.0,0.0,1986.0,10.0,,0.0,,0.0,,0.0,,0.0,1151.5,1.0,,0.0,,0.0,,0.0,,0.0
2023-04-27 21:06:35.5,1682600795500000000,,,,253.0,0.0,0.0,1984.5,1.0,1986.0,10.0,,0.0,,0.0,,0.0,1151.5,1.0,,0.0,,0.0,,0.0,,0.0
2023-04-27 21:06:35.75,1682600795750000000,,,,253.0,0.0,0.0,1984.5,1.0,,0.0,,0.0,,0.0,,0.0,1151.5,1.0,,0.0,,0.0,,0.0,,0.0
2023-04-27 21:06:36.0,1682600796000000000,,,,253.0,0.0,0.0,1984.0,10.0,1984.5,1.0,,0.0,,0.0,,0.0,1151.5,1.0,,0.0,,0.0,,0.0,,0.0
2023-04-27 21:06:36.5,1682600796500000000,,,,253.0,0.0,0.0,1982.5,1.0,1984.0,10.0,,0.0,,0.0,,0.0,1151.5,1.0,,0.0,,0.0,,0.0,,0.0
2023-04-27 21:06:36.75,1682600796750000000,,,,253.0,0.0,0.0,1982.5,1.0,,0.0,,0.0,,0.0,,0.0,1151.5,1.0,,0.0,,0.0,,0.0,,0.0
2023-04-27 21:06:37.0,1682600797000000000,,,,253.0,0.0,0.0,1982.0,10.0,1982.5,1.0,,0.0,,0.0,,0.0,1151.5,1.0,,0.0,,0.0,,0.0,,0.0
2023-04-27 21:06:37.5,1682600797500000000,,,,253.0,0.0,0.0,1982.0,10.0,,0.0,,0.0,,0.0,,0.0,1151.5,1.0,,0.0,,0.0,,0.0,,0.0
2023-04-27 21:06:41.5,1682600801500000000,,,,253.0,0.0,0.0,1980.5,1.0,1982.0,10.0,,0.0,,0.0,,0.0,1151.5,1.0,,0.0,,0.0,,0.0,,0.0
2023-04-27 21:06:41.75,1682600801750000000,,,,253.0,0.0,0.0,1980.5,1.0,,0.0,,0.0,,0.0,,0.0,1151.5,1.0,,0.0,,0.0,,0.0,,0.0
2023-04-27 21:06:42.0,1682600802000000000,,,,253.0,0.0,0.0,1980.0,10.0,1980.5,1.0,,0.0,,0.0,,0.0,1151.5,1.0,,0.0,,0.0,,0.0,,0.0
2023-04-27 21:06:42.5,1682600802500000000,,,,253.0,0.0,0.0,1978.5,1.0,1980.0,10.0,,0.0,,0.0,,0.0,1151.5,1.0,,0.0,,0.0,,0.0,,0.0
2023-04-27 21:06:42.75,1682600802750000000,,,,253.0,0.0,0.0,1978.5,1.0,,0.0,,0.0,,0.0,,0.0,1151.5,1.0,,0.0,,0.0,,0.0,,0.0
2023-04-27 21:06:43.0,1682600803000000000,,,,253.0,0.0,0.0,1978.0,10.0,1978.5,1.0,,0.0,,0.0,,0.0,1151.5,1.0,,0.0,,0.0,,0.0,,0.0
2023-04-27 21:06:43.5,1682600803500000000,,,,253.0,0.0,0.0,1978.0,10.0,,0.0,,0.0,,0.0,,0.0,1151.5,1.0,,0.0,,0.0,,0.0,,0.0
2023-04-27 21:06:48.5,1682600808500000000,,,,253.0,0.0,0.0,1976.5,1.0,1978.0,10.0,,0.0,,0.0,,0.0,1151.5,1.0,,0.0,,0.0,,0.0,,0.0
2023-04-27 21:06:48.75,1682600808750000000,,,,253.0,0.0,0.0,1976.5,1.0,,0.0,,0.0,,0.0,,0.0,1151.5,1.0,,0.0,,0.0,,0.0,,0.0
2023-04-27 21:06:49.0,1682600809000000000,,,,253.0,0.0,0.0,1976.0,10.0,1976.5,1.0,,0.0,,0.0,,0.0,1151.5,1.0,,0.0,,0.0,,0.0,,0.0
2023-04-27 21:06:49.5,1682600809500000000,,,,253.0,0.0,0.0,1974.5,1.0,1976.0,10.0,,0.0,,0.0,,0.0,1151.5,1.0,,0.0,,0.0,,0.0,,0.0
2023-04-27 21:06:49.75,1682600809750000000,,,,253.0,0.0,0.0,1974.5,1.0,,0.0,,0.0,,0.0,,0.0,1151.5,1.0,,0.0,,0.0,,0.0,,0.0
2023-04-27 21:06:50.0,1682600810000000000,,,,253.0,0.0,0.0,1974.0,10.0,1974.5,1.0,,0.0,,0.0,,0.0,1151.5,1.0,,0.0,,0.0,,0.0,,0.0
2023-04-27 21:06:50.5,1682600810500000000,,,,253.0,0.0,0.0,1972.5,1.0,1974.0,10.0,,0.0,,0.0,,0.0,1151.5,1.0,,0.0,,0.0,,0.0,,0.0
2023-04-27 21:06:50.75,1682600810750000000,,,,253.0,0.0,0.0,1972.5,1.0,,0.0,,0.0,,0.0,,0.0,1151.5,1.0,,0.0,,0.0,,0.0,,0.0
2023-04-27 21:06:51.0,1682600811000000000,,,,253.0,0.0,0.0,1972.0,10.0,1972.5,1.0,,0.0,,0.0,,0.0,1151.5,1.0,,0.0,,0.0,,0.0,,0.0
2023-04-27 21:06:51.5,1682600811500000000,,,,253.0,0.0,0.0,1970.5,1.0,1972.0,10.0,,0.0,,0.0,,0.0,1151.5,1.0,,0.0,,0.0,,0.0,,0.0
2023-04-27 21:06:51.75,1682600811750000000,,,,253.0,0.0,0.0,1970.5,1.0,,0.0,,0.0,,0.0,,0.0,1151.5,1.0,,0.0,,0.0,,0.0,,0.0
2023-04-27 21:06:52.0,1682600812000000000,,,,253.0,0.0,0.0,1970.0,10.0,1970.5,1.0,,0.0,,0.0,,0.0,1151.5,1.0,,0.0,,0.0,,0.0,,0.0
2023-04-27 21:06:52.5,1682600812500000000,,,,253.0,0.0,0.0,1970.0,10.0,,0.0,,0.0,,0.0,,0.0,1151.5,1.0,,0.0,,0.0,,0.0,,0.0
2023-04-27 21:07:01.75,1682600821750000000,,,,253.0,0.0,0.0,1968.5,1.0,1970.0,10.0,,0.0,,0.0,,0.0,1151.5,1.0,,0.0,,0.0,,0.0,,0.0
2023-04-27 21:07:02.0,1682600822000000000,,,,253.0,0.0,0.0,1968.5,1.0,,0.0,,0.0,,0.0,,0.0,1151.5,1.0,,0.0,,0.0,,0.0,,0.0
2023-04-27 21:07:02.25,1682600822250000000,,,,253.0,0.0,0.0,1968.0,10.0,1968.5,1.0,,0.0,,0.0,,0.0,1151.5,1.0,,0.0,,0.0,,0.0,,0.0
2023-04-27 21:07:02.5,1682600822500000000,,,,253.0,0.0,0.0,1966.5,1.0,1968.0,10.0,,0.0,,0.0,,0.0,1151.5,1.0,,0.0,,0.0,,0.0,,0.0
2023-04-27 21:07:02.75,1682600822750000000,,,,253.0,0.0,0.0,1966.5,1.0,,0.0,,0.0,,0.0,,0.0,1151.5,1.0,,0.0,,0.0,,0.0,,0.0
2023-04-27 21:07:03.0,1682600823000000000,,,,253.0,0.0,0.0,1966.0,10.0,1966.5,1.0,,0.0,,0.0,,0.0,1151.5,1.0,,0.0,,0.0,,0.0,,0.0
2023-04-27 21:07:03.5,1682600823500000000,,,,253.0,0.0,0.0,1966.0,10.0,,0.0,,0.0,,0.0,,0.0,1151.5,1.0,,0.0,,0.0,,0.0,,0.0
2023-04-27 21:07:06.5,1682600826500000000,,,,253.0,0.0,0.0,1964.5,1.0,1966.0,10.0,,0.0,,0.0,,0.0,1151.5,1.0,,0.0,,0.0,,0.0,,0.0
2023-04-27 21:07:06.75,1682600826750000000,,,,253.0,0.0,0.0,1964.5,1.0,,0.0,,0.0,,0.0,,0.0,1151.5,1.0,,0.0,,0.0,,0.0,,0.0
2023-04-27 21:07:07.0,1682600827000000000,,,,253.0,0.0,0.0,1964.0,10.0,1964.5,1.0,,0.0,,0.0,,0.0,1151.5,1.0,,0.0,,0.0,,0.0,,0.0
2023-04-27 21:07:07.5,1682600827500000000,,,,253.0,0.0,0.0,1962.5,1.0,1964.0,10.0,,0.0,,0.0,,0.0,1151.5,1.0,,0.0,,0.0,,0.0,,0.0
2023-04-27 21:07:07.75,1682600827750000000,,,,253.0,0.0,0.0,1962.5,1.0,,0.0,,0.0,,0.0,,0.0,1151.5,1.0,,0.0,,0.0,,0.0,,0.0
2023-04-27 21:07:08.0,1682600828000000000,,,,253.0,0.0,0.0,1962.0,10.0,1962.5,1.0,,0.0,,0.0,,0.0,1151.5,1.0,,0.0,,0.0,,0.0,,0.0
2023-04-27 21:07:08.5,1682600828500000000,,,,253.0,0.0,0.0,1960.5,1.0,1962.0,10.0,,0.0,,0.0,,0.0,1151.5,1.0,,0.0,,0.0,,0.0,,0.0
2023-04-27 21:07:08.75,1682600828750000000,,,,253.0,0.0,0.0,1960.5,1.0,,0.0,,0.0,,0.0,,0.0,1151.5,1.0,,0.0,,0.0,,0.0,,0.0
2023-04-27 21:07:09.0,1682600829000000000,,,,253.0,0.0,0.0,1960.0,10.0,1960.5,1.0,,0.0,,0.0,,0.0,1151.5,1.0,,0.0,,0.0,,0.0,,0.0
2023-04-27 21:07:09.5,1682600829500000000,,,,253.0,0.0,0.0,1958.5,1.0,1960.0,10.0,,0.0,,0.0,,0.0,1151.5,1.0,,0.0,,0.0,,0.0,,0.0
2023-04-27 21:07:09.75,1682600829750000000,,,,253.0,0.0,0.0,1958.5,1.0,,0.0,,0.0,,0.0,,0.0,1151.5,1.0,,0.0,,0.0,,0.0,,0.0
2023-04-27 21:07:10.0,1682600830000000000,,,,253.0,0.0,0.0,1958.0,10.0,1958.5,1.0,,0.0,,0.0,,0.0,1151.5,1.0,,0.0,,0.0,,0.0,,0.0
2023-04-27 21:07:10.5,1682600830500000000,,,,253.0,0.0,0.0,1958.0,10.0,,0.0,,0.0,,0.0,,0.0,1151.5,1.0,,0.0,,0.0,,0.0,,0.0
2023-04-27 21:07:15.5,1682600835500000000,,,,253.0,0.0,0.0,1956.5,1.0,1958.0,10.0,,0.0,,0.0,,0.0,1151.5,1.0,,0.0,,0.0,,0.0,,0.0
2023-04-27 21:07:15.75,1682600835750000000,,,,253.0,0.0,0.0,1956.5,1.0,,0.0,,0.0,,0.0,,0.0,1151.5,1.0,,0.0,,0.0,,0.0,,0.0
2023-04-27 21:07:16.0,1682600836000000000,,,,253.0,0.0,0.0,1956.0,10.0,1956.5,1.0,,0.0,,0.0,,0.0,1151.5,1.0,,0.0,,0.0,,0.0,,0.0
2023-04-27 21:07:16.5,1682600836500000000,,,,253.0,0.0,0.0,1956.0,10.0,,0.0,,0.0,,0.0,,0.0,1151.5,1.0,,0.0,,0.0,,0.0,,0.0
2023-04-27 21:07:19.5,1682600839500000000,,,,253.0,0.0,0.0,1954.5,1.0,1956.0,10.0,,0.0,,0.0,,0.0,1151.5,1.0,,0.0,,0.0,,0.0,,0.0
2023-04-27 21:07:19.75,1682600839750000000,,,,253.0,0.0,0.0,1954.5,1.0,,0.0,,0.0,,0.0,,0.0,1151.5,1.0,,0.0,,0.0,,0.0,,0.0
2023-04-27 21:07:20.0,1682600840000000000,,,,253.0,0.0,0.0,1954.0,10.0,1954.5,1.0,,0.0,,0.0,,0.0,1151.5,1.0,,0.0,,0.0,,0.0,,0.0
2023-04-27 21:07:20.5,1682600840500000000,,,,253.0,0.0,0.0,1952.5,1.0,1954.0,10.0,,0.0,,0.0,,0.0,1151.5,1.0,,0.0,,0.0,,0.0,,0.0
2023-04-27 21:07:20.75,1682600840750000000,,,,253.0,0.0,0.0,1952.5,1.0,,0.0,,0.0,,0.0,,0.0,1151.5,1.0,,0.0,,0.0,,0.0,,0.0
2023-04-27 21:07:21.0,1682600841000000000,,,,253.0,0.0,0.0,1952.0,10.0,1952.5,1.0,,0.0,,0.0,,0.0,1151.5,1.0,,0.0,,0.0,,0.0,,0.0
2023-04-27 21:07:21.5,1682600841500000000,,,,253.0,0.0,0.0,1952.0,10.0,,0.0,,0.0,,0.0,,0.0,1151.5,1.0,,0.0,,0.0,,0.0,,0.0
2023-04-27 21:07:24.5,1682600844500000000,,,,253.0,0.0,0.0,1950.5,1.0,1952.0,10.0,,0.0,,0.0,,0.0,1151.5,1.0,,0.0,,0.0,,0.0,,0.0
2023-04-27 21:07:24.75,1682600844750000000,,,,253.0,0.0,0.0,1950.5,1.0,,0.0,,0.0,,0.0,,0.0,1151.5,1.0,,0.0,,0.0,,0.0,,0.0
2023-04-27 21:07:25.0,1682600845000000000,,,,253.0,0.0,0.0,1950.0,10.0,1950.5,1.0,,0.0,,0.0,,0.0,1151.5,1.0,,0.0,,0.0,,0.0,,0.0
2023-04-27 21:07:25.5,1682600845500000000,,,,253.0,0.0,0.0,1948.5,1.0,1950.0,10.0,,0.0,,0.0,,0.0,1151.5,1.0,,0.0,,0.0,,0.0,,0.0
2023-04-27 21:07:25.75,1682600845750000000,,,,253.0,0.0,0.0,1948.5,1.0,,0.0,,0.0,,0.0,,0.0,1151.5,1.0,,0.0,,0.0,,0.0,,0.0
2023-04-27 21:07:26.0,1682600846000000000,,,,253.0,0.0,0.0,1948.0,10.0,1948.5,1.0,,0.0,,0.0,,0.0,1151.5,1.0,,0.0,,0.0,,0.0,,0.0
2023-04-27 21:07:26.5,1682600846500000000,,,,253.0,0.0,0.0,1946.5,1.0,1948.0,10.0,,0.0,,0.0,,0.0,1151.5,1.0,,0.0,,0.0,,0.0,,0.0
2023-04-27 21:07:26.75,1682600846750000000,,,,253.0,0.0,0.0,1946.5,1.0,,0.0,,0.0,,0.0,,0.0,1151.5,1.0,,0.0,,0.0,,0.0,,0.0
2023-04-27 21:07:27.0,1682600847000000000,,,,253.0,0.0,0.0,1946.0,10.0,1946.5,1.0,,0.0,,0.0,,0.0,1151.5,1.0,,0.0,,0.0,,0.0,,0.0
2023-04-27 21:07:27.5,1682600847500000000,,,,253.0,0.0,0.0,1946.0,10.0,,0.0,,0.0,,0.0,,0.0,1151.5,1.0,,0.0,,0.0,,0.0,,0.0
2023-04-27 21:07:30.5,1682600850500000000,,,,253.0,0.0,0.0,1944.5,1.0,1946.0,10.0,,0.0,,0.0,,0.0,1151.5,1.0,,0.0,,0.0,,0.0,,0.0
2023-04-27 21:07:30.75,1682600850750000000,,,,253.0,0.0,0.0,1944.5,1.0,,0.0,,0.0,,0.0,,0.0,1151.5,1.0,,0.0,,0.0,,0.0,,0.0
2023-04-27 21:07:31.0,1682600851000000000,,,,253.0,0.0,0.0,1944.0,10.0,1944.5,1.0,,0.0,,0.0,,0.0,1151.5,1.0,,0.0,,0.0,,0.0,,0.0
2023-04-27 21:07:31.5,1682600851500000000,,,,253.0,0.0,0.0,1942.5,1.0,1944.0,10.0,,0.0,,0.0,,0.0,1151.5,1.0,,0.0,,0.0,,0.0,,0.0
2023-04-27 21:07:31.75,1682600851750000000,,,,253.0,0.0,0.0,1942.5,1.0,,0.0,,0.0,,0.0,,0.0,1151.5,1.0,,0.0,,0.0,,0.0,,0.0
2023-04-27 21:07:32.0,1682600852000000000,,,,253.0,0.0,0.0,1942.0,10.0,1942.5,1.0,,0.0,,0.0,,0.0,1151.5,1.0,,0.0,,0.0,,0.0,,0.0
2023-04-27 21:07:32.5,1682600852500000000,,,,253.0,0.0,0.0,1940.5,1.0,1942.0,10.0,,0.0,,0.0,,0.0,1151.5,1.0,,0.0,,0.0,,0.0,,0.0
2023-04-27 21:07:32.75,1682600852750000000,,,,253.0,0.0,0.0,1940.5,1.0,,0.0,,0.0,,0.0,,0.0,1151.5,1.0,,0.0,,0.0,,0.0,,0.0
2023-04-27 21:07:33.0,1682600853000000000,,,,253.0,0.0,0.0,1940.0,10.0,1940.5,1.0,,0.0,,0.0,,0.0,1151.5,1.0,,0.0,,0.0,,0.0,,0.0
2023-04-27 21:07:33.5,1682600853500000000,,,,253.0,0.0,0.0,1938.5,1.0,1940.0,10.0,,0.0,,0.0,,0.0,1151.5,1.0,,0.0,,0.0,,0.0,,0.0
2023-04-27 21:07:33.75,1682600853750000000,,,,253.0,0.0,0.0,1938.5,1.0,,0.0,,0.0,,0.0,,0.0,1151.5,1.0,,0.0,,0.0,,0.0,,0.0
2023-04-27 21:07:34.0,1682600854000000000,,,,253.0,0.0,0.0,1938.0,10.0,1938.5,1.0,,0.0,,0.0,,0.0,1151.5,1.0,,0.0,,0.0,,0.0,,0.0
2023-04-27 21:07:34.5,1682600854500000000,,,,253.0,0.0,0.0,1936.5,1.0,1938.0,10.0,,0.0,,0.0,,0.0,1151.5,1.0,,0.0,,0.0,,0.0,,0.0
2023-04-27 21:07:34.75,1682600854750000000,,,,253.0,0.0,0.0,1936.5,1.0,,0.0,,0.0,,0.0,,0.0,1151.5,1.0,,0.0,,0.0,,0.0,,0.0
2023-04-27 21:07:35.0,1682600855000000000,,,,253.0,0.0,0.0,1936.0,10.0,1936.5,1.0,,0.0,,0.0,,0.0,1151.5,1.0,,0.0,,0.0,,0.0,,0.0
2023-04-27 21:07:35.5,1682600855500000000,,,,253.0,0.0,0.0,1934.5,1.0,1936.0,10.0,,0.0,,0.0,,0.0,1151.5,1.0,,0.0,,0.0,,0.0,,0.0
2023-04-27 21:07:35.75,1682600855750000000,,,,253.0,0.0,0.0,1934.5,1.0,,0.0,,0.0,,0.0,,0.0,1151.5,1.0,,0.0,,0.0,,0.0,,0.0
2023-04-27 21:07:36.0,1682600856000000000,,,,253.0,0.0,0.0,1934.0,10.0,1934.5,1.0,,0.0,,0.0,,0.0,1151.5,1.0,,0.0,,0.0,,0.0,,0.0
2023-04-27 21:07:36.5,1682600856500000000,,,,253.0,0.0,0.0,1932.5,1.0,1934.0,10.0,,0.0,,0.0,,0.0,1151.5,1.0,,0.0,,0.0,,0.0,,0.0
2023-04-27 21:07:36.75,1682600856750000000,,,,253.0,0.0,0.0,1932.5,1.0,,0.0,,0.0,,0.0,,0.0,1151.5,1.0,,0.0,,0.0,,0.0,,0.0
2023-04-27 21:07:37.0,1682600857000000000,,,,253.0,0.0,0.0,1932.0,10.0,1932.5,1.0,,0.0,,0.0,,0.0,1151.5,1.0,,0.0,,0.0,,0.0,,0.0
2023-04-27 21:07:37.5,1682600857500000000,,,,253.0,0.0,0.0,1930.5,1.0,1932.0,10.0,,0.0,,0.0,,0.0,1151.5,1.0,,0.0,,0.0,,0.0,,0.0
2023-04-27 21:07:37.75,1682600857750000000,,,,253.0,0.0,0.0,1930.5,1.0,,0.0,,0.0,,0.0,,0.0,1151.5,1.0,,0.0,,0.0,,0.0,,0.0
2023-04-27 21:07:38.0,1682600858000000000,,,,253.0,0.0,0.0,1930.0,10.0,1930.5,1.0,,0.0,,0.0,,0.0,1151.5,1.0,,0.0,,0.0,,0.0,,0.0
2023-04-27 21:07:38.5,1682600858500000000,,,,253.0,0.0,0.0,1928.5,1.0,1930.0,10.0,,0.0,,0.0,,0.0,1151.5,1.0,,0.0,,0.0,,0.0,,0.0
2023-04-27 21:07:38.75,1682600858750000000,,,,253.0,0.0,0.0,1928.5,1.0,,0.0,,0.0,,0.0,,0.0,1151.5,1.0,,0.0,,0.0,,0.0,,0.0
2023-04-27 21:07:39.0,1682600859000000000,,,,253.0,0.0,0.0,1928.0,10.0,1928.5,1.0,,0.0,,0.0,,0.0,1151.5,1.0,,0.0,,0.0,,0.0,,0.0
2023-04-27 21:07:39.5,1682600859500000000,,,,253.0,0.0,0.0,1926.5,1.0,1928.0,10.0,,0.0,,0.0,,0.0,1151.5,1.0,,0.0,,0.0,,0.0,,0.0
2023-04-27 21:07:39.75,1682600859750000000,,,,253.0,0.0,0.0,1926.5,1.0,,0.0,,0.0,,0.0,,0.0,1151.5,1.0,,0.0,,0.0,,0.0,,0.0
2023-04-27 21:07:40.0,1682600860000000000,,,,253.0,0.0,0.0,1926.0,10.0,1926.5,1.0,,0.0,,0.0,,0.0,1151.5,1.0,,0.0,,0.0,,0.0,,0.0
2023-04-27 21:07:40.5,1682600860500000000,,,,253.0,0.0,0.0,1924.5,1.0,1926.0,10.0,,0.0,,0.0,,0.0,1151.5,1.0,,0.0,,0.0,,0.0,,0.0
2023-04-27 21:07:40.75,1682600860750000000,,,,253.0,0.0,0.0,1924.5,1.0,,0.0,,0.0,,0.0,,0.0,1151.5,1.0,,0.0,,0.0,,0.0,,0.0
2023-04-27 21:07:41.0,1682600861000000000,,,,253.0,0.0,0.0,1924.0,10.0,1924.5,1.0,,0.0,,0.0,,0.0,1151.5,1.0,,0.0,,0.0,,0.0,,0.0
2023-04-27 21:07:41.5,1682600861500000000,,,,253.0,0.0,0.0,1922.5,1.0,1924.0,10.0,,0.0,,0.0,,0.0,1151.5,1.0,,0.0,,0.0,,0.0,,0.0
2023-04-27 21:07:41.75,1682600861750000000,,,,253.0,0.0,0.0,1922.5,1.0,,0.0,,0.0,,0.0,,0.0,1151.5,1.0,,0.0,,0.0,,0.0,,0.0
2023-04-27 21:07:42.0,1682600862000000000,,,,253.0,0.0,0.0,1922.0,10.0,1922.5,1.0,,0.0,,0.0,,0.0,1151.5,1.0,,0.0,,0.0,,0.0,,0.0
2023-04-27 21:07:42.5,1682600862500000000,,,,253.0,0.0,0.0,1922.0,10.0,,0.0,,0.0,,0.0,,0.0,1151.5,1.0,,0.0,,0.0,,0.0,,0.0
2023-04-27 21:07:43.5,1682600863500000000,,,,253.0,0.0,0.0,1920.5,1.0,1922.0,10.0,,0.0,,0.0,,0.0,1151.5,1.0,,0.0,,0.0,,0.0,,0.0
2023-04-27 21:07:43.75,1682600863750000000,,,,253.0,0.0,0.0,1920.5,1.0,,0.0,,0.0,,0.0,,0.0,1151.5,1.0,,0.0,,0.0,,0.0,,0.0
2023-04-27 21:07:44.0,1682600864000000000,,,,253.0,0.0,0.0,1920.0,10.0,1920.5,1.0,,0.0,,0.0,,0.0,1151.5,1.0,,0.0,,0.0,,0.0,,0.0
2023-04-27 21:07:44.5,1682600864500000000,,,,253.0,0.0,0.0,1918.5,1.0,1920.0,10.0,,0.0,,0.0,,0.0,1151.5,1.0,,0.0,,0.0,,0.0,,0.0
2023-04-27 21:07:44.75,1682600864750000000,,,,253.0,0.0,0.0,1918.5,1.0,,0.0,,0.0,,0.0,,0.0,1151.5,1.0,,0.0,,0.0,,0.0,,0.0
2023-04-27 21:07:45.0,1682600865000000000,,,,253.0,0.0,0.0,1918.0,10.0,1918.5,1.0,,0.0,,0.0,,0.0,1151.5,1.0,,0.0,,0.0,,0.0,,0.0
2023-04-27 21:07:45.5,1682600865500000000,,,,253.0,0.0,0.0,1916.5,1.0,1918.0,10.0,,0.0,,0.0,,0.0,1151.5,1.0,,0.0,,0.0,,0.0,,0.0
2023-04-27 21:07:45.75,1682600865750000000,,,,253.0,0.0,0.0,1916.5,1.0,,0.0,,0.0,,0.0,,0.0,1151.5,1.0,,0.0,,0.0,,0.0,,0.0
2023-04-27 21:07:46.0,1682600866000000000,,,,253.0,0.0,0.0,1916.0,10.0,1916.5,1.0,,0.0,,0.0,,0.0,1151.5,1.0,,0.0,,0.0,,0.0,,0.0
2023-04-27 21:07:46.5,1682600866500000000,,,,253.0,0.0,0.0,1914.5,1.0,1916.0,10.0,,0.0,,0.0,,0.0,1151.5,1.0,,0.0,,0.0,,0.0,,0.0
2023-04-27 21:07:46.75,1682600866750000000,,,,253.0,0.0,0.0,1914.5,1.0,,0.0,,0.0,,0.0,,0.0,1151.5,1.0,,0.0,,0.0,,0.0,,0.0
2023-04-27 21:07:47.0,1682600867000000000,,,,253.0,0.0,0.0,1914.0,10.0,1914.5,1.0,,0.0,,0.0,,0.0,1151.5,1.0,,0.0,,0.0,,0.0,,0.0
2023-04-27 21:07:47.5,1682600867500000000,,,,253.0,0.0,0.0,1912.5,1.0,1914.0,10.0,,0.0,,0.0,,0.0,1151.5,1.0,,0.0,,0.0,,0.0,,0.0
2023-04-27 21:07:47.75,1682600867750000000,,,,253.0,0.0,0.0,1912.5,1.0,,0.0,,0.0,,0.0,,0.0,1151.5,1.0,,0.0,,0.0,,0.0,,0.0
2023-04-27 21:07:48.0,1682600868000000000,,,,253.0,0.0,0.0,1912.0,10.0,1912.5,1.0,,0.0,,0.0,,0.0,1151.5,1.0,,0.0,,0.0,,0.0,,0.0
2023-04-27 21:07:48.5,1682600868500000000,,,,253.0,0.0,0.0,1912.0,10.0,,0.0,,0.0,,0.0,,0.0,1151.5,1.0,,0.0,,0.0,,0.0,,0.0
2023-04-27 21:14:44.25,1682601284250000000,,,,253.0,0.0,0.0,1912.0,10.0,,0.0,,0.0,,0.0,,0.0,1152.0,1.0,1151.5,1.0,,0.0,,0.0,,0.0
2023-04-27 21:14:44.75,1682601284750000000,,,,253.0,0.0,0.0,1912.0,10.0,,0.0,,0.0,,0.0,,0.0,1152.0,1.0,,0.0,,0.0,,0.0,,0.0
2023-04-27 21:14:45.25,1682601285250000000,,,,253.0,0.0,0.0,1911.5,1.0,1912.0,10.0,,0.0,,0.0,,0.0,1152.0,1.0,,0.0,,0.0,,0.0,,0.0
2023-04-27 21:14:45.5,1682601285500000000,,,,253.0,0.0,0.0,1911.5,1.0,,0.0,,0.0,,0.0,,0.0,1152.0,1.0,,0.0,,0.0,,0.0,,0.0
2023-04-27 21:14:45.75,1682601285750000000,,,,253.0,0.0,0.0,1911.0,10.0,1911.5,1.0,,0.0,,0.0,,0.0,1152.0,1.0,,0.0,,0.0,,0.0,,0.0
2023-04-27 21:14:47.25,1682601287250000000,,,,253.0,0.0,0.0,1910.5,1.0,1911.0,10.0,1911.5,1.0,,0.0,,0.0,1152.0,1.0,,0.0,,0.0,,0.0,,0.0
2023-04-27 21:14:47.5,1682601287500000000,,,,253.0,0.0,0.0,1910.5,1.0,1911.5,1.0,,0.0,,0.0,,0.0,1152.0,1.0,,0.0,,0.0,,0.0,,0.0
2023-04-27 21:14:47.75,1682601287750000000,,,,253.0,0.0,0.0,1910.0,10.0,1910.5,1.0,1911.5,1.0,,0.0,,0.0,1152.0,1.0,,0.0,,0.0,,0.0,,0.0
2023-04-27 21:18:15.5,1682601495500000000,,,,253.0,0.0,0.0,1910.0,10.0,1910.5,1.0,1911.5,1.0,,0.0,,0.0,1153.5,1.0,1152.0,1.0,,0.0,,0.0,,0.0
2023-04-27 21:32:12.25,1682602332250000000,,,,253.0,0.0,0.0,1910.5,1.0,1911.5,1.0,,0.0,,0.0,,0.0,1153.5,1.0,1152.0,1.0,,0.0,,0.0,,0.0
2023-04-27 21:32:56.75,1682602376750000000,,,,253.0,0.0,0.0,1910.0,10.0,1910.5,1.0,1911.5,1.0,,0.0,,0.0,1153.5,1.0,1152.0,1.0,,0.0,,0.0,,0.0
2023-04-27 21:39:20.25,1682602760250000000,,,,253.0,0.0,0.0,1910.0,10.0,1910.5,1.0,1911.5,1.0,,0.0,,0.0,1154.0,1.0,1153.5,1.0,1152.0,1.0,,0.0,,0.0
2023-04-27 21:39:20.75,1682602760750000000,,,,253.0,0.0,0.0,1910.0,10.0,1910.5,1.0,1911.5,1.0,,0.0,,0.0,1155.5,1.0,1154.0,1.0,1152.0,1.0,,0.0,,0.0
2023-04-27 21:39:26.25,1682602766250000000,,,,253.0,0.0,0.0,1910.0,10.0,1910.5,1.0,1911.5,1.0,,0.0,,0.0,1156.0,1.0,1155.5,1.0,1154.0,1.0,,0.0,,0.0
2023-04-27 21:39:26.75,1682602766750000000,,,,253.0,0.0,0.0,1910.0,10.0,1910.5,1.0,1911.5,1.0,,0.0,,0.0,1157.5,1.0,1156.0,1.0,1154.0,1.0,,0.0,,0.0
2023-04-27 21:39:36.25,1682602776250000000,,,,253.0,0.0,0.0,1910.0,10.0,1910.5,1.0,1911.5,1.0,,0.0,,0.0,1158.0,1.0,1157.5,1.0,1156.0,1.0,,0.0,,0.0
2023-04-27 21:39:36.75,1682602776750000000,,,,253.0,0.0,0.0,1910.0,10.0,1910.5,1.0,1911.5,1.0,,0.0,,0.0,1159.5,1.0,1158.0,1.0,1156.0,1.0,,0.0,,0.0
2023-04-27 21:39:55.25,1682602795250000000,,,,253.0,0.0,0.0,1910.0,10.0,1910.5,1.0,1911.5,1.0,,0.0,,0.0,1160.0,1.0,1159.5,1.0,1158.0,1.0,,0.0,,0.0
2023-04-27 21:39:55.75,1682602795750000000,,,,253.0,0.0,0.0,1910.0,10.0,1910.5,1.0,1911.5,1.0,,0.0,,0.0,1161.5,1.0,1160.0,1.0,1158.0,1.0,,0.0,,0.0
2023-04-27 22:00:29.25,1682604029250000000,,,,253.0,0.0,0.0,1910.0,10.0,1910.5,1.0,1911.5,1.0,,0.0,,0.0,1162.0,1.0,1161.5,1.0,1160.0,1.0,,0.0,,0.0
2023-04-27 22:00:29.75,1682604029750000000,,,,253.0,0.0,0.0,1910.0,10.0,1910.5,1.0,1911.5,1.0,,0.0,,0.0,1163.5,1.0,1162.0,1.0,1160.0,1.0,,0.0,,0.0
2023-04-27 22:00:53.25,1682604053250000000,,,,253.0,0.0,0.0,1910.0,10.0,1910.5,1.0,1911.5,1.0,,0.0,,0.0,1164.0,1.0,1163.5,1.0,1162.0,1.0,,0.0,,0.0
2023-04-27 22:00:53.75,1682604053750000000,,,,253.0,0.0,0.0,1910.0,10.0,1910.5,1.0,1911.5,1.0,,0.0,,0.0,1165.5,1.0,1164.0,1.0,1162.0,1.0,,0.0,,0.0
2023-04-27 22:01:46.25,1682604106250000000,,,,253.0,0.0,0.0,1910.0,10.0,1910.5,1.0,1911.5,1.0,,0.0,,0.0,1166.0,1.0,1165.5,1.0,1164.0,1.0,,0.0,,0.0
2023-04-27 22:01:46.75,1682604106750000000,,,,253.0,0.0,0.0,1910.0,10.0,1910.5,1.0,1911.5,1.0,,0.0,,0.0,1167.5,1.0,1166.0,1.0,1164.0,1.0,,0.0,,0.0
2023-04-27 22:02:08.25,1682604128250000000,,,,253.0,0.0,0.0,1910.0,10.0,1910.5,1.0,1911.5,1.0,,0.0,,0.0,1168.0,1.0,1167.5,1.0,1166.0,1.0,,0.0,,0.0
2023-04-27 22:02:08.75,1682604128750000000,,,,253.0,0.0,0.0,1910.0,10.0,1910.5,1.0,1911.5,1.0,,0.0,,0.0,1169.5,1.0,1168.0,1.0,1166.0,1.0,,0.0,,0.0
2023-04-27 22:02:22.25,1682604142250000000,,,,253.0,0.0,0.0,1910.0,10.0,1910.5,1.0,1911.5,1.0,,0.0,,0.0,1170.0,1.0,1169.5,1.0,1168.0,1.0,,0.0,,0.0
2023-04-27 22:02:22.75,1682604142750000000,,,,253.0,0.0,0.0,1910.0,10.0,1910.5,1.0,1911.5,1.0,,0.0,,0.0,1170.0,1.0,1168.0,1.0,,0.0,,0.0,,0.0
2023-04-27 22:02:32.25,1682604152250000000,,,,253.0,0.0,0.0,1909.5,1.0,1910.0,10.0,1910.5,1.0,,0.0,,0.0,1170.0,1.0,1168.0,1.0,,0.0,,0.0,,0.0
2023-04-27 22:02:32.5,1682604152500000000,,,,253.0,0.0,0.0,1909.5,1.0,1910.5,1.0,,0.0,,0.0,,0.0,1170.0,1.0,1168.0,1.0,,0.0,,0.0,,0.0
2023-04-27 22:02:32.75,1682604152750000000,,,,253.0,0.0,0.0,1909.0,10.0,1909.5,1.0,1910.5,1.0,,0.0,,0.0,1170.0,1.0,1168.0,1.0,,0.0,,0.0,,0.0
2023-04-27 22:02:42.25,1682604162250000000,,,,253.0,0.0,0.0,1908.5,1.0,1909.0,10.0,1909.5,1.0,,0.0,,0.0,1170.0,1.0,1168.0,1.0,,0.0,,0.0,,0.0
2023-04-27 22:02:42.5,1682604162500000000,,,,253.0,0.0,0.0,1908.5,1.0,1909.5,1.0,,0.0,,0.0,,0.0,1170.0,1.0,1168.0,1.0,,0.0,,0.0,,0.0
2023-04-27 22:02:42.75,1682604162750000000,,,,253.0,0.0,0.0,1908.0,10.0,1908.5,1.0,1909.5,1.0,,0.0,,0.0,1170.0,1.0,1168.0,1.0,,0.0,,0.0,,0.0
2023-04-27 22:02:53.25,1682604173250000000,,,,253.0,0.0,0.0,1907.5,1.0,1908.0,10.0,1908.5,1.0,,0.0,,0.0,1170.0,1.0,1168.0,1.0,,0.0,,0.0,,0.0
2023-04-27 22:02:53.5,1682604173500000000,,,,253.0,0.0,0.0,1907.5,1.0,1908.5,1.0,,0.0,,0.0,,0.0,1170.0,1.0,1168.0,1.0,,0.0,,0.0,,0.0
2023-04-27 22:02:53.75,1682604173750000000,,,,253.0,0.0,0.0,1907.0,10.0,1907.5,1.0,1908.5,1.0,,0.0,,0.0,1170.0,1.0,1168.0,1.0,,0.0,,0.0,,0.0
2023-04-27 22:18:15.5,1682605095500000000,,,,253.0,0.0,0.0,1907.0,10.0,1907.5,1.0,1908.5,1.0,,0.0,,0.0,1171.5,1.0,1170.0,1.0,1168.0,1.0,,0.0,,0.0
2023-04-27 22:24:56.25,1682605496250000000,,,,253.0,0.0,0.0,1907.0,10.0,1907.5,1.0,1908.5,1.0,,0.0,,0.0,1172.0,1.0,1171.5,1.0,1170.0,1.0,,0.0,,0.0
2023-04-27 22:24:56.75,1682605496750000000,,,,253.0,0.0,0.0,1907.0,10.0,1907.5,1.0,1908.5,1.0,,0.0,,0.0,1173.5,1.0,1172.0,1.0,1170.0,1.0,,0.0,,0.0
2023-04-27 22:25:51.25,1682605551250000000,,,,253.0,0.0,0.0,1907.0,10.0,1907.5,1.0,1908.5,1.0,,0.0,,0.0,1174.0,1.0,1173.5,1.0,1172.0,1.0,,0.0,,0.0
2023-04-27 22:25:51.75,1682605551750000000,,,,253.0,0.0,0.0,1907.0,10.0,1907.5,1.0,1908.5,1.0,,0.0,,0.0,1175.5,1.0,1174.0,1.0,1172.0,1.0,,0.0,,0.0
2023-04-27 22:26:06.25,1682605566250000000,,,,253.0,0.0,0.0,1907.0,10.0,1907.5,1.0,1908.5,1.0,,0.0,,0.0,1176.0,1.0,1175.5,1.0,1174.0,1.0,,0.0,,0.0
2023-04-27 22:26:06.75,1682605566750000000,,,,253.0,0.0,0.0,1907.0,10.0,1907.5,1.0,1908.5,1.0,,0.0,,0.0,1177.5,1.0,1176.0,1.0,1174.0,1.0,,0.0,,0.0
2023-04-27 22:26:22.25,1682605582250000000,,,,253.0,0.0,0.0,1907.0,10.0,1907.5,1.0,1908.5,1.0,,0.0,,0.0,1178.0,1.0,1177.5,1.0,1176.0,1.0,,0.0,,0.0
2023-04-27 22:26:22.75,1682605582750000000,,,,253.0,0.0,0.0,1907.0,10.0,1907.5,1.0,1908.5,1.0,,0.0,,0.0,1179.5,1.0,1178.0,1.0,1176.0,1.0,,0.0,,0.0
2023-04-27 22:26:59.25,1682605619250000000,,,,253.0,0.0,0.0,1907.0,10.0,1907.5,1.0,1908.5,1.0,,0.0,,0.0,1180.0,1.0,1179.5,1.0,1178.0,1.0,,0.0,,0.0
2023-04-27 22:26:59.75,1682605619750000000,,,,253.0,0.0,0.0,1907.0,10.0,1907.5,1.0,1908.5,1.0,,0.0,,0.0,1181.5,1.0,1180.0,1.0,1178.0,1.0,,0.0,,0.0
2023-04-27 22:47:44.25,1682606864250000000,,,,253.0,0.0,0.0,1907.0,10.0,1907.5,1.0,1908.5,1.0,,0.0,,0.0,1182.0,1.0,1181.5,1.0,1180.0,1.0,,0.0,,0.0
2023-04-27 22:47:44.75,1682606864750000000,,,,253.0,0.0,0.0,1907.0,10.0,1907.5,1.0,1908.5,1.0,,0.0,,0.0,1183.5,1.0,1182.0,1.0,1180.0,1.0,,0.0,,0.0
2023-04-27 22:57:36.0,1682607456000000000,,,,253.0,0.0,0.0,1907.5,1.0,1908.5,1.0,,0.0,,0.0,,0.0,1183.5,1.0,1182.0,1.0,1180.0,1.0,,0.0,,0.0
2023-04-27 22:57:39.25,1682607459250000000,,,,253.0,0.0,0.0,,0.0,,0.0,,0.0,,0.0,,0.0,1183.5,1.0,1182.0,1.0,1180.0,1.0,,0.0,,0.0
2023-04-27 22:59:40.75,1682607580750000000,,,,253.0,0.0,0.0,,0.0,,0.0,,0.0,,0.0,,0.0,1182.0,1.0,1180.0,1.0,,0.0,,0.0,,0.0
2023-04-28 08:55:00.0,1682643300000000000,,,,253.0,0.0,0.0,,0.0,,0.0,,0.0,,0.0,,0.0,1182.0,1.0,1180.0,1.0,,0.0,,0.0,,0.0
2023-04-28 09:00:12.5,1682643612500000000,,,,253.0,0.0,0.0,2254.5,1.0,,0.0,,0.0,,0.0,,0.0,1183.5,1.0,1182.0,1.0,1180.0,1.0,,0.0,,0.0
2023-04-28 09:01:10.75,1682643670750000000,,,,253.0,0.0,0.0,2254.0,10.0,2254.5,1.0,,0.0,,0.0,,0.0,1183.5,1.0,1182.0,1.0,1180.0,1.0,,0.0,,0.0
2023-04-28 09:01:11.0,1682643671000000000,,,,253.0,0.0,0.0,2252.5,1.0,2254.0,10.0,,0.0,,0.0,,0.0,1183.5,1.0,1182.0,1.0,1180.0,1.0,,0.0,,0.0
2023-04-28 09:01:11.25,1682643671250000000,,,,253.0,0.0,0.0,2252.0,10.0,2252.5,1.0,,0.0,,0.0,,0.0,1183.5,1.0,1182.0,1.0,1180.0,1.0,,0.0,,0.0
2023-04-28 09:01:11.5,1682643671500000000,,,,253.0,0.0,0.0,2252.0,10.0,,0.0,,0.0,,0.0,,0.0,1183.5,1.0,1182.0,1.0,1180.0,1.0,,0.0,,0.0
2023-04-28 09:01:13.5,1682643673500000000,,,,253.0,0.0,0.0,2250.5,1.0,2252.0,10.0,,0.0,,0.0,,0.0,1183.5,1.0,1182.0,1.0,1180.0,1.0,,0.0,,0.0
2023-04-28 09:01:13.75,1682643673750000000,,,,253.0,0.0,0.0,2250.5,1.0,,0.0,,0.0,,0.0,,0.0,1183.5,1.0,1182.0,1.0,1180.0,1.0,,0.0,,0.0
2023-04-28 09:01:14.0,1682643674000000000,,,,253.0,0.0,0.0,2250.0,10.0,2250.5,1.0,,0.0,,0.0,,0.0,1183.5,1.0,1182.0,1.0,1180.0,1.0,,0.0,,0.0
2023-04-28 09:01:14.5,1682643674500000000,,,,253.0,0.0,0.0,2250.0,10.0,,0.0,,0.0,,0.0,,0.0,1183.5,1.0,1182.0,1.0,1180.0,1.0,,0.0,,0.0
2023-04-28 09:01:15.5,1682643675500000000,,,,253.0,0.0,0.0,2248.5,1.0,2250.0,10.0,,0.0,,0.0,,0.0,1183.5,1.0,1182.0,1.0,1180.0,1.0,,0.0,,0.0
2023-04-28 09:01:15.75,1682643675750000000,,,,253.0,0.0,0.0,2248.5,1.0,,0.0,,0.0,,0.0,,0.0,1183.5,1.0,1182.0,1.0,1180.0,1.0,,0.0,,0.0
2023-04-28 09:01:16.0,1682643676000000000,,,,253.0,0.0,0.0,2248.0,10.0,2248.5,1.0,,0.0,,0.0,,0.0,1183.5,1.0,1182.0,1.0,1180.0,1.0,,0.0,,0.0
2023-04-28 09:01:16.5,1682643676500000000,,,,253.0,0.0,0.0,2246.5,1.0,2248.0,10.0,,0.0,,0.0,,0.0,1183.5,1.0,1182.0,1.0,1180.0,1.0,,0.0,,0.0
2023-04-28 09:01:16.75,1682643676750000000,,,,253.0,0.0,0.0,2246.5,1.0,,0.0,,0.0,,0.0,,0.0,1183.5,1.0,1182.0,1.0,1180.0,1.0,,0.0,,0.0
2023-04-28 09:01:17.0,1682643677000000000,,,,253.0,0.0,0.0,2246.0,10.0,2246.5,1.0,,0.0,,0.0,,0.0,1183.5,1.0,1182.0,1.0,1180.0,1.0,,0.0,,0.0
2023-04-28 09:01:17.5,1682643677500000000,,,,253.0,0.0,0.0,2244.5,1.0,2246.0,10.0,,0.0,,0.0,,0.0,1183.5,1.0,1182.0,1.0,1180.0,1.0,,0.0,,0.0
2023-04-28 09:01:17.75,1682643677750000000,,,,253.0,0.0,0.0,2244.5,1.0,,0.0,,0.0,,0.0,,0.0,1183.5,1.0,1182.0,1.0,1180.0,1.0,,0.0,,0.0
2023-04-28 09:01:18.0,1682643678000000000,,,,253.0,0.0,0.0,2244.0,10.0,2244.5,1.0,,0.0,,0.0,,0.0,1183.5,1.0,1182.0,1.0,1180.0,1.0,,0.0,,0.0
2023-04-28 09:01:18.5,1682643678500000000,,,,253.0,0.0,0.0,2242.5,1.0,2244.0,10.0,,0.0,,0.0,,0.0,1183.5,1.0,1182.0,1.0,1180.0,1.0,,0.0,,0.0
2023-04-28 09:01:18.75,1682643678750000000,,,,253.0,0.0,0.0,2242.5,1.0,,0.0,,0.0,,0.0,,0.0,1183.5,1.0,1182.0,1.0,1180.0,1.0,,0.0,,0.0
2023-04-28 09:01:19.0,1682643679000000000,,,,253.0,0.0,0.0,2242.0,10.0,2242.5,1.0,,0.0,,0.0,,0.0,1183.5,1.0,1182.0,1.0,1180.0,1.0,,0.0,,0.0
2023-04-28 09:01:19.5,1682643679500000000,,,,253.0,0.0,0.0,2240.5,1.0,2242.0,10.0,,0.0,,0.0,,0.0,1183.5,1.0,1182.0,1.0,1180.0,1.0,,0.0,,0.0
2023-04-28 09:01:19.75,1682643679750000000,,,,253.0,0.0,0.0,2240.5,1.0,,0.0,,0.0,,0.0,,0.0,1183.5,1.0,1182.0,1.0,1180.0,1.0,,0.0,,0.0
2023-04-28 09:01:20.0,1682643680000000000,,,,253.0,0.0,0.0,2240.0,10.0,2240.5,1.0,,0.0,,0.0,,0.0,1183.5,1.0,1182.0,1.0,1180.0,1.0,,0.0,,0.0
2023-04-28 09:01:20.5,1682643680500000000,,,,253.0,0.0,0.0,2238.5,1.0,2240.0,10.0,,0.0,,0.0,,0.0,1183.5,1.0,1182.0,1.0,1180.0,1.0,,0.0,,0.0
2023-04-28 09:01:20.75,1682643680750000000,,,,253.0,0.0,0.0,2238.5,1.0,,0.0,,0.0,,0.0,,0.0,1183.5,1.0,1182.0,1.0,1180.0,1.0,,0.0,,0.0
2023-04-28 09:01:21.0,1682643681000000000,,,,253.0,0.0,0.0,2238.0,10.0,2238.5,1.0,,0.0,,0.0,,0.0,1183.5,1.0,1182.0,1.0,1180.0,1.0,,0.0,,0.0
2023-04-28 09:01:21.5,1682643681500000000,,,,253.0,0.0,0.0,2238.0,10.0,,0.0,,0.0,,0.0,,0.0,1183.5,1.0,1182.0,1.0,1180.0,1.0,,0.0,,0.0
2023-04-28 09:01:22.5,1682643682500000000,,,,253.0,0.0,0.0,2236.5,1.0,2238.0,10.0,,0.0,,0.0,,0.0,1183.5,1.0,1182.0,1.0,1180.0,1.0,,0.0,,0.0
2023-04-28 09:01:22.75,1682643682750000000,,,,253.0,0.0,0.0,2236.5,1.0,,0.0,,0.0,,0.0,,0.0,1183.5,1.0,1182.0,1.0,1180.0,1.0,,0.0,,0.0
2023-04-28 09:01:23.0,1682643683000000000,,,,253.0,0.0,0.0,2236.0,10.0,2236.5,1.0,,0.0,,0.0,,0.0,1183.5,1.0,1182.0,1.0,1180.0,1.0,,0.0,,0.0
2023-04-28 09:01:23.5,1682643683500000000,,,,253.0,0.0,0.0,2234.5,1.0,2236.0,10.0,,0.0,,0.0,,0.0,1183.5,1.0,1182.0,1.0,1180.0,1.0,,0.0,,0.0
2023-04-28 09:01:23.75,1682643683750000000,,,,253.0,0.0,0.0,2234.5,1.0,,0.0,,0.0,,0.0,,0.0,1183.5,1.0,1182.0,1.0,1180.0,1.0,,0.0,,0.0
2023-04-28 09:01:24.0,1682643684000000000,,,,253.0,0.0,0.0,2234.0,10.0,2234.5,1.0,,0.0,,0.0,,0.0,1183.5,1.0,1182.0,1.0,1180.0,1.0,,0.0,,0.0
2023-04-28 09:01:24.5,1682643684500000000,,,,253.0,0.0,0.0,2232.5,1.0,2234.0,10.0,,0.0,,0.0,,0.0,1183.5,1.0,1182.0,1.0,1180.0,1.0,,0.0,,0.0
2023-04-28 09:01:24.75,1682643684750000000,,,,253.0,0.0,0.0,2232.5,1.0,,0.0,,0.0,,0.0,,0.0,1183.5,1.0,1182.0,1.0,1180.0,1.0,,0.0,,0.0
2023-04-28 09:01:25.0,1682643685000000000,,,,253.0,0.0,0.0,2232.0,10.0,2232.5,1.0,,0.0,,0.0,,0.0,1183.5,1.0,1182.0,1.0,1180.0,1.0,,0.0,,0.0
2023-04-28 09:01:25.5,1682643685500000000,,,,253.0,0.0,0.0,2232.0,10.0,,0.0,,0.0,,0.0,,0.0,1183.5,1.0,1182.0,1.0,1180.0,1.0,,0.0,,0.0
2023-04-28 09:01:29.5,1682643689500000000,,,,253.0,0.0,0.0,2230.5,1.0,2232.0,10.0,,0.0,,0.0,,0.0,1183.5,1.0,1182.0,1.0,1180.0,1.0,,0.0,,0.0
2023-04-28 09:01:29.75,1682643689750000000,,,,253.0,0.0,0.0,2230.5,1.0,,0.0,,0.0,,0.0,,0.0,1183.5,1.0,1182.0,1.0,1180.0,1.0,,0.0,,0.0
2023-04-28 09:01:30.0,1682643690000000000,,,,253.0,0.0,0.0,2230.0,10.0,2230.5,1.0,,0.0,,0.0,,0.0,1183.5,1.0,1182.0,1.0,1180.0,1.0,,0.0,,0.0
2023-04-28 09:01:30.5,1682643690500000000,,,,253.0,0.0,0.0,2228.5,1.0,2230.0,10.0,,0.0,,0.0,,0.0,1183.5,1.0,1182.0,1.0,1180.0,1.0,,0.0,,0.0
2023-04-28 09:01:30.75,1682643690750000000,,,,253.0,0.0,0.0,2228.5,1.0,,0.0,,0.0,,0.0,,0.0,1183.5,1.0,1182.0,1.0,1180.0,1.0,,0.0,,0.0
2023-04-28 09:01:31.0,1682643691000000000,,,,253.0,0.0,0.0,2228.0,10.0,2228.5,1.0,,0.0,,0.0,,0.0,1183.5,1.0,1182.0,1.0,1180.0,1.0,,0.0,,0.0
2023-04-28 09:01:31.5,1682643691500000000,,,,253.0,0.0,0.0,2228.0,10.0,,0.0,,0.0,,0.0,,0.0,1183.5,1.0,1182.0,1.0,1180.0,1.0,,0.0,,0.0
2023-04-28 09:01:32.5,1682643692500000000,,,,253.0,0.0,0.0,2226.5,1.0,2228.0,10.0,,0.0,,0.0,,0.0,1183.5,1.0,1182.0,1.0,1180.0,1.0,,0.0,,0.0
2023-04-28 09:01:32.75,1682643692750000000,,,,253.0,0.0,0.0,2226.5,1.0,,0.0,,0.0,,0.0,,0.0,1183.5,1.0,1182.0,1.0,1180.0,1.0,,0.0,,0.0
2023-04-28 09:01:33.0,1682643693000000000,,,,253.0,0.0,0.0,2226.0,10.0,2226.5,1.0,,0.0,,0.0,,0.0,1183.5,1.0,1182.0,1.0,1180.0,1.0,,0.0,,0.0
2023-04-28 09:01:33.5,1682643693500000000,,,,253.0,0.0,0.0,2226.0,10.0,,0.0,,0.0,,0.0,,0.0,1183.5,1.0,1182.0,1.0,1180.0,1.0,,0.0,,0.0
2023-04-28 09:01:36.5,1682643696500000000,,,,253.0,0.0,0.0,2224.5,1.0,2226.0,10.0,,0.0,,0.0,,0.0,1183.5,1.0,1182.0,1.0,1180.0,1.0,,0.0,,0.0
2023-04-28 09:01:36.75,1682643696750000000,,,,253.0,0.0,0.0,2224.5,1.0,,0.0,,0.0,,0.0,,0.0,1183.5,1.0,1182.0,1.0,1180.0,1.0,,0.0,,0.0
2023-04-28 09:01:37.0,1682643697000000000,,,,253.0,0.0,0.0,2224.0,10.0,2224.5,1.0,,0.0,,0.0,,0.0,1183.5,1.0,1182.0,1.0,1180.0,1.0,,0.0,,0.0
2023-04-28 09:01:37.5,1682643697500000000,,,,253.0,0.0,0.0,2222.5,1.0,2224.0,10.0,,0.0,,0.0,,0.0,1183.5,1.0,1182.0,1.0,1180.0,1.0,,0.0,,0.0
2023-04-28 09:01:37.75,1682643697750000000,,,,253.0,0.0,0.0,2222.5,1.0,,0.0,,0.0,,0.0,,0.0,1183.5,1.0,1182.0,1.0,1180.0,1.0,,0.0,,0.0
2023-04-28 09:01:38.0,1682643698000000000,,,,253.0,0.0,0.0,2222.0,10.0,2222.5,1.0,,0.0,,0.0,,0.0,1183.5,1.0,1182.0,1.0,1180.0,1.0,,0.0,,0.0
2023-04-28 09:01:38.5,1682643698500000000,,,,253.0,0.0,0.0,2222.0,10.0,,0.0,,0.0,,0.0,,0.0,1183.5,1.0,1182.0,1.0,1180.0,1.0,,0.0,,0.0
2023-04-28 09:01:39.5,1682643699500000000,,,,253.0,0.0,0.0,2220.5,1.0,2222.0,10.0,,0.0,,0.0,,0.0,1183.5,1.0,1182.0,1.0,1180.0,1.0,,0.0,,0.0
2023-04-28 09:01:39.75,1682643699750000000,,,,253.0,0.0,0.0,2220.5,1.0,,0.0,,0.0,,0.0,,0.0,1183.5,1.0,1182.0,1.0,1180.0,1.0,,0.0,,0.0
2023-04-28 09:01:40.0,1682643700000000000,,,,253.0,0.0,0.0,2220.0,10.0,2220.5,1.0,,0.0,,0.0,,0.0,1183.5,1.0,1182.0,1.0,1180.0,1.0,,0.0,,0.0
2023-04-28 09:01:40.5,1682643700500000000,,,,253.0,0.0,0.0,2218.5,1.0,2220.0,10.0,,0.0,,0.0,,0.0,1183.5,1.0,1182.0,1.0,1180.0,1.0,,0.0,,0.0
2023-04-28 09:01:40.75,1682643700750000000,,,,253.0,0.0,0.0,2218.5,1.0,,0.0,,0.0,,0.0,,0.0,1183.5,1.0,1182.0,1.0,1180.0,1.0,,0.0,,0.0
2023-04-28 09:01:41.0,1682643701000000000,,,,253.0,0.0,0.0,2218.0,10.0,2218.5,1.0,,0.0,,0.0,,0.0,1183.5,1.0,1182.0,1.0,1180.0,1.0,,0.0,,0.0
2023-04-28 09:01:41.5,1682643701500000000,,,,253.0,0.0,0.0,2216.5,1.0,2218.0,10.0,,0.0,,0.0,,0.0,1183.5,1.0,1182.0,1.0,1180.0,1.0,,0.0,,0.0
2023-04-28 09:01:41.75,1682643701750000000,,,,253.0,0.0,0.0,2216.5,1.0,,0.0,,0.0,,0.0,,0.0,1183.5,1.0,1182.0,1.0,1180.0,1.0,,0.0,,0.0
2023-04-28 09:01:42.0,1682643702000000000,,,,253.0,0.0,0.0,2216.0,10.0,2216.5,1.0,,0.0,,0.0,,0.0,1183.5,1.0,1182.0,1.0,1180.0,1.0,,0.0,,0.0
2023-04-28 09:01:42.5,1682643702500000000,,,,253.0,0.0,0.0,2216.0,10.0,,0.0,,0.0,,0.0,,0.0,1183.5,1.0,1182.0,1.0,1180.0,1.0,,0.0,,0.0
2023-04-28 09:01:45.5,1682643705500000000,,,,253.0,0.0,0.0,2214.5,1.0,2216.0,10.0,,0.0,,0.0,,0.0,1183.5,1.0,1182.0,1.0,1180.0,1.0,,0.0,,0.0
2023-04-28 09:01:45.75,1682643705750000000,,,,253.0,0.0,0.0,2214.5,1.0,,0.0,,0.0,,0.0,,0.0,1183.5,1.0,1182.0,1.0,1180.0,1.0,,0.0,,0.0
2023-04-28 09:01:46.0,1682643706000000000,,,,253.0,0.0,0.0,2214.0,10.0,2214.5,1.0,,0.0,,0.0,,0.0,1183.5,1.0,1182.0,1.0,1180.0,1.0,,0.0,,0.0
2023-04-28 09:01:46.5,1682643706500000000,,,,253.0,0.0,0.0,2212.5,1.0,2214.0,10.0,,0.0,,0.0,,0.0,1183.5,1.0,1182.0,1.0,1180.0,1.0,,0.0,,0.0
2023-04-28 09:01:46.75,1682643706750000000,,,,253.0,0.0,0.0,2212.5,1.0,,0.0,,0.0,,0.0,,0.0,1183.5,1.0,1182.0,1.0,1180.0,1.0,,0.0,,0.0
2023-04-28 09:01:47.0,1682643707000000000,,,,253.0,0.0,0.0,2212.0,10.0,2212.5,1.0,,0.0,,0.0,,0.0,1183.5,1.0,1182.0,1.0,1180.0,1.0,,0.0,,0.0
2023-04-28 09:01:47.5,1682643707500000000,,,,253.0,0.0,0.0,2212.0,10.0,,0.0,,0.0,,0.0,,0.0,1183.5,1.0,1182.0,1.0,1180.0,1.0,,0.0,,0.0
2023-04-28 09:01:49.5,1682643709500000000,,,,253.0,0.0,0.0,2210.5,1.0,2212.0,10.0,,0.0,,0.0,,0.0,1183.5,1.0,1182.0,1.0,1180.0,1.0,,0.0,,0.0
2023-04-28 09:01:49.75,1682643709750000000,,,,253.0,0.0,0.0,2210.5,1.0,,0.0,,0.0,,0.0,,0.0,1183.5,1.0,1182.0,1.0,1180.0,1.0,,0.0,,0.0
2023-04-28 09:01:50.0,1682643710000000000,,,,253.0,0.0,0.0,2210.0,10.0,2210.5,1.0,,0.0,,0.0,,0.0,1183.5,1.0,1182.0,1.0,1180.0,1.0,,0.0,,0.0
2023-04-28 09:01:50.5,1682643710500000000,,,,253.0,0.0,0.0,2208.5,1.0,2210.0,10.0,,0.0,,0.0,,0.0,1183.5,1.0,1182.0,1.0,1180.0,1.0,,0.0,,0.0
2023-04-28 09:01:50.75,1682643710750000000,,,,253.0,0.0,0.0,2208.5,1.0,,0.0,,0.0,,0.0,,0.0,1183.5,1.0,1182.0,1.0,1180.0,1.0,,0.0,,0.0
2023-04-28 09:01:51.0,1682643711000000000,,,,253.0,0.0,0.0,2208.0,10.0,2208.5,1.0,,0.0,,0.0,,0.0,1183.5,1.0,1182.0,1.0,1180.0,1.0,,0.0,,0.0
2023-04-28 09:01:51.5,1682643711500000000,,,,253.0,0.0,0.0,2208.0,10.0,,0.0,,0.0,,0.0,,0.0,1183.5,1.0,1182.0,1.0,1180.0,1.0,,0.0,,0.0
2023-04-28 09:01:52.5,1682643712500000000,,,,253.0,0.0,0.0,2206.5,1.0,2208.0,10.0,,0.0,,0.0,,0.0,1183.5,1.0,1182.0,1.0,1180.0,1.0,,0.0,,0.0
2023-04-28 09:01:52.75,1682643712750000000,,,,253.0,0.0,0.0,2206.5,1.0,,0.0,,0.0,,0.0,,0.0,1183.5,1.0,1182.0,1.0,1180.0,1.0,,0.0,,0.0
2023-04-28 09:01:53.0,1682643713000000000,,,,253.0,0.0,0.0,2206.0,10.0,2206.5,1.0,,0.0,,0.0,,0.0,1183.5,1.0,1182.0,1.0,1180.0,1.0,,0.0,,0.0
2023-04-28 09:01:53.5,1682643713500000000,,,,253.0,0.0,0.0,2206.0,10.0,,0.0,,0.0,,0.0,,0.0,1183.5,1.0,1182.0,1.0,1180.0,1.0,,0.0,,0.0
2023-04-28 09:01:56.75,1682643716750000000,,,,253.0,0.0,0.0,2204.5,1.0,2206.0,10.0,,0.0,,0.0,,0.0,1183.5,1.0,1182.0,1.0,1180.0,1.0,,0.0,,0.0
2023-04-28 09:01:57.0,1682643717000000000,,,,253.0,0.0,0.0,2204.5,1.0,,0.0,,0.0,,0.0,,0.0,1183.5,1.0,1182.0,1.0,1180.0,1.0,,0.0,,0.0
2023-04-28 09:01:57.25,1682643717250000000,,,,253.0,0.0,0.0,2204.0,10.0,2204.5,1.0,,0.0,,0.0,,0.0,1183.5,1.0,1182.0,1.0,1180.0,1.0,,0.0,,0.0
2023-04-28 09:01:57.75,1682643717750000000,,,,253.0,0.0,0.0,2202.5,1.0,2204.0,10.0,,0.0,,0.0,,0.0,1183.5,1.0,1182.0,1.0,1180.0,1.0,,0.0,,0.0
2023-04-28 09:01:58.0,1682643718000000000,,,,253.0,0.0,0.0,2202.5,1.0,,0.0,,0.0,,0.0,,0.0,1183.5,1.0,1182.0,1.0,1180.0,1.0,,0.0,,0.0
2023-04-28 09:01:58.25,1682643718250000000,,,,253.0,0.0,0.0,2202.0,10.0,2202.5,1.0,,0.0,,0.0,,0.0,1183.5,1.0,1182.0,1.0,1180.0,1.0,,0.0,,0.0
2023-04-28 09:01:58.75,1682643718750000000,,,,253.0,0.0,0.0,2200.5,1.0,2202.0,10.0,,0.0,,0.0,,0.0,1183.5,1.0,1182.0,1.0,1180.0,1.0,,0.0,,0.0
2023-04-28 09:01:59.0,1682643719000000000,,,,253.0,0.0,0.0,2200.5,1.0,,0.0,,0.0,,0.0,,0.0,1183.5,1.0,1182.0,1.0,1180.0,1.0,,0.0,,0.0
2023-04-28 09:01:59.25,1682643719250000000,,,,253.0,0.0,0.0,2200.0,10.0,2200.5,1.0,,0.0,,0.0,,0.0,1183.5,1.0,1182.0,1.0,1180.0,1.0,,0.0,,0.0
2023-04-28 09:01:59.75,1682643719750000000,,,,253.0,0.0,0.0,2200.0,10.0,,0.0,,0.0,,0.0,,0.0,1183.5,1.0,1182.0,1.0,1180.0,1.0,,0.0,,0.0
2023-04-28 09:02:03.75,1682643723750000000,,,,253.0,0.0,0.0,2198.5,1.0,2200.0,10.0,,0.0,,0.0,,0.0,1183.5,1.0,1182.0,1.0,1180.0,1.0,,0.0,,0.0
2023-04-28 09:02:04.0,1682643724000000000,,,,253.0,0.0,0.0,2198.5,1.0,,0.0,,0.0,,0.0,,0.0,1183.5,1.0,1182.0,1.0,1180.0,1.0,,0.0,,0.0
2023-04-28 09:02:04.25,1682643724250000000,,,,253.0,0.0,0.0,2198.0,10.0,2198.5,1.0,,0.0,,0.0,,0.0,1183.5,1.0,1182.0,1.0,1180.0,1.0,,0.0,,0.0
2023-04-28 09:02:04.75,1682643724750000000,,,,253.0,0.0,0.0,2196.5,1.0,2198.0,10.0,,0.0,,0.0,,0.0,1183.5,1.0,1182.0,1.0,1180.0,1.0,,0.0,,0.0
2023-04-28 09:02:05.0,1682643725000000000,,,,253.0,0.0,0.0,2196.5,1.0,,0.0,,0.0,,0.0,,0.0,1183.5,1.0,1182.0,1.0,1180.0,1.0,,0.0,,0.0
2023-04-28 09:02:05.25,1682643725250000000,,,,253.0,0.0,0.0,2196.0,10.0,2196.5,1.0,,0.0,,0.0,,0.0,1183.5,1.0,1182.0,1.0,1180.0,1.0,,0.0,,0.0
2023-04-28 09:02:05.75,1682643725750000000,,,,253.0,0.0,0.0,2194.5,1.0,2196.0,10.0,,0.0,,0.0,,0.0,1183.5,1.0,1182.0,1.0,1180.0,1.0,,0.0,,0.0
2023-04-28 09:02:06.0,1682643726000000000,,,,253.0,0.0,0.0,2194.5,1.0,,0.0,,0.0,,0.0,,0.0,1183.5,1.0,1182.0,1.0,1180.0,1.0,,0.0,,0.0
2023-04-28 09:02:06.25,1682643726250000000,,,,253.0,0.0,0.0,2194.0,10.0,2194.5,1.0,,0.0,,0.0,,0.0,1183.5,1.0,1182.0,1.0,1180.0,1.0,,0.0,,0.0
2023-04-28 09:02:06.75,1682643726750000000,,,,253.0,0.0,0.0,2194.0,10.0,,0.0,,0.0,,0.0,,0.0,1183.5,1.0,1182.0,1.0,1180.0,1.0,,0.0,,0.0
2023-04-28 09:02:15.0,1682643735000000000,,,,253.0,0.0,0.0,2192.5,1.0,2194.0,10.0,,0.0,,0.0,,0.0,1183.5,1.0,1182.0,1.0,1180.0,1.0,,0.0,,0.0
2023-04-28 09:02:15.25,1682643735250000000,,,,253.0,0.0,0.0,2192.5,1.0,,0.0,,0.0,,0.0,,0.0,1183.5,1.0,1182.0,1.0,1180.0,1.0,,0.0,,0.0
2023-04-28 09:02:15.5,1682643735500000000,,,,253.0,0.0,0.0,2192.0,10.0,2192.5,1.0,,0.0,,0.0,,0.0,1183.5,1.0,1182.0,1.0,1180.0,1.0,,0.0,,0.0
2023-04-28 09:02:15.75,1682643735750000000,,,,253.0,0.0,0.0,2190.5,1.0,2192.0,10.0,,0.0,,0.0,,0.0,1183.5,1.0,1182.0,1.0,1180.0,1.0,,0.0,,0.0
2023-04-28 09:02:16.0,1682643736000000000,,,,253.0,0.0,0.0,2190.5,1.0,,0.0,,0.0,,0.0,,0.0,1183.5,1.0,1182.0,1.0,1180.0,1.0,,0.0,,0.0
2023-04-28 09:02:16.25,1682643736250000000,,,,253.0,0.0,0.0,2190.0,10.0,2190.5,1.0,,0.0,,0.0,,0.0,1183.5,1.0,1182.0,1.0,1180.0,1.0,,0.0,,0.0
2023-04-28 09:02:16.75,1682643736750000000,,,,253.0,0.0,0.0,2190.0,10.0,,0.0,,0.0,,0.0,,0.0,1183.5,1.0,1182.0,1.0,1180.0,1.0,,0.0,,0.0
2023-04-28 09:02:20.75,1682643740750000000,,,,253.0,0.0,0.0,2188.5,1.0,2190.0,10.0,,0.0,,0.0,,0.0,1183.5,1.0,1182.0,1.0,1180.0,1.0,,0.0,,0.0
2023-04-28 09:02:21.0,1682643741000000000,,,,253.0,0.0,0.0,2188.5,1.0,,0.0,,0.0,,0.0,,0.0,1183.5,1.0,1182.0,1.0,1180.0,1.0,,0.0,,0.0
2023-04-28 09:02:21.25,1682643741250000000,,,,253.0,0.0,0.0,2188.0,10.0,2188.5,1.0,,0.0,,0.0,,0.0,1183.5,1.0,1182.0,1.0,1180.0,1.0,,0.0,,0.0
2023-04-28 09:02:21.75,1682643741750000000,,,,253.0,0.0,0.0,2186.5,1.0,2188.0,10.0,,0.0,,0.0,,0.0,1183.5,1.0,1182.0,1.0,1180.0,1.0,,0.0,,0.0
2023-04-28 09:02:22.0,1682643742000000000,,,,253.0,0.0,0.0,2186.5,1.0,,0.0,,0.0,,0.0,,0.0,1183.5,1.0,1182.0,1.0,1180.0,1.0,,0.0,,0.0
2023-04-28 09:02:22.25,1682643742250000000,,,,253.0,0.0,0.0,2186.0,10.0,2186.5,1.0,,0.0,,0.0,,0.0,1183.5,1.0,1182.0,1.0,1180.0,1.0,,0.0,,0.0
2023-04-28 09:02:22.75,1682643742750000000,,,,253.0,0.0,0.0,2184.5,1.0,2186.0,10.0,,0.0,,0.0,,0.0,1183.5,1.0,1182.0,1.0,1180.0,1.0,,0.0,,0.0
2023-04-28 09:02:23.0,1682643743000000000,,,,253.0,0.0,0.0,2184.5,1.0,,0.0,,0.0,,0.0,,0.0,1183.5,1.0,1182.0,1.0,1180.0,1.0,,0.0,,0.0
2023-04-28 09:02:23.25,1682643743250000000,,,,253.0,0.0,0.0,2184.0,10.0,2184.5,1.0,,0.0,,0.0,,0.0,1183.5,1.0,1182.0,1.0,1180.0,1.0,,0.0,,0.0
2023-04-28 09:02:23.75,1682643743750000000,,,,253.0,0.0,0.0,2184.0,10.0,,0.0,,0.0,,0.0,,0.0,1183.5,1.0,1182.0,1.0,1180.0,1.0,,0.0,,0.0
2023-04-28 09:02:26.75,1682643746750000000,,,,253.0,0.0,0.0,2182.5,1.0,2184.0,10.0,,0.0,,0.0,,0.0,1183.5,1.0,1182.0,1.0,1180.0,1.0,,0.0,,0.0
2023-04-28 09:02:27.0,1682643747000000000,,,,253.0,0.0,0.0,2182.5,1.0,,0.0,,0.0,,0.0,,0.0,1183.5,1.0,1182.0,1.0,1180.0,1.0,,0.0,,0.0
2023-04-28 09:02:27.25,1682643747250000000,,,,253.0,0.0,0.0,2182.0,10.0,2182.5,1.0,,0.0,,0.0,,0.0,1183.5,1.0,1182.0,1.0,1180.0,1.0,,0.0,,0.0
2023-04-28 09:02:27.75,1682643747750000000,,,,253.0,0.0,0.0,2180.5,1.0,2182.0,10.0,,0.0,,0.0,,0.0,1183.5,1.0,1182.0,1.0,1180.0,1.0,,0.0,,0.0
2023-04-28 09:02:28.0,1682643748000000000,,,,253.0,0.0,0.0,2180.5,1.0,,0.0,,0.0,,0.0,,0.0,1183.5,1.0,1182.0,1.0,1180.0,1.0,,0.0,,0.0
2023-04-28 09:02:28.25,1682643748250000000,,,,253.0,0.0,0.0,2180.0,10.0,2180.5,1.0,,0.0,,0.0,,0.0,1183.5,1.0,1182.0,1.0,1180.0,1.0,,0.0,,0.0
