datetime,datetime_nano,highest,last_price,lowest,open_interest,volume,amount,ask_price1,ask_volume1,ask_price2,ask_volume2,ask_price3,ask_volume3,ask_price4,ask_volume4,ask_price5,ask_volume5,bid_price1,bid_volume1,bid_price2,bid_volume2,bid_price3,bid_volume3,bid_price4,bid_volume4,bid_price5,bid_volume5
2023-04-27 20:55:00.0,1682600100000000000,,,,646.0,0.0,0.0,,0.0,,0.0,,0.0,,0.0,,0.0,,0.0,,0.0,,0.0,,0.0,,0.0
2023-04-27 21:00:06.75,1682600406750000000,,,,646.0,0.0,0.0,1336.5,1.0,,0.0,,0.0,,0.0,,0.0,1057.0,1.0,,0.0,,0.0,,0.0,,0.0
2023-04-27 21:00:07.0,1682600407000000000,,,,646.0,0.0,0.0,1336.0,10.0,1336.5,1.0,,0.0,,0.0,,0.0,1057.0,1.0,,0.0,,0.0,,0.0,,0.0
2023-04-27 21:00:08.0,1682600408000000000,,,,646.0,0.0,0.0,1336.5,1.0,,0.0,,0.0,,0.0,,0.0,1057.0,1.0,,0.0,,0.0,,0.0,,0.0
2023-04-27 21:00:11.25,1682600411250000000,,,,646.0,0.0,0.0,1335.0,1.0,1336.5,1.0,,0.0,,0.0,,0.0,1058.5,1.0,1057.0,1.0,,0.0,,0.0,,0.0
2023-04-27 21:00:11.5,1682600411500000000,,,,646.0,0.0,0.0,1334.5,10.0,1335.0,1.0,1336.5,1.0,,0.0,,0.0,1058.5,1.0,1057.0,1.0,,0.0,,0.0,,0.0
2023-04-27 21:00:11.75,1682600411750000000,,,,646.0,0.0,0.0,1333.0,1.0,1334.5,10.0,1336.5,1.0,,0.0,,0.0,1058.5,1.0,1057.0,1.0,,0.0,,0.0,,0.0
2023-04-27 21:00:12.0,1682600412000000000,,,,646.0,0.0,0.0,1333.0,1.0,1336.5,1.0,,0.0,,0.0,,0.0,1058.5,1.0,1057.0,1.0,,0.0,,0.0,,0.0
2023-04-27 21:00:12.25,1682600412250000000,,,,646.0,0.0,0.0,1332.5,10.0,1333.0,1.0,1336.5,1.0,,0.0,,0.0,1058.5,1.0,1057.0,1.0,,0.0,,0.0,,0.0
2023-04-27 21:00:12.75,1682600412750000000,,,,646.0,0.0,0.0,1332.5,10.0,1336.5,1.0,,0.0,,0.0,,0.0,1058.5,1.0,1057.0,1.0,,0.0,,0.0,,0.0
2023-04-27 21:00:13.5,1682600413500000000,,,,646.0,0.0,0.0,1298.5,1.0,1332.5,10.0,,0.0,,0.0,,0.0,1092.5,1.0,1058.5,1.0,,0.0,,0.0,,0.0
2023-04-27 21:00:13.75,1682600413750000000,,,,646.0,0.0,0.0,1298.5,1.0,,0.0,,0.0,,0.0,,0.0,1092.5,1.0,,0.0,,0.0,,0.0,,0.0
2023-04-27 21:00:14.0,1682600414000000000,,,,646.0,0.0,0.0,1298.0,10.0,1298.5,1.0,,0.0,,0.0,,0.0,1092.5,1.0,,0.0,,0.0,,0.0,,0.0
2023-04-27 21:00:14.25,1682600414250000000,,,,646.0,0.0,0.0,1296.5,1.0,1298.0,10.0,1298.5,1.0,,0.0,,0.0,1094.0,1.0,1092.5,1.0,,0.0,,0.0,,0.0
2023-04-27 21:00:14.5,1682600414500000000,,,,646.0,0.0,0.0,1296.5,1.0,,0.0,,0.0,,0.0,,0.0,1094.0,1.0,1092.5,1.0,,0.0,,0.0,,0.0
2023-04-27 21:00:14.75,1682600414750000000,,,,646.0,0.0,0.0,1296.0,10.0,1296.5,1.0,,0.0,,0.0,,0.0,1094.0,1.0,1092.5,1.0,,0.0,,0.0,,0.0
2023-04-27 21:00:15.0,1682600415000000000,,,,646.0,0.0,0.0,1262.0,1.0,1296.0,10.0,1296.5,1.0,,0.0,,0.0,1128.0,1.0,1094.0,1.0,,0.0,,0.0,,0.0
2023-04-27 21:00:15.25,1682600415250000000,,,,646.0,0.0,0.0,1262.0,1.0,,0.0,,0.0,,0.0,,0.0,1128.0,1.0,,0.0,,0.0,,0.0,,0.0
2023-04-27 21:00:15.5,1682600415500000000,,,,646.0,0.0,0.0,1261.5,10.0,1262.0,1.0,,0.0,,0.0,,0.0,1128.0,1.0,,0.0,,0.0,,0.0,,0.0
2023-04-27 21:00:15.75,1682600415750000000,,,,646.0,0.0,0.0,1227.5,1.0,1261.5,10.0,,0.0,,0.0,,0.0,1128.0,1.0,,0.0,,0.0,,0.0,,0.0
2023-04-27 21:00:16.0,1682600416000000000,,,,646.0,0.0,0.0,1227.5,1.0,,0.0,,0.0,,0.0,,0.0,1128.0,1.0,,0.0,,0.0,,0.0,,0.0
2023-04-27 21:00:16.25,1682600416250000000,,,,646.0,0.0,0.0,1227.0,10.0,1227.5,1.0,,0.0,,0.0,,0.0,1129.5,1.0,1128.0,1.0,,0.0,,0.0,,0.0
2023-04-27 21:00:16.5,1682600416500000000,,,,646.0,0.0,0.0,1227.0,10.0,1227.5,1.0,,0.0,,0.0,,0.0,1150.0,1.0,1129.5,1.0,,0.0,,0.0,,0.0
2023-04-27 21:00:16.75,1682600416750000000,,,,646.0,0.0,0.0,1227.0,10.0,1227.5,1.0,,0.0,,0.0,,0.0,1150.0,1.0,,0.0,,0.0,,0.0,,0.0
2023-04-27 21:01:53.75,1682600513750000000,,,,646.0,0.0,0.0,1205.0,1.0,1227.0,10.0,,0.0,,0.0,,0.0,1150.0,1.0,,0.0,,0.0,,0.0,,0.0
2023-04-27 21:01:54.0,1682600514000000000,,,,646.0,0.0,0.0,1205.0,1.0,,0.0,,0.0,,0.0,,0.0,1150.0,1.0,,0.0,,0.0,,0.0,,0.0
2023-04-27 21:01:54.25,1682600514250000000,,,,646.0,0.0,0.0,1204.5,10.0,1205.0,1.0,,0.0,,0.0,,0.0,1150.0,1.0,,0.0,,0.0,,0.0,,0.0
2023-04-27 21:12:07.0,1682601127000000000,,,,646.0,0.0,0.0,1185.5,5.0,1204.5,10.0,1205.0,1.0,,0.0,,0.0,1150.0,1.0,,0.0,,0.0,,0.0,,0.0
2023-04-27 21:12:07.25,1682601127250000000,,,,646.0,0.0,0.0,1185.5,5.0,1205.0,1.0,,0.0,,0.0,,0.0,1150.0,1.0,,0.0,,0.0,,0.0,,0.0
2023-04-27 21:12:11.25,1682601131250000000,,,,646.0,0.0,0.0,1187.0,5.0,1205.0,1.0,,0.0,,0.0,,0.0,1150.0,1.0,,0.0,,0.0,,0.0,,0.0
2023-04-27 21:12:11.75,1682601131750000000,,,,646.0,0.0,0.0,1189.0,5.0,1205.0,1.0,,0.0,,0.0,,0.0,1150.0,1.0,,0.0,,0.0,,0.0,,0.0
2023-04-27 21:12:12.75,1682601132750000000,,,,646.0,0.0,0.0,1187.5,5.0,1205.0,1.0,,0.0,,0.0,,0.0,1150.0,1.0,,0.0,,0.0,,0.0,,0.0
2023-04-27 21:12:53.5,1682601173500000000,,,,646.0,0.0,0.0,1189.0,5.0,1205.0,1.0,,0.0,,0.0,,0.0,1150.0,1.0,,0.0,,0.0,,0.0,,0.0
2023-04-27 21:13:07.5,1682601187500000000,,,,646.0,0.0,0.0,1190.5,5.0,1205.0,1.0,,0.0,,0.0,,0.0,1150.0,1.0,,0.0,,0.0,,0.0,,0.0
2023-04-27 21:13:09.25,1682601189250000000,,,,646.0,0.0,0.0,1192.0,5.0,1205.0,1.0,,0.0,,0.0,,0.0,1150.0,1.0,,0.0,,0.0,,0.0,,0.0
2023-04-27 21:13:15.25,1682601195250000000,,,,646.0,0.0,0.0,1193.5,5.0,1205.0,1.0,,0.0,,0.0,,0.0,1150.0,1.0,,0.0,,0.0,,0.0,,0.0
2023-04-27 21:13:17.0,1682601197000000000,,,,646.0,0.0,0.0,1195.0,5.0,1205.0,1.0,,0.0,,0.0,,0.0,1150.0,1.0,,0.0,,0.0,,0.0,,0.0
2023-04-27 21:13:27.75,1682601207750000000,,,,646.0,0.0,0.0,1192.5,5.0,1205.0,1.0,,0.0,,0.0,,0.0,1150.0,1.0,,0.0,,0.0,,0.0,,0.0
2023-04-27 21:13:37.25,1682601217250000000,,,,646.0,0.0,0.0,1194.5,5.0,1205.0,1.0,,0.0,,0.0,,0.0,1150.0,1.0,,0.0,,0.0,,0.0,,0.0
2023-04-27 21:13:42.0,1682601222000000000,,,,646.0,0.0,0.0,1193.0,5.0,1205.0,1.0,,0.0,,0.0,,0.0,1150.0,1.0,,0.0,,0.0,,0.0,,0.0
2023-04-27 21:14:05.5,1682601245500000000,,,,646.0,0.0,0.0,1191.5,5.0,1205.0,1.0,,0.0,,0.0,,0.0,1150.0,1.0,,0.0,,0.0,,0.0,,0.0
2023-04-27 21:14:09.25,1682601249250000000,,,,646.0,0.0,0.0,1190.0,5.0,1205.0,1.0,,0.0,,0.0,,0.0,1150.0,1.0,,0.0,,0.0,,0.0,,0.0
2023-04-27 21:14:35.75,1682601275750000000,,,,646.0,0.0,0.0,1188.5,5.0,1205.0,1.0,,0.0,,0.0,,0.0,1150.0,1.0,,0.0,,0.0,,0.0,,0.0
2023-04-27 21:14:55.5,1682601295500000000,,,,646.0,0.0,0.0,1187.0,5.0,1205.0,1.0,,0.0,,0.0,,0.0,1150.0,1.0,,0.0,,0.0,,0.0,,0.0
2023-04-27 21:15:00.75,1682601300750000000,,,,646.0,0.0,0.0,1188.5,5.0,1205.0,1.0,,0.0,,0.0,,0.0,1150.0,1.0,,0.0,,0.0,,0.0,,0.0
2023-04-27 21:15:02.25,1682601302250000000,,,,646.0,0.0,0.0,1187.0,5.0,1205.0,1.0,,0.0,,0.0,,0.0,1150.0,1.0,,0.0,,0.0,,0.0,,0.0
2023-04-27 21:15:15.25,1682601315250000000,,,,646.0,0.0,0.0,1188.5,5.0,1205.0,1.0,,0.0,,0.0,,0.0,1150.0,1.0,,0.0,,0.0,,0.0,,0.0
2023-04-27 21:15:19.0,1682601319000000000,,,,646.0,0.0,0.0,1190.0,5.0,1205.0,1.0,,0.0,,0.0,,0.0,1150.0,1.0,,0.0,,0.0,,0.0,,0.0
2023-04-27 21:15:33.75,1682601333750000000,,,,646.0,0.0,0.0,1191.5,5.0,1205.0,1.0,,0.0,,0.0,,0.0,1150.0,1.0,,0.0,,0.0,,0.0,,0.0
2023-04-27 21:15:36.25,1682601336250000000,,,,646.0,0.0,0.0,1193.0,5.0,1205.0,1.0,,0.0,,0.0,,0.0,1150.0,1.0,,0.0,,0.0,,0.0,,0.0
2023-04-27 21:15:40.0,1682601340000000000,,,,646.0,0.0,0.0,1191.5,5.0,1205.0,1.0,,0.0,,0.0,,0.0,1150.0,1.0,,0.0,,0.0,,0.0,,0.0
2023-04-27 21:16:26.5,1682601386500000000,1191.5,1191.5,1191.5,646.0,5.0,59575.0,1205.0,1.0,,0.0,,0.0,,0.0,,0.0,1150.0,1.0,,0.0,,0.0,,0.0,,0.0
2023-04-27 21:16:26.75,1682601386750000000,1191.5,1191.5,1191.5,646.0,5.0,59575.0,1204.5,10.0,1205.0,1.0,,0.0,,0.0,,0.0,1150.5,1.0,1150.0,1.0,,0.0,,0.0,,0.0
2023-04-27 21:16:54.25,1682601414250000000,1191.5,1191.5,1191.5,646.0,5.0,59575.0,1191.5,5.0,1204.5,10.0,1205.0,1.0,,0.0,,0.0,1150.5,1.0,1150.0,1.0,,0.0,,0.0,,0.0
2023-04-27 21:16:54.5,1682601414500000000,1191.5,1191.5,1191.5,646.0,5.0,59575.0,1191.5,5.0,1205.0,1.0,,0.0,,0.0,,0.0,1150.5,1.0,1150.0,1.0,,0.0,,0.0,,0.0
2023-04-27 21:17:10.25,1682601430250000000,1191.5,1191.5,1191.5,646.0,5.0,59575.0,1190.0,5.0,1205.0,1.0,,0.0,,0.0,,0.0,1150.5,1.0,1150.0,1.0,,0.0,,0.0,,0.0
2023-04-27 21:17:20.5,1682601440500000000,1191.5,1191.5,1191.5,646.0,5.0,59575.0,1188.5,5.0,1205.0,1.0,,0.0,,0.0,,0.0,1150.5,1.0,1150.0,1.0,,0.0,,0.0,,0.0
2023-04-27 21:17:43.75,1682601463750000000,1191.5,1191.5,1191.5,646.0,5.0,59575.0,1187.0,5.0,1205.0,1.0,,0.0,,0.0,,0.0,1150.5,1.0,1150.0,1.0,,0.0,,0.0,,0.0
2023-04-27 21:17:56.25,1682601476250000000,1191.5,1191.5,1191.5,646.0,5.0,59575.0,1185.0,5.0,1205.0,1.0,,0.0,,0.0,,0.0,1150.5,1.0,1150.0,1.0,,0.0,,0.0,,0.0
2023-04-27 21:17:56.5,1682601476500000000,1191.5,1191.5,1191.5,646.0,5.0,59575.0,1183.0,5.0,1205.0,1.0,,0.0,,0.0,,0.0,1150.5,1.0,1150.0,1.0,,0.0,,0.0,,0.0
2023-04-27 21:18:06.5,1682601486500000000,1191.5,1191.5,1191.5,646.0,5.0,59575.0,1184.5,5.0,1205.0,1.0,,0.0,,0.0,,0.0,1150.5,1.0,1150.0,1.0,,0.0,,0.0,,0.0
2023-04-27 21:18:13.25,1682601493250000000,1191.5,1191.5,1191.5,646.0,5.0,59575.0,1183.0,5.0,1205.0,1.0,,0.0,,0.0,,0.0,1150.5,1.0,1150.0,1.0,,0.0,,0.0,,0.0
2023-04-27 21:18:32.0,1682601512000000000,1191.5,1191.5,1191.5,646.0,5.0,59575.0,1185.0,5.0,1205.0,1.0,,0.0,,0.0,,0.0,1150.5,1.0,1150.0,1.0,,0.0,,0.0,,0.0
2023-04-27 21:18:55.75,1682601535750000000,1191.5,1191.5,1191.5,646.0,5.0,59575.0,1187.0,5.0,1205.0,1.0,,0.0,,0.0,,0.0,1150.5,1.0,1150.0,1.0,,0.0,,0.0,,0.0
2023-04-27 21:19:27.75,1682601567750000000,1191.5,1191.5,1191.5,646.0,5.0,59575.0,1188.5,5.0,1205.0,1.0,,0.0,,0.0,,0.0,1150.5,1.0,1150.0,1.0,,0.0,,0.0,,0.0
2023-04-27 21:19:46.5,1682601586500000000,1191.5,1191.5,1191.5,646.0,5.0,59575.0,1190.0,5.0,1205.0,1.0,,0.0,,0.0,,0.0,1150.5,1.0,1150.0,1.0,,0.0,,0.0,,0.0
2023-04-27 21:20:00.75,1682601600750000000,1191.5,1191.5,1191.5,646.0,5.0,59575.0,1191.5,5.0,1205.0,1.0,,0.0,,0.0,,0.0,1150.5,1.0,1150.0,1.0,,0.0,,0.0,,0.0
2023-04-27 21:20:09.75,1682601609750000000,1191.5,1191.5,1191.5,646.0,5.0,59575.0,1190.0,5.0,1205.0,1.0,,0.0,,0.0,,0.0,1150.5,1.0,1150.0,1.0,,0.0,,0.0,,0.0
2023-04-27 21:20:37.0,1682601637000000000,1191.5,1191.5,1191.5,646.0,5.0,59575.0,1188.5,5.0,1205.0,1.0,,0.0,,0.0,,0.0,1150.5,1.0,1150.0,1.0,,0.0,,0.0,,0.0
2023-04-27 21:21:11.0,1682601671000000000,1191.5,1191.5,1191.5,646.0,5.0,59575.0,1187.0,5.0,1205.0,1.0,,0.0,,0.0,,0.0,1150.5,1.0,1150.0,1.0,,0.0,,0.0,,0.0
2023-04-27 21:21:20.0,1682601680000000000,1191.5,1191.5,1191.5,646.0,5.0,59575.0,1185.5,5.0,1205.0,1.0,,0.0,,0.0,,0.0,1150.5,1.0,1150.0,1.0,,0.0,,0.0,,0.0
2023-04-27 21:21:24.5,1682601684500000000,1191.5,1191.5,1191.5,646.0,5.0,59575.0,1184.0,5.0,1205.0,1.0,,0.0,,0.0,,0.0,1150.5,1.0,1150.0,1.0,,0.0,,0.0,,0.0
2023-04-27 21:21:55.0,1682601715000000000,1191.5,1191.5,1191.5,646.0,5.0,59575.0,1185.5,5.0,1205.0,1.0,,0.0,,0.0,,0.0,1150.5,1.0,1150.0,1.0,,0.0,,0.0,,0.0
2023-04-27 21:22:14.75,1682601734750000000,1191.5,1191.5,1191.5,646.0,5.0,59575.0,1187.0,5.0,1205.0,1.0,,0.0,,0.0,,0.0,1150.5,1.0,1150.0,1.0,,0.0,,0.0,,0.0
2023-04-27 21:22:40.5,1682601760500000000,1191.5,1191.5,1191.5,646.0,5.0,59575.0,1188.5,5.0,1205.0,1.0,,0.0,,0.0,,0.0,1150.5,1.0,1150.0,1.0,,0.0,,0.0,,0.0
2023-04-27 21:22:46.0,1682601766000000000,1191.5,1191.5,1191.5,646.0,5.0,59575.0,1187.0,5.0,1205.0,1.0,,0.0,,0.0,,0.0,1150.5,1.0,1150.0,1.0,,0.0,,0.0,,0.0
2023-04-27 21:22:52.25,1682601772250000000,1191.5,1191.5,1191.5,646.0,5.0,59575.0,1188.5,5.0,1205.0,1.0,,0.0,,0.0,,0.0,1150.5,1.0,1150.0,1.0,,0.0,,0.0,,0.0
2023-04-27 21:23:18.25,1682601798250000000,1191.5,1191.5,1191.5,646.0,5.0,59575.0,1187.0,5.0,1205.0,1.0,,0.0,,0.0,,0.0,1150.5,1.0,1150.0,1.0,,0.0,,0.0,,0.0
2023-04-27 21:23:23.0,1682601803000000000,1191.5,1191.5,1191.5,646.0,5.0,59575.0,1185.5,5.0,1205.0,1.0,,0.0,,0.0,,0.0,1150.5,1.0,1150.0,1.0,,0.0,,0.0,,0.0
2023-04-27 21:24:00.75,1682601840750000000,1191.5,1191.5,1191.5,646.0,5.0,59575.0,1184.0,5.0,1205.0,1.0,,0.0,,0.0,,0.0,1150.5,1.0,1150.0,1.0,,0.0,,0.0,,0.0
2023-04-27 21:24:02.75,1682601842750000000,1191.5,1191.5,1191.5,646.0,5.0,59575.0,1181.0,5.0,1205.0,1.0,,0.0,,0.0,,0.0,1150.5,1.0,1150.0,1.0,,0.0,,0.0,,0.0
2023-04-27 21:24:12.75,1682601852750000000,1191.5,1191.5,1191.5,646.0,5.0,59575.0,1182.5,5.0,1205.0,1.0,,0.0,,0.0,,0.0,1150.5,1.0,1150.0,1.0,,0.0,,0.0,,0.0
2023-04-27 21:24:20.0,1682601860000000000,1191.5,1191.5,1191.5,646.0,5.0,59575.0,1181.0,5.0,1205.0,1.0,,0.0,,0.0,,0.0,1150.5,1.0,1150.0,1.0,,0.0,,0.0,,0.0
2023-04-27 21:24:38.25,1682601878250000000,1191.5,1191.5,1191.5,646.0,5.0,59575.0,1182.5,5.0,1205.0,1.0,,0.0,,0.0,,0.0,1150.5,1.0,1150.0,1.0,,0.0,,0.0,,0.0
2023-04-27 21:24:49.75,1682601889750000000,1191.5,1191.5,1191.5,646.0,5.0,59575.0,1180.5,5.0,1205.0,1.0,,0.0,,0.0,,0.0,1150.5,1.0,1150.0,1.0,,0.0,,0.0,,0.0
2023-04-27 21:24:53.5,1682601893500000000,1191.5,1191.5,1191.5,646.0,5.0,59575.0,1180.5,5.0,1205.0,1.0,,0.0,,0.0,,0.0,1170.0,20.0,1150.5,1.0,1150.0,1.0,,0.0,,0.0
2023-04-27 21:24:57.0,1682601897000000000,1191.5,1191.5,1191.5,646.0,5.0,59575.0,1179.0,5.0,1205.0,1.0,,0.0,,0.0,,0.0,1170.0,20.0,1150.5,1.0,1150.0,1.0,,0.0,,0.0
2023-04-27 21:25:08.25,1682601908250000000,1191.5,1191.5,1191.5,646.0,5.0,59575.0,1180.5,5.0,1205.0,1.0,,0.0,,0.0,,0.0,1170.0,20.0,1150.5,1.0,1150.0,1.0,,0.0,,0.0
2023-04-27 21:25:15.75,1682601915750000000,1191.5,1191.5,1191.5,646.0,5.0,59575.0,1182.0,5.0,1205.0,1.0,,0.0,,0.0,,0.0,1170.0,20.0,1150.5,1.0,1150.0,1.0,,0.0,,0.0
2023-04-27 21:25:18.75,1682601918750000000,1191.5,1191.5,1191.5,646.0,5.0,59575.0,1183.5,5.0,1205.0,1.0,,0.0,,0.0,,0.0,1170.0,20.0,1150.5,1.0,1150.0,1.0,,0.0,,0.0
2023-04-27 21:25:43.25,1682601943250000000,1191.5,1191.5,1191.5,646.0,5.0,59575.0,1182.0,5.0,1205.0,1.0,,0.0,,0.0,,0.0,1170.0,20.0,1150.5,1.0,1150.0,1.0,,0.0,,0.0
2023-04-27 21:25:53.0,1682601953000000000,1191.5,1191.5,1191.5,646.0,5.0,59575.0,1183.5,5.0,1205.0,1.0,,0.0,,0.0,,0.0,1170.0,20.0,1150.5,1.0,1150.0,1.0,,0.0,,0.0
2023-04-27 21:26:08.5,1682601968500000000,1191.5,1191.5,1191.5,646.0,5.0,59575.0,1182.0,5.0,1205.0,1.0,,0.0,,0.0,,0.0,1170.0,20.0,1150.5,1.0,1150.0,1.0,,0.0,,0.0
2023-04-27 21:26:38.5,1682601998500000000,1191.5,1191.5,1191.5,646.0,5.0,59575.0,1180.5,5.0,1205.0,1.0,,0.0,,0.0,,0.0,1170.0,20.0,1150.5,1.0,1150.0,1.0,,0.0,,0.0
2023-04-27 21:27:38.5,1682602058500000000,1191.5,1191.5,1191.5,646.0,5.0,59575.0,1182.0,5.0,1205.0,1.0,,0.0,,0.0,,0.0,1170.0,20.0,1150.5,1.0,1150.0,1.0,,0.0,,0.0
2023-04-27 21:28:12.0,1682602092000000000,1191.5,1191.5,1191.5,646.0,5.0,59575.0,1183.5,5.0,1205.0,1.0,,0.0,,0.0,,0.0,1170.0,20.0,1150.5,1.0,1150.0,1.0,,0.0,,0.0
2023-04-27 21:28:16.0,1682602096000000000,1191.5,1191.5,1191.5,646.0,5.0,59575.0,1185.0,5.0,1205.0,1.0,,0.0,,0.0,,0.0,1170.0,20.0,1150.5,1.0,1150.0,1.0,,0.0,,0.0
2023-04-27 21:28:16.75,1682602096750000000,1191.5,1191.5,1191.5,646.0,5.0,59575.0,1186.5,5.0,1205.0,1.0,,0.0,,0.0,,0.0,1170.0,20.0,1150.5,1.0,1150.0,1.0,,0.0,,0.0
2023-04-27 21:28:27.5,1682602107500000000,1191.5,1191.5,1191.5,646.0,5.0,59575.0,1188.0,5.0,1205.0,1.0,,0.0,,0.0,,0.0,1170.0,20.0,1150.5,1.0,1150.0,1.0,,0.0,,0.0
2023-04-27 21:28:44.25,1682602124250000000,1191.5,1191.5,1191.5,646.0,5.0,59575.0,1186.5,5.0,1205.0,1.0,,0.0,,0.0,,0.0,1170.0,20.0,1150.5,1.0,1150.0,1.0,,0.0,,0.0
2023-04-27 21:29:25.5,1682602165500000000,1191.5,1191.5,1191.5,646.0,5.0,59575.0,1188.0,5.0,1205.0,1.0,,0.0,,0.0,,0.0,1170.0,20.0,1150.5,1.0,1150.0,1.0,,0.0,,0.0
2023-04-27 21:29:44.0,1682602184000000000,1191.5,1191.5,1191.5,646.0,5.0,59575.0,1186.0,5.0,1205.0,1.0,,0.0,,0.0,,0.0,1170.0,20.0,1150.5,1.0,1150.0,1.0,,0.0,,0.0
2023-04-27 21:30:04.0,1682602204000000000,1191.5,1191.5,1191.5,646.0,5.0,59575.0,1187.5,5.0,1205.0,1.0,,0.0,,0.0,,0.0,1170.0,20.0,1150.5,1.0,1150.0,1.0,,0.0,,0.0
2023-04-27 21:30:56.0,1682602256000000000,1191.5,1191.5,1191.5,646.0,5.0,59575.0,1186.0,5.0,1205.0,1.0,,0.0,,0.0,,0.0,1170.0,20.0,1150.5,1.0,1150.0,1.0,,0.0,,0.0
2023-04-27 21:31:14.0,1682602274000000000,1191.5,1191.5,1191.5,646.0,5.0,59575.0,1184.5,5.0,1205.0,1.0,,0.0,,0.0,,0.0,1170.0,20.0,1150.5,1.0,1150.0,1.0,,0.0,,0.0
2023-04-27 21:31:29.75,1682602289750000000,1191.5,1191.5,1191.5,646.0,5.0,59575.0,1186.0,5.0,1205.0,1.0,,0.0,,0.0,,0.0,1170.0,20.0,1150.5,1.0,1150.0,1.0,,0.0,,0.0
2023-04-27 21:31:32.75,1682602292750000000,1191.5,1191.5,1191.5,646.0,5.0,59575.0,1187.5,5.0,1205.0,1.0,,0.0,,0.0,,0.0,1170.0,20.0,1150.5,1.0,1150.0,1.0,,0.0,,0.0
2023-04-27 21:32:12.0,1682602332000000000,1191.5,1191.5,1191.5,646.0,5.0,59575.0,1192.0,5.0,1205.0,1.0,,0.0,,0.0,,0.0,1170.0,20.0,1150.5,1.0,1150.0,1.0,,0.0,,0.0
2023-04-27 21:32:12.25,1682602332250000000,1191.5,1191.5,1191.5,646.0,5.0,59575.0,1205.0,1.0,,0.0,,0.0,,0.0,,0.0,1170.0,20.0,1150.5,1.0,1150.0,1.0,,0.0,,0.0
2023-04-27 21:32:53.75,1682602373750000000,1191.5,1191.5,1191.5,646.0,5.0,59575.0,1193.5,5.0,1205.0,1.0,,0.0,,0.0,,0.0,1170.0,20.0,1150.5,1.0,1150.0,1.0,,0.0,,0.0
2023-04-27 21:32:58.75,1682602378750000000,1191.5,1191.5,1191.5,646.0,5.0,59575.0,1195.0,5.0,1205.0,1.0,,0.0,,0.0,,0.0,1170.0,20.0,1150.5,1.0,1150.0,1.0,,0.0,,0.0
2023-04-27 21:33:03.25,1682602383250000000,1191.5,1191.5,1191.5,646.0,5.0,59575.0,1196.5,5.0,1205.0,1.0,,0.0,,0.0,,0.0,1170.0,20.0,1150.5,1.0,1150.0,1.0,,0.0,,0.0
2023-04-27 21:33:49.5,1682602429500000000,1191.5,1191.5,1191.5,646.0,5.0,59575.0,1195.0,5.0,1205.0,1.0,,0.0,,0.0,,0.0,1170.0,20.0,1150.5,1.0,1150.0,1.0,,0.0,,0.0
2023-04-27 21:34:02.0,1682602442000000000,1191.5,1191.5,1191.5,646.0,5.0,59575.0,1193.5,5.0,1205.0,1.0,,0.0,,0.0,,0.0,1170.0,20.0,1150.5,1.0,1150.0,1.0,,0.0,,0.0
2023-04-27 21:34:06.25,1682602446250000000,1191.5,1191.5,1191.5,646.0,5.0,59575.0,1192.0,5.0,1205.0,1.0,,0.0,,0.0,,0.0,1170.0,20.0,1150.5,1.0,1150.0,1.0,,0.0,,0.0
2023-04-27 21:34:07.0,1682602447000000000,1191.5,1191.5,1191.5,646.0,5.0,59575.0,1190.5,5.0,1205.0,1.0,,0.0,,0.0,,0.0,1170.0,20.0,1150.5,1.0,1150.0,1.0,,0.0,,0.0
2023-04-27 21:34:11.75,1682602451750000000,1191.5,1191.5,1191.5,646.0,5.0,59575.0,1192.5,5.0,1205.0,1.0,,0.0,,0.0,,0.0,1170.0,20.0,1150.5,1.0,1150.0,1.0,,0.0,,0.0
2023-04-27 21:34:20.0,1682602460000000000,1191.5,1191.5,1191.5,646.0,5.0,59575.0,1191.0,5.0,1205.0,1.0,,0.0,,0.0,,0.0,1170.0,20.0,1150.5,1.0,1150.0,1.0,,0.0,,0.0
2023-04-27 21:34:28.5,1682602468500000000,1191.5,1191.5,1191.5,646.0,5.0,59575.0,1193.0,5.0,1205.0,1.0,,0.0,,0.0,,0.0,1170.0,20.0,1150.5,1.0,1150.0,1.0,,0.0,,0.0
2023-04-27 21:35:00.75,1682602500750000000,1191.5,1191.5,1191.5,646.0,5.0,59575.0,1191.5,5.0,1205.0,1.0,,0.0,,0.0,,0.0,1170.0,20.0,1150.5,1.0,1150.0,1.0,,0.0,,0.0
2023-04-27 21:35:41.0,1682602541000000000,1191.5,1191.5,1191.5,646.0,5.0,59575.0,1188.5,5.0,1205.0,1.0,,0.0,,0.0,,0.0,1170.0,20.0,1150.5,1.0,1150.0,1.0,,0.0,,0.0
2023-04-27 21:35:42.75,1682602542750000000,1191.5,1191.5,1191.5,646.0,5.0,59575.0,1190.0,5.0,1205.0,1.0,,0.0,,0.0,,0.0,1170.0,20.0,1150.5,1.0,1150.0,1.0,,0.0,,0.0
2023-04-27 21:35:50.75,1682602550750000000,1191.5,1191.5,1191.5,646.0,5.0,59575.0,1191.5,5.0,1205.0,1.0,,0.0,,0.0,,0.0,1170.0,20.0,1150.5,1.0,1150.0,1.0,,0.0,,0.0
2023-04-27 21:36:19.5,1682602579500000000,1191.5,1191.5,1191.5,646.0,5.0,59575.0,1190.0,5.0,1205.0,1.0,,0.0,,0.0,,0.0,1170.0,20.0,1150.5,1.0,1150.0,1.0,,0.0,,0.0
2023-04-27 21:36:59.75,1682602619750000000,1191.5,1191.5,1191.5,646.0,5.0,59575.0,1192.0,5.0,1205.0,1.0,,0.0,,0.0,,0.0,1170.0,20.0,1150.5,1.0,1150.0,1.0,,0.0,,0.0
2023-04-27 21:37:00.0,1682602620000000000,1191.5,1191.5,1191.5,646.0,5.0,59575.0,1193.5,5.0,1205.0,1.0,,0.0,,0.0,,0.0,1170.0,20.0,1150.5,1.0,1150.0,1.0,,0.0,,0.0
2023-04-27 21:37:12.0,1682602632000000000,1191.5,1191.5,1191.5,646.0,5.0,59575.0,1192.0,5.0,1205.0,1.0,,0.0,,0.0,,0.0,1170.0,20.0,1150.5,1.0,1150.0,1.0,,0.0,,0.0
2023-04-27 21:37:23.0,1682602643000000000,1191.5,1191.5,1191.5,646.0,5.0,59575.0,1190.5,5.0,1205.0,1.0,,0.0,,0.0,,0.0,1170.0,20.0,1150.5,1.0,1150.0,1.0,,0.0,,0.0
2023-04-27 21:37:26.25,1682602646250000000,1191.5,1191.5,1191.5,646.0,5.0,59575.0,1188.5,5.0,1205.0,1.0,,0.0,,0.0,,0.0,1170.0,20.0,1150.5,1.0,1150.0,1.0,,0.0,,0.0
2023-04-27 21:37:35.25,1682602655250000000,1191.5,1191.5,1191.5,646.0,5.0,59575.0,1187.0,5.0,1205.0,1.0,,0.0,,0.0,,0.0,1170.0,20.0,1150.5,1.0,1150.0,1.0,,0.0,,0.0
2023-04-27 21:38:02.25,1682602682250000000,1191.5,1191.5,1191.5,646.0,5.0,59575.0,1185.0,5.0,1205.0,1.0,,0.0,,0.0,,0.0,1170.0,20.0,1150.5,1.0,1150.0,1.0,,0.0,,0.0
2023-04-27 21:38:13.5,1682602693500000000,1191.5,1191.5,1191.5,646.0,5.0,59575.0,1187.0,5.0,1205.0,1.0,,0.0,,0.0,,0.0,1170.0,20.0,1150.5,1.0,1150.0,1.0,,0.0,,0.0
2023-04-27 21:38:44.0,1682602724000000000,1191.5,1191.5,1191.5,646.0,5.0,59575.0,1185.5,5.0,1205.0,1.0,,0.0,,0.0,,0.0,1170.0,20.0,1150.5,1.0,1150.0,1.0,,0.0,,0.0
2023-04-27 21:38:50.25,1682602730250000000,1191.5,1191.5,1191.5,646.0,5.0,59575.0,1187.0,5.0,1205.0,1.0,,0.0,,0.0,,0.0,1170.0,20.0,1150.5,1.0,1150.0,1.0,,0.0,,0.0
2023-04-27 21:39:18.5,1682602758500000000,1191.5,1191.5,1191.5,646.0,5.0,59575.0,1188.5,5.0,1205.0,1.0,,0.0,,0.0,,0.0,1170.0,20.0,1150.5,1.0,1150.0,1.0,,0.0,,0.0
2023-04-27 21:39:54.5,1682602794500000000,1191.5,1191.5,1191.5,646.0,5.0,59575.0,1187.0,5.0,1205.0,1.0,,0.0,,0.0,,0.0,1170.0,20.0,1150.5,1.0,1150.0,1.0,,0.0,,0.0
2023-04-27 21:40:01.0,1682602801000000000,1191.5,1191.5,1191.5,646.0,5.0,59575.0,1185.5,5.0,1205.0,1.0,,0.0,,0.0,,0.0,1170.0,20.0,1150.5,1.0,1150.0,1.0,,0.0,,0.0
2023-04-27 21:40:08.25,1682602808250000000,1191.5,1191.5,1191.5,646.0,5.0,59575.0,1187.0,5.0,1205.0,1.0,,0.0,,0.0,,0.0,1170.0,20.0,1150.5,1.0,1150.0,1.0,,0.0,,0.0
2023-04-27 21:40:16.25,1682602816250000000,1191.5,1191.5,1191.5,646.0,5.0,59575.0,1185.5,5.0,1205.0,1.0,,0.0,,0.0,,0.0,1170.0,20.0,1150.5,1.0,1150.0,1.0,,0.0,,0.0
2023-04-27 21:40:22.25,1682602822250000000,1191.5,1191.5,1191.5,646.0,5.0,59575.0,1187.0,5.0,1205.0,1.0,,0.0,,0.0,,0.0,1170.0,20.0,1150.5,1.0,1150.0,1.0,,0.0,,0.0
2023-04-27 21:40:35.25,1682602835250000000,1191.5,1191.5,1191.5,646.0,5.0,59575.0,1188.5,5.0,1205.0,1.0,,0.0,,0.0,,0.0,1170.0,20.0,1150.5,1.0,1150.0,1.0,,0.0,,0.0
2023-04-27 21:40:54.5,1682602854500000000,1191.5,1191.5,1191.5,646.0,5.0,59575.0,1187.0,5.0,1205.0,1.0,,0.0,,0.0,,0.0,1170.0,20.0,1150.5,1.0,1150.0,1.0,,0.0,,0.0
2023-04-27 21:41:28.75,1682602888750000000,1191.5,1191.5,1191.5,646.0,5.0,59575.0,1185.5,5.0,1205.0,1.0,,0.0,,0.0,,0.0,1170.0,20.0,1150.5,1.0,1150.0,1.0,,0.0,,0.0
2023-04-27 21:41:42.5,1682602902500000000,1191.5,1191.5,1191.5,646.0,5.0,59575.0,1183.5,5.0,1205.0,1.0,,0.0,,0.0,,0.0,1170.0,20.0,1150.5,1.0,1150.0,1.0,,0.0,,0.0
2023-04-27 21:41:56.5,1682602916500000000,1191.5,1191.5,1191.5,646.0,5.0,59575.0,1185.0,5.0,1205.0,1.0,,0.0,,0.0,,0.0,1170.0,20.0,1150.5,1.0,1150.0,1.0,,0.0,,0.0
2023-04-27 21:42:01.25,1682602921250000000,1191.5,1191.5,1191.5,646.0,5.0,59575.0,1183.5,5.0,1205.0,1.0,,0.0,,0.0,,0.0,1170.0,20.0,1150.5,1.0,1150.0,1.0,,0.0,,0.0
2023-04-27 21:42:21.0,1682602941000000000,1191.5,1191.5,1191.5,646.0,5.0,59575.0,1185.0,5.0,1205.0,1.0,,0.0,,0.0,,0.0,1170.0,20.0,1150.5,1.0,1150.0,1.0,,0.0,,0.0
2023-04-27 21:43:05.0,1682602985000000000,1191.5,1191.5,1191.5,646.0,5.0,59575.0,1187.0,5.0,1205.0,1.0,,0.0,,0.0,,0.0,1170.0,20.0,1150.5,1.0,1150.0,1.0,,0.0,,0.0
2023-04-27 21:43:06.25,1682602986250000000,1191.5,1191.5,1191.5,646.0,5.0,59575.0,1190.0,5.0,1205.0,1.0,,0.0,,0.0,,0.0,1170.0,20.0,1150.5,1.0,1150.0,1.0,,0.0,,0.0
2023-04-27 21:43:44.5,1682603024500000000,1191.5,1191.5,1191.5,646.0,5.0,59575.0,1192.0,5.0,1205.0,1.0,,0.0,,0.0,,0.0,1170.0,20.0,1150.5,1.0,1150.0,1.0,,0.0,,0.0
2023-04-27 21:44:19.25,1682603059250000000,1191.5,1191.5,1191.5,646.0,5.0,59575.0,1190.5,5.0,1205.0,1.0,,0.0,,0.0,,0.0,1170.0,20.0,1150.5,1.0,1150.0,1.0,,0.0,,0.0
2023-04-27 21:44:34.75,1682603074750000000,1191.5,1191.5,1191.5,646.0,5.0,59575.0,1192.0,5.0,1205.0,1.0,,0.0,,0.0,,0.0,1170.0,20.0,1150.5,1.0,1150.0,1.0,,0.0,,0.0
2023-04-27 21:45:01.5,1682603101500000000,1191.5,1191.5,1191.5,646.0,5.0,59575.0,1194.0,5.0,1205.0,1.0,,0.0,,0.0,,0.0,1170.0,20.0,1150.5,1.0,1150.0,1.0,,0.0,,0.0
2023-04-27 21:45:02.25,1682603102250000000,1191.5,1191.5,1191.5,646.0,5.0,59575.0,1192.5,5.0,1205.0,1.0,,0.0,,0.0,,0.0,1170.0,20.0,1150.5,1.0,1150.0,1.0,,0.0,,0.0
2023-04-27 21:45:03.5,1682603103500000000,1191.5,1191.5,1191.5,646.0,5.0,59575.0,1190.0,5.0,1205.0,1.0,,0.0,,0.0,,0.0,1170.0,20.0,1150.5,1.0,1150.0,1.0,,0.0,,0.0
2023-04-27 21:45:06.0,1682603106000000000,1191.5,1191.5,1191.5,646.0,5.0,59575.0,1191.5,5.0,1205.0,1.0,,0.0,,0.0,,0.0,1170.0,20.0,1150.5,1.0,1150.0,1.0,,0.0,,0.0
2023-04-27 21:46:03.75,1682603163750000000,1191.5,1191.5,1191.5,646.0,5.0,59575.0,1193.5,5.0,1205.0,1.0,,0.0,,0.0,,0.0,1170.0,20.0,1150.5,1.0,1150.0,1.0,,0.0,,0.0
2023-04-27 21:46:05.25,1682603165250000000,1191.5,1191.5,1191.5,646.0,5.0,59575.0,1195.0,5.0,1205.0,1.0,,0.0,,0.0,,0.0,1170.0,20.0,1150.5,1.0,1150.0,1.0,,0.0,,0.0
2023-04-27 21:46:06.25,1682603166250000000,1191.5,1191.5,1191.5,646.0,5.0,59575.0,1193.5,5.0,1205.0,1.0,,0.0,,0.0,,0.0,1170.0,20.0,1150.5,1.0,1150.0,1.0,,0.0,,0.0
2023-04-27 21:46:13.25,1682603173250000000,1191.5,1191.5,1191.5,646.0,5.0,59575.0,1191.5,5.0,1205.0,1.0,,0.0,,0.0,,0.0,1170.0,20.0,1150.5,1.0,1150.0,1.0,,0.0,,0.0
2023-04-27 21:46:20.75,1682603180750000000,1191.5,1191.5,1191.5,646.0,5.0,59575.0,1193.0,5.0,1205.0,1.0,,0.0,,0.0,,0.0,1170.0,20.0,1150.5,1.0,1150.0,1.0,,0.0,,0.0
2023-04-27 21:46:43.25,1682603203250000000,1191.5,1191.5,1191.5,646.0,5.0,59575.0,1191.5,5.0,1205.0,1.0,,0.0,,0.0,,0.0,1170.0,20.0,1150.5,1.0,1150.0,1.0,,0.0,,0.0
2023-04-27 21:47:15.25,1682603235250000000,1191.5,1191.5,1191.5,646.0,5.0,59575.0,1190.0,5.0,1205.0,1.0,,0.0,,0.0,,0.0,1170.0,20.0,1150.5,1.0,1150.0,1.0,,0.0,,0.0
2023-04-27 21:48:20.25,1682603300250000000,1191.5,1191.5,1191.5,646.0,5.0,59575.0,1191.5,5.0,1205.0,1.0,,0.0,,0.0,,0.0,1170.0,20.0,1150.5,1.0,1150.0,1.0,,0.0,,0.0
2023-04-27 21:48:23.75,1682603303750000000,1191.5,1191.5,1191.5,646.0,5.0,59575.0,1193.0,5.0,1205.0,1.0,,0.0,,0.0,,0.0,1170.0,20.0,1150.5,1.0,1150.0,1.0,,0.0,,0.0
2023-04-27 21:48:46.5,1682603326500000000,1191.5,1191.5,1191.5,646.0,5.0,59575.0,1191.5,5.0,1205.0,1.0,,0.0,,0.0,,0.0,1170.0,20.0,1150.5,1.0,1150.0,1.0,,0.0,,0.0
2023-04-27 21:49:00.0,1682603340000000000,1191.5,1191.5,1191.5,646.0,5.0,59575.0,1190.0,5.0,1205.0,1.0,,0.0,,0.0,,0.0,1170.0,20.0,1150.5,1.0,1150.0,1.0,,0.0,,0.0
2023-04-27 21:50:41.75,1682603441750000000,1191.5,1191.5,1191.5,646.0,5.0,59575.0,1191.5,5.0,1205.0,1.0,,0.0,,0.0,,0.0,1170.0,20.0,1150.5,1.0,1150.0,1.0,,0.0,,0.0
2023-04-27 21:51:07.0,1682603467000000000,1191.5,1191.5,1191.5,646.0,5.0,59575.0,1193.5,5.0,1205.0,1.0,,0.0,,0.0,,0.0,1170.0,20.0,1150.5,1.0,1150.0,1.0,,0.0,,0.0
2023-04-27 21:51:11.5,1682603471500000000,1191.5,1191.5,1191.5,646.0,5.0,59575.0,1195.0,5.0,1205.0,1.0,,0.0,,0.0,,0.0,1170.0,20.0,1150.5,1.0,1150.0,1.0,,0.0,,0.0
2023-04-27 21:51:22.75,1682603482750000000,1191.5,1191.5,1191.5,646.0,5.0,59575.0,1193.5,5.0,1205.0,1.0,,0.0,,0.0,,0.0,1170.0,20.0,1150.5,1.0,1150.0,1.0,,0.0,,0.0
2023-04-27 21:52:15.5,1682603535500000000,1191.5,1191.5,1191.5,646.0,5.0,59575.0,1195.0,5.0,1205.0,1.0,,0.0,,0.0,,0.0,1170.0,20.0,1150.5,1.0,1150.0,1.0,,0.0,,0.0
2023-04-27 21:52:27.75,1682603547750000000,1191.5,1191.5,1191.5,646.0,5.0,59575.0,1193.5,5.0,1205.0,1.0,,0.0,,0.0,,0.0,1170.0,20.0,1150.5,1.0,1150.0,1.0,,0.0,,0.0
2023-04-27 21:52:39.25,1682603559250000000,1191.5,1191.5,1191.5,646.0,5.0,59575.0,1195.0,5.0,1205.0,1.0,,0.0,,0.0,,0.0,1170.0,20.0,1150.5,1.0,1150.0,1.0,,0.0,,0.0
2023-04-27 21:52:52.0,1682603572000000000,1191.5,1191.5,1191.5,646.0,5.0,59575.0,1196.5,5.0,1205.0,1.0,,0.0,,0.0,,0.0,1170.0,20.0,1150.5,1.0,1150.0,1.0,,0.0,,0.0
2023-04-27 21:53:00.5,1682603580500000000,1191.5,1191.5,1191.5,646.0,5.0,59575.0,1198.5,5.0,1205.0,1.0,,0.0,,0.0,,0.0,1170.0,20.0,1150.5,1.0,1150.0,1.0,,0.0,,0.0
2023-04-27 21:53:15.75,1682603595750000000,1191.5,1191.5,1191.5,646.0,5.0,59575.0,1197.0,5.0,1205.0,1.0,,0.0,,0.0,,0.0,1170.0,20.0,1150.5,1.0,1150.0,1.0,,0.0,,0.0
2023-04-27 21:55:43.5,1682603743500000000,1191.5,1191.5,1191.5,646.0,5.0,59575.0,1195.0,5.0,1205.0,1.0,,0.0,,0.0,,0.0,1170.0,20.0,1150.5,1.0,1150.0,1.0,,0.0,,0.0
2023-04-27 21:55:48.0,1682603748000000000,1191.5,1191.5,1191.5,646.0,5.0,59575.0,1193.5,5.0,1205.0,1.0,,0.0,,0.0,,0.0,1170.0,20.0,1150.5,1.0,1150.0,1.0,,0.0,,0.0
2023-04-27 21:55:51.25,1682603751250000000,1191.5,1191.5,1191.5,646.0,5.0,59575.0,1195.5,5.0,1205.0,1.0,,0.0,,0.0,,0.0,1170.0,20.0,1150.5,1.0,1150.0,1.0,,0.0,,0.0
2023-04-27 21:56:17.5,1682603777500000000,1191.5,1191.5,1191.5,646.0,5.0,59575.0,1197.0,5.0,1205.0,1.0,,0.0,,0.0,,0.0,1170.0,20.0,1150.5,1.0,1150.0,1.0,,0.0,,0.0
2023-04-27 21:56:40.75,1682603800750000000,1191.5,1191.5,1191.5,646.0,5.0,59575.0,1195.5,5.0,1205.0,1.0,,0.0,,0.0,,0.0,1170.0,20.0,1150.5,1.0,1150.0,1.0,,0.0,,0.0
2023-04-27 21:56:46.0,1682603806000000000,1191.5,1191.5,1191.5,646.0,5.0,59575.0,1197.0,5.0,1205.0,1.0,,0.0,,0.0,,0.0,1170.0,20.0,1150.5,1.0,1150.0,1.0,,0.0,,0.0
2023-04-27 21:57:34.25,1682603854250000000,1191.5,1191.5,1191.5,646.0,5.0,59575.0,1195.5,5.0,1205.0,1.0,,0.0,,0.0,,0.0,1170.0,20.0,1150.5,1.0,1150.0,1.0,,0.0,,0.0
2023-04-27 21:58:03.0,1682603883000000000,1191.5,1191.5,1191.5,646.0,5.0,59575.0,1197.0,5.0,1205.0,1.0,,0.0,,0.0,,0.0,1170.0,20.0,1150.5,1.0,1150.0,1.0,,0.0,,0.0
2023-04-27 21:58:26.0,1682603906000000000,1191.5,1191.5,1191.5,646.0,5.0,59575.0,1195.5,5.0,1205.0,1.0,,0.0,,0.0,,0.0,1170.0,20.0,1150.5,1.0,1150.0,1.0,,0.0,,0.0
2023-04-27 21:58:30.5,1682603910500000000,1191.5,1191.5,1191.5,646.0,5.0,59575.0,1194.0,5.0,1205.0,1.0,,0.0,,0.0,,0.0,1170.0,20.0,1150.5,1.0,1150.0,1.0,,0.0,,0.0
2023-04-27 21:58:42.5,1682603922500000000,1191.5,1191.5,1191.5,646.0,5.0,59575.0,1195.5,5.0,1205.0,1.0,,0.0,,0.0,,0.0,1170.0,20.0,1150.5,1.0,1150.0,1.0,,0.0,,0.0
2023-04-27 21:59:02.75,1682603942750000000,1191.5,1191.5,1191.5,646.0,5.0,59575.0,1193.5,5.0,1205.0,1.0,,0.0,,0.0,,0.0,1170.0,20.0,1150.5,1.0,1150.0,1.0,,0.0,,0.0
2023-04-27 21:59:21.25,1682603961250000000,1191.5,1191.5,1191.5,646.0,5.0,59575.0,1191.5,5.0,1205.0,1.0,,0.0,,0.0,,0.0,1170.0,20.0,1150.5,1.0,1150.0,1.0,,0.0,,0.0
2023-04-27 21:59:30.5,1682603970500000000,1191.5,1191.5,1191.5,646.0,5.0,59575.0,1190.0,5.0,1205.0,1.0,,0.0,,0.0,,0.0,1170.0,20.0,1150.5,1.0,1150.0,1.0,,0.0,,0.0
2023-04-27 21:59:45.0,1682603985000000000,1191.5,1191.5,1191.5,646.0,5.0,59575.0,1191.5,5.0,1205.0,1.0,,0.0,,0.0,,0.0,1170.0,20.0,1150.5,1.0,1150.0,1.0,,0.0,,0.0
2023-04-27 22:00:01.25,1682604001250000000,1191.5,1191.5,1191.5,646.0,5.0,59575.0,1193.0,5.0,1205.0,1.0,,0.0,,0.0,,0.0,1170.0,20.0,1150.5,1.0,1150.0,1.0,,0.0,,0.0
2023-04-27 22:00:11.5,1682604011500000000,1191.5,1191.5,1191.5,646.0,5.0,59575.0,1194.5,5.0,1205.0,1.0,,0.0,,0.0,,0.0,1170.0,20.0,1150.5,1.0,1150.0,1.0,,0.0,,0.0
2023-04-27 22:00:35.25,1682604035250000000,1191.5,1191.5,1191.5,646.0,5.0,59575.0,1192.5,5.0,1205.0,1.0,,0.0,,0.0,,0.0,1170.0,20.0,1150.5,1.0,1150.0,1.0,,0.0,,0.0
2023-04-27 22:00:39.0,1682604039000000000,1191.5,1191.5,1191.5,646.0,5.0,59575.0,1191.0,5.0,1205.0,1.0,,0.0,,0.0,,0.0,1170.0,20.0,1150.5,1.0,1150.0,1.0,,0.0,,0.0
2023-04-27 22:01:00.25,1682604060250000000,1191.5,1191.5,1191.5,646.0,5.0,59575.0,1192.5,5.0,1205.0,1.0,,0.0,,0.0,,0.0,1170.0,20.0,1150.5,1.0,1150.0,1.0,,0.0,,0.0
2023-04-27 22:01:05.5,1682604065500000000,1191.5,1191.5,1191.5,646.0,5.0,59575.0,1194.5,5.0,1205.0,1.0,,0.0,,0.0,,0.0,1170.0,20.0,1150.5,1.0,1150.0,1.0,,0.0,,0.0
2023-04-27 22:01:05.75,1682604065750000000,1191.5,1191.5,1191.5,646.0,5.0,59575.0,1196.5,5.0,1205.0,1.0,,0.0,,0.0,,0.0,1170.0,20.0,1150.5,1.0,1150.0,1.0,,0.0,,0.0
2023-04-27 22:01:23.75,1682604083750000000,1191.5,1191.5,1191.5,646.0,5.0,59575.0,1198.0,5.0,1205.0,1.0,,0.0,,0.0,,0.0,1170.0,20.0,1150.5,1.0,1150.0,1.0,,0.0,,0.0
2023-04-27 22:01:33.25,1682604093250000000,1191.5,1191.5,1191.5,646.0,5.0,59575.0,1199.5,5.0,1205.0,1.0,,0.0,,0.0,,0.0,1170.0,20.0,1150.5,1.0,1150.0,1.0,,0.0,,0.0
2023-04-27 22:01:35.0,1682604095000000000,1191.5,1191.5,1191.5,646.0,5.0,59575.0,1201.0,5.0,1205.0,1.0,,0.0,,0.0,,0.0,1170.0,20.0,1150.5,1.0,1150.0,1.0,,0.0,,0.0
2023-04-27 22:02:19.75,1682604139750000000,1191.5,1191.5,1191.5,646.0,5.0,59575.0,1199.5,5.0,1205.0,1.0,,0.0,,0.0,,0.0,1170.0,20.0,1150.5,1.0,1150.0,1.0,,0.0,,0.0
2023-04-27 22:02:29.0,1682604149000000000,1191.5,1191.5,1191.5,646.0,5.0,59575.0,1198.0,5.0,1205.0,1.0,,0.0,,0.0,,0.0,1170.0,20.0,1150.5,1.0,1150.0,1.0,,0.0,,0.0
2023-04-27 22:02:45.0,1682604165000000000,1191.5,1191.5,1191.5,646.0,5.0,59575.0,1195.5,5.0,1205.0,1.0,,0.0,,0.0,,0.0,1170.0,20.0,1150.5,1.0,1150.0,1.0,,0.0,,0.0
2023-04-27 22:02:55.75,1682604175750000000,1191.5,1191.5,1191.5,646.0,5.0,59575.0,1197.0,5.0,1205.0,1.0,,0.0,,0.0,,0.0,1170.0,20.0,1150.5,1.0,1150.0,1.0,,0.0,,0.0
2023-04-27 22:03:14.0,1682604194000000000,1191.5,1191.5,1191.5,646.0,5.0,59575.0,1199.0,5.0,1205.0,1.0,,0.0,,0.0,,0.0,1170.0,20.0,1150.5,1.0,1150.0,1.0,,0.0,,0.0
2023-04-27 22:03:14.5,1682604194500000000,1191.5,1191.5,1191.5,646.0,5.0,59575.0,1200.5,5.0,1205.0,1.0,,0.0,,0.0,,0.0,1170.0,20.0,1150.5,1.0,1150.0,1.0,,0.0,,0.0
2023-04-27 22:03:38.75,1682604218750000000,1191.5,1191.5,1191.5,646.0,5.0,59575.0,1202.0,5.0,1230.0,1.0,,0.0,,0.0,,0.0,1170.0,20.0,1150.5,1.0,1150.0,1.0,,0.0,,0.0
2023-04-27 22:04:14.75,1682604254750000000,1191.5,1191.5,1191.5,646.0,5.0,59575.0,1203.5,5.0,1230.0,1.0,,0.0,,0.0,,0.0,1170.0,20.0,1150.5,1.0,1150.0,1.0,,0.0,,0.0
2023-04-27 22:04:21.25,1682604261250000000,1191.5,1191.5,1191.5,646.0,5.0,59575.0,1202.0,5.0,1230.0,1.0,,0.0,,0.0,,0.0,1170.0,20.0,1150.5,1.0,1150.0,1.0,,0.0,,0.0
2023-04-27 22:04:37.25,1682604277250000000,1191.5,1191.5,1191.5,646.0,5.0,59575.0,1200.5,5.0,1230.0,1.0,,0.0,,0.0,,0.0,1170.0,20.0,1150.5,1.0,1150.0,1.0,,0.0,,0.0
2023-04-27 22:05:31.75,1682604331750000000,1191.5,1191.5,1191.5,646.0,5.0,59575.0,1203.0,5.0,1230.0,1.0,,0.0,,0.0,,0.0,1170.0,20.0,1150.5,1.0,1150.0,1.0,,0.0,,0.0
2023-04-27 22:05:39.75,1682604339750000000,1191.5,1191.5,1191.5,646.0,5.0,59575.0,1201.0,5.0,1230.0,1.0,,0.0,,0.0,,0.0,1170.0,20.0,1150.5,1.0,1150.0,1.0,,0.0,,0.0
2023-04-27 22:05:40.5,1682604340500000000,1191.5,1191.5,1191.5,646.0,5.0,59575.0,1202.5,5.0,1230.0,1.0,,0.0,,0.0,,0.0,1170.0,20.0,1150.5,1.0,1150.0,1.0,,0.0,,0.0
2023-04-27 22:05:41.75,1682604341750000000,1191.5,1191.5,1191.5,646.0,5.0,59575.0,1201.0,5.0,1230.0,1.0,,0.0,,0.0,,0.0,1170.0,20.0,1150.5,1.0,1150.0,1.0,,0.0,,0.0
2023-04-27 22:05:52.0,1682604352000000000,1191.5,1191.5,1191.5,646.0,5.0,59575.0,1202.5,5.0,1230.0,1.0,,0.0,,0.0,,0.0,1170.0,20.0,1150.5,1.0,1150.0,1.0,,0.0,,0.0
2023-04-27 22:06:53.0,1682604413000000000,1191.5,1191.5,1191.5,646.0,5.0,59575.0,1201.0,5.0,1230.0,1.0,,0.0,,0.0,,0.0,1170.0,20.0,1150.5,1.0,1150.0,1.0,,0.0,,0.0
2023-04-27 22:07:14.75,1682604434750000000,1191.5,1191.5,1191.5,646.0,5.0,59575.0,1199.5,5.0,1230.0,1.0,,0.0,,0.0,,0.0,1170.0,20.0,1150.5,1.0,1150.0,1.0,,0.0,,0.0
2023-04-27 22:07:16.75,1682604436750000000,1191.5,1191.5,1191.5,646.0,5.0,59575.0,1197.0,5.0,1230.0,1.0,,0.0,,0.0,,0.0,1170.0,20.0,1150.5,1.0,1150.0,1.0,,0.0,,0.0
2023-04-27 22:07:41.25,1682604461250000000,1191.5,1191.5,1191.5,646.0,5.0,59575.0,1195.0,5.0,1230.0,1.0,,0.0,,0.0,,0.0,1170.0,20.0,1150.5,1.0,1150.0,1.0,,0.0,,0.0
2023-04-27 22:07:52.25,1682604472250000000,1191.5,1191.5,1191.5,646.0,5.0,59575.0,1196.5,5.0,1230.0,1.0,,0.0,,0.0,,0.0,1170.0,20.0,1150.5,1.0,1150.0,1.0,,0.0,,0.0
2023-04-27 22:08:22.25,1682604502250000000,1191.5,1191.5,1191.5,646.0,5.0,59575.0,1198.0,5.0,1230.0,1.0,,0.0,,0.0,,0.0,1170.0,20.0,1150.5,1.0,1150.0,1.0,,0.0,,0.0
2023-04-27 22:09:15.5,1682604555500000000,1191.5,1191.5,1191.5,646.0,5.0,59575.0,1199.5,5.0,1230.0,1.0,,0.0,,0.0,,0.0,1170.0,20.0,1150.5,1.0,1150.0,1.0,,0.0,,0.0
2023-04-27 22:09:32.0,1682604572000000000,1191.5,1191.5,1191.5,646.0,5.0,59575.0,1198.0,5.0,1230.0,1.0,,0.0,,0.0,,0.0,1170.0,20.0,1150.5,1.0,1150.0,1.0,,0.0,,0.0
2023-04-27 22:10:12.25,1682604612250000000,1191.5,1191.5,1191.5,646.0,5.0,59575.0,1199.5,5.0,1230.0,1.0,,0.0,,0.0,,0.0,1170.0,20.0,1150.5,1.0,1150.0,1.0,,0.0,,0.0
2023-04-27 22:10:19.75,1682604619750000000,1191.5,1191.5,1191.5,646.0,5.0,59575.0,1198.0,5.0,1230.0,1.0,,0.0,,0.0,,0.0,1170.0,20.0,1150.5,1.0,1150.0,1.0,,0.0,,0.0
2023-04-27 22:10:21.75,1682604621750000000,1191.5,1191.5,1191.5,646.0,5.0,59575.0,1199.5,5.0,1230.0,1.0,,0.0,,0.0,,0.0,1170.0,20.0,1150.5,1.0,1150.0,1.0,,0.0,,0.0
2023-04-27 22:10:46.75,1682604646750000000,1191.5,1191.5,1191.5,646.0,5.0,59575.0,1201.0,5.0,1230.0,1.0,,0.0,,0.0,,0.0,1170.0,20.0,1150.5,1.0,1150.0,1.0,,0.0,,0.0
2023-04-27 22:10:51.0,1682604651000000000,1191.5,1191.5,1191.5,646.0,5.0,59575.0,1202.5,5.0,1230.0,1.0,,0.0,,0.0,,0.0,1170.0,20.0,1150.5,1.0,1150.0,1.0,,0.0,,0.0
2023-04-27 22:11:15.25,1682604675250000000,1191.5,1191.5,1191.5,646.0,5.0,59575.0,1200.5,5.0,1230.0,1.0,,0.0,,0.0,,0.0,1170.0,20.0,1150.5,1.0,1150.0,1.0,,0.0,,0.0
2023-04-27 22:11:23.25,1682604683250000000,1191.5,1191.5,1191.5,646.0,5.0,59575.0,1199.0,5.0,1230.0,1.0,,0.0,,0.0,,0.0,1170.0,20.0,1150.5,1.0,1150.0,1.0,,0.0,,0.0
2023-04-27 22:11:25.25,1682604685250000000,1191.5,1191.5,1191.5,646.0,5.0,59575.0,1197.5,5.0,1230.0,1.0,,0.0,,0.0,,0.0,1170.0,20.0,1150.5,1.0,1150.0,1.0,,0.0,,0.0
2023-04-27 22:11:33.25,1682604693250000000,1191.5,1191.5,1191.5,646.0,5.0,59575.0,1199.0,5.0,1230.0,1.0,,0.0,,0.0,,0.0,1170.0,20.0,1150.5,1.0,1150.0,1.0,,0.0,,0.0
2023-04-27 22:12:09.25,1682604729250000000,1191.5,1191.5,1191.5,646.0,5.0,59575.0,1197.0,5.0,1230.0,1.0,,0.0,,0.0,,0.0,1170.0,20.0,1150.5,1.0,1150.0,1.0,,0.0,,0.0
2023-04-27 22:12:27.0,1682604747000000000,1191.5,1191.5,1191.5,646.0,5.0,59575.0,1195.5,5.0,1230.0,1.0,,0.0,,0.0,,0.0,1170.0,20.0,1150.5,1.0,1150.0,1.0,,0.0,,0.0
2023-04-27 22:13:07.5,1682604787500000000,1191.5,1191.5,1191.5,646.0,5.0,59575.0,1197.0,5.0,1230.0,1.0,,0.0,,0.0,,0.0,1170.0,20.0,1150.5,1.0,1150.0,1.0,,0.0,,0.0
2023-04-27 22:13:24.25,1682604804250000000,1191.5,1191.5,1191.5,646.0,5.0,59575.0,1195.5,5.0,1230.0,1.0,,0.0,,0.0,,0.0,1170.0,20.0,1150.5,1.0,1150.0,1.0,,0.0,,0.0
2023-04-27 22:13:39.5,1682604819500000000,1191.5,1191.5,1191.5,646.0,5.0,59575.0,1197.0,5.0,1230.0,1.0,,0.0,,0.0,,0.0,1170.0,20.0,1150.5,1.0,1150.0,1.0,,0.0,,0.0
2023-04-27 22:13:46.25,1682604826250000000,1191.5,1191.5,1191.5,646.0,5.0,59575.0,1195.5,5.0,1230.0,1.0,,0.0,,0.0,,0.0,1170.0,20.0,1150.5,1.0,1150.0,1.0,,0.0,,0.0
2023-04-27 22:14:03.5,1682604843500000000,1191.5,1191.5,1191.5,646.0,5.0,59575.0,1197.0,5.0,1230.0,1.0,,0.0,,0.0,,0.0,1170.0,20.0,1150.5,1.0,1150.0,1.0,,0.0,,0.0
2023-04-27 22:14:20.0,1682604860000000000,1191.5,1191.5,1191.5,646.0,5.0,59575.0,1198.5,5.0,1230.0,1.0,,0.0,,0.0,,0.0,1170.0,20.0,1150.5,1.0,1150.0,1.0,,0.0,,0.0
2023-04-27 22:14:48.0,1682604888000000000,1191.5,1191.5,1191.5,646.0,5.0,59575.0,1200.5,5.0,1230.0,1.0,,0.0,,0.0,,0.0,1170.0,20.0,1150.5,1.0,1150.0,1.0,,0.0,,0.0
2023-04-27 22:14:50.25,1682604890250000000,1191.5,1191.5,1191.5,646.0,5.0,59575.0,1230.0,1.0,,0.0,,0.0,,0.0,,0.0,1170.0,20.0,1150.5,1.0,1150.0,1.0,,0.0,,0.0
2023-04-27 22:14:50.5,1682604890500000000,1191.5,1191.5,1191.5,646.0,5.0,59575.0,1229.5,10.0,1230.0,1.0,,0.0,,0.0,,0.0,1170.0,20.0,1150.5,1.0,1150.0,1.0,,0.0,,0.0
2023-04-27 22:17:33.5,1682605053500000000,1191.5,1191.5,1191.5,646.0,5.0,59575.0,1196.0,5.0,1229.5,10.0,1230.0,1.0,,0.0,,0.0,1170.0,20.0,1150.5,1.0,1150.0,1.0,,0.0,,0.0
2023-04-27 22:17:33.75,1682605053750000000,1191.5,1191.5,1191.5,646.0,5.0,59575.0,1196.0,5.0,1230.0,1.0,,0.0,,0.0,,0.0,1170.0,20.0,1150.5,1.0,1150.0,1.0,,0.0,,0.0
2023-04-27 22:17:56.75,1682605076750000000,1191.5,1191.5,1191.5,646.0,5.0,59575.0,1197.5,5.0,1230.0,1.0,,0.0,,0.0,,0.0,1170.0,20.0,1150.5,1.0,1150.0,1.0,,0.0,,0.0
2023-04-27 22:18:30.0,1682605110000000000,1191.5,1191.5,1191.5,646.0,5.0,59575.0,1196.0,5.0,1230.0,1.0,,0.0,,0.0,,0.0,1170.0,20.0,1150.5,1.0,1150.0,1.0,,0.0,,0.0
2023-04-27 22:18:41.5,1682605121500000000,1191.5,1191.5,1191.5,646.0,5.0,59575.0,1194.5,5.0,1230.0,1.0,,0.0,,0.0,,0.0,1170.0,20.0,1150.5,1.0,1150.0,1.0,,0.0,,0.0
2023-04-27 22:19:21.5,1682605161500000000,1191.5,1191.5,1191.5,646.0,5.0,59575.0,1196.0,5.0,1230.0,1.0,,0.0,,0.0,,0.0,1170.0,20.0,1150.5,1.0,1150.0,1.0,,0.0,,0.0
2023-04-27 22:20:01.75,1682605201750000000,1191.5,1191.5,1191.5,646.0,5.0,59575.0,1194.5,5.0,1230.0,1.0,,0.0,,0.0,,0.0,1170.0,20.0,1150.5,1.0,1150.0,1.0,,0.0,,0.0
2023-04-27 22:20:24.75,1682605224750000000,1191.5,1191.5,1191.5,646.0,5.0,59575.0,1196.0,5.0,1230.0,1.0,,0.0,,0.0,,0.0,1170.0,20.0,1150.5,1.0,1150.0,1.0,,0.0,,0.0
2023-04-27 22:20:43.0,1682605243000000000,1191.5,1191.5,1191.5,646.0,5.0,59575.0,1198.5,5.0,1230.0,1.0,,0.0,,0.0,,0.0,1170.0,20.0,1150.5,1.0,1150.0,1.0,,0.0,,0.0
2023-04-27 22:21:02.5,1682605262500000000,1191.5,1191.5,1191.5,646.0,5.0,59575.0,1197.0,5.0,1230.0,1.0,,0.0,,0.0,,0.0,1170.0,20.0,1150.5,1.0,1150.0,1.0,,0.0,,0.0
2023-04-27 22:21:22.75,1682605282750000000,1191.5,1191.5,1191.5,646.0,5.0,59575.0,1195.5,5.0,1230.0,1.0,,0.0,,0.0,,0.0,1170.0,20.0,1150.5,1.0,1150.0,1.0,,0.0,,0.0
2023-04-27 22:21:31.5,1682605291500000000,1191.5,1191.5,1191.5,646.0,5.0,59575.0,1194.0,5.0,1230.0,1.0,,0.0,,0.0,,0.0,1170.0,20.0,1150.5,1.0,1150.0,1.0,,0.0,,0.0
2023-04-27 22:21:33.75,1682605293750000000,1191.5,1191.5,1191.5,646.0,5.0,59575.0,1192.5,5.0,1230.0,1.0,,0.0,,0.0,,0.0,1170.0,20.0,1150.5,1.0,1150.0,1.0,,0.0,,0.0
2023-04-27 22:21:41.0,1682605301000000000,1191.5,1191.5,1191.5,646.0,5.0,59575.0,1194.0,5.0,1230.0,1.0,,0.0,,0.0,,0.0,1170.0,20.0,1150.5,1.0,1150.0,1.0,,0.0,,0.0
2023-04-27 22:22:02.25,1682605322250000000,1191.5,1191.5,1191.5,646.0,5.0,59575.0,1192.5,5.0,1230.0,1.0,,0.0,,0.0,,0.0,1170.0,20.0,1150.5,1.0,1150.0,1.0,,0.0,,0.0
2023-04-27 22:22:05.0,1682605325000000000,1191.5,1191.5,1191.5,646.0,5.0,59575.0,1191.0,5.0,1230.0,1.0,,0.0,,0.0,,0.0,1170.0,20.0,1150.5,1.0,1150.0,1.0,,0.0,,0.0
2023-04-27 22:22:09.75,1682605329750000000,1191.5,1191.5,1191.5,646.0,5.0,59575.0,1192.5,5.0,1230.0,1.0,,0.0,,0.0,,0.0,1170.0,20.0,1150.5,1.0,1150.0,1.0,,0.0,,0.0
2023-04-27 22:23:19.75,1682605399750000000,1191.5,1191.5,1191.5,646.0,5.0,59575.0,1192.5,5.0,1230.0,1.0,,0.0,,0.0,,0.0,1150.5,1.0,1150.0,1.0,,0.0,,0.0,,0.0
2023-04-27 22:23:26.75,1682605406750000000,1191.5,1191.5,1191.5,646.0,5.0,59575.0,1191.0,5.0,1230.0,1.0,,0.0,,0.0,,0.0,1150.5,1.0,1150.0,1.0,,0.0,,0.0,,0.0
2023-04-27 22:23:28.25,1682605408250000000,1191.5,1191.5,1191.5,646.0,5.0,59575.0,1188.0,5.0,1230.0,1.0,,0.0,,0.0,,0.0,1150.5,1.0,1150.0,1.0,,0.0,,0.0,,0.0
2023-04-27 22:23:31.75,1682605411750000000,1191.5,1191.5,1191.5,646.0,5.0,59575.0,1189.5,5.0,1230.0,1.0,,0.0,,0.0,,0.0,1150.5,1.0,1150.0,1.0,,0.0,,0.0,,0.0
2023-04-27 22:23:37.0,1682605417000000000,1191.5,1191.5,1191.5,646.0,5.0,59575.0,1191.0,5.0,1230.0,1.0,,0.0,,0.0,,0.0,1150.5,1.0,1150.0,1.0,,0.0,,0.0,,0.0
2023-04-27 22:24:01.5,1682605441500000000,1191.5,1191.5,1191.5,646.0,5.0,59575.0,1192.5,5.0,1230.0,1.0,,0.0,,0.0,,0.0,1150.5,1.0,1150.0,1.0,,0.0,,0.0,,0.0
2023-04-27 22:25:02.0,1682605502000000000,1191.5,1191.5,1191.5,646.0,5.0,59575.0,1192.5,5.0,1230.0,1.0,,0.0,,0.0,,0.0,1160.0,20.0,1150.5,1.0,1150.0,1.0,,0.0,,0.0
2023-04-27 22:25:03.25,1682605503250000000,1191.5,1191.5,1191.5,646.0,5.0,59575.0,1191.0,5.0,1230.0,1.0,,0.0,,0.0,,0.0,1160.0,20.0,1150.5,1.0,1150.0,1.0,,0.0,,0.0
2023-04-27 22:25:07.0,1682605507000000000,1191.5,1191.5,1191.5,646.0,5.0,59575.0,1192.5,5.0,1230.0,1.0,,0.0,,0.0,,0.0,1160.0,20.0,1150.5,1.0,1150.0,1.0,,0.0,,0.0
2023-04-27 22:25:37.75,1682605537750000000,1191.5,1191.5,1191.5,646.0,5.0,59575.0,1190.5,5.0,1230.0,1.0,,0.0,,0.0,,0.0,1160.0,20.0,1150.5,1.0,1150.0,1.0,,0.0,,0.0
2023-04-27 22:26:03.25,1682605563250000000,1191.5,1191.5,1191.5,646.0,5.0,59575.0,1188.5,5.0,1230.0,1.0,,0.0,,0.0,,0.0,1160.0,20.0,1150.5,1.0,1150.0,1.0,,0.0,,0.0
2023-04-27 22:27:15.5,1682605635500000000,1191.5,1191.5,1191.5,646.0,5.0,59575.0,1190.0,5.0,1230.0,1.0,,0.0,,0.0,,0.0,1160.0,20.0,1150.5,1.0,1150.0,1.0,,0.0,,0.0
2023-04-27 22:27:35.25,1682605655250000000,1191.5,1191.5,1191.5,646.0,5.0,59575.0,1188.5,5.0,1230.0,1.0,,0.0,,0.0,,0.0,1160.0,20.0,1150.5,1.0,1150.0,1.0,,0.0,,0.0
2023-04-27 22:27:39.0,1682605659000000000,1191.5,1191.5,1191.5,646.0,5.0,59575.0,1186.5,5.0,1230.0,1.0,,0.0,,0.0,,0.0,1160.0,20.0,1150.5,1.0,1150.0,1.0,,0.0,,0.0
2023-04-27 22:28:01.5,1682605681500000000,1191.5,1191.5,1191.5,646.0,5.0,59575.0,1185.0,5.0,1230.0,1.0,,0.0,,0.0,,0.0,1160.0,20.0,1150.5,1.0,1150.0,1.0,,0.0,,0.0
2023-04-27 22:28:06.75,1682605686750000000,1191.5,1191.5,1191.5,646.0,5.0,59575.0,1186.5,5.0,1230.0,1.0,,0.0,,0.0,,0.0,1160.0,20.0,1150.5,1.0,1150.0,1.0,,0.0,,0.0
2023-04-27 22:28:17.75,1682605697750000000,1191.5,1191.5,1191.5,646.0,5.0,59575.0,1188.0,5.0,1230.0,1.0,,0.0,,0.0,,0.0,1160.0,20.0,1150.5,1.0,1150.0,1.0,,0.0,,0.0
2023-04-27 22:28:51.5,1682605731500000000,1191.5,1191.5,1191.5,646.0,5.0,59575.0,1186.5,5.0,1230.0,1.0,,0.0,,0.0,,0.0,1160.0,20.0,1150.5,1.0,1150.0,1.0,,0.0,,0.0
2023-04-27 22:28:58.25,1682605738250000000,1191.5,1191.5,1191.5,646.0,5.0,59575.0,1185.0,5.0,1230.0,1.0,,0.0,,0.0,,0.0,1160.0,20.0,1150.5,1.0,1150.0,1.0,,0.0,,0.0
2023-04-27 22:29:12.75,1682605752750000000,1191.5,1191.5,1191.5,646.0,5.0,59575.0,1186.5,5.0,1230.0,1.0,,0.0,,0.0,,0.0,1160.0,20.0,1150.5,1.0,1150.0,1.0,,0.0,,0.0
2023-04-27 22:29:32.5,1682605772500000000,1191.5,1191.5,1191.5,646.0,5.0,59575.0,1185.0,5.0,1230.0,1.0,,0.0,,0.0,,0.0,1160.0,20.0,1150.5,1.0,1150.0,1.0,,0.0,,0.0
2023-04-27 22:29:53.75,1682605793750000000,1191.5,1191.5,1191.5,646.0,5.0,59575.0,1182.5,5.0,1230.0,1.0,,0.0,,0.0,,0.0,1160.0,20.0,1150.5,1.0,1150.0,1.0,,0.0,,0.0
2023-04-27 22:29:54.0,1682605794000000000,1191.5,1191.5,1191.5,646.0,5.0,59575.0,1182.5,5.0,1208.5,1.0,1230.0,1.0,,0.0,,0.0,1160.0,20.0,1150.5,1.0,1150.0,1.0,,0.0,,0.0
2023-04-27 22:29:54.25,1682605794250000000,1191.5,1191.5,1191.5,646.0,5.0,59575.0,1180.5,5.0,1208.5,1.0,1230.0,1.0,,0.0,,0.0,1160.0,20.0,1150.5,1.0,1150.0,1.0,,0.0,,0.0
2023-04-27 22:29:58.0,1682605798000000000,1191.5,1191.5,1191.5,646.0,5.0,59575.0,1180.5,5.0,1208.5,1.0,,0.0,,0.0,,0.0,1160.0,20.0,1150.5,1.0,1150.0,1.0,,0.0,,0.0
2023-04-27 22:30:24.75,1682605824750000000,1191.5,1191.5,1191.5,646.0,5.0,59575.0,1179.0,5.0,1208.5,1.0,,0.0,,0.0,,0.0,1160.0,20.0,1150.5,1.0,1150.0,1.0,,0.0,,0.0
2023-04-27 22:30:36.75,1682605836750000000,1191.5,1191.5,1191.5,646.0,5.0,59575.0,1180.5,5.0,1208.5,1.0,,0.0,,0.0,,0.0,1160.0,20.0,1150.5,1.0,1150.0,1.0,,0.0,,0.0
2023-04-27 22:30:43.0,1682605843000000000,1191.5,1191.5,1191.5,646.0,5.0,59575.0,1182.0,5.0,1208.5,1.0,,0.0,,0.0,,0.0,1160.0,20.0,1150.5,1.0,1150.0,1.0,,0.0,,0.0
2023-04-27 22:30:56.0,1682605856000000000,1191.5,1191.5,1191.5,646.0,5.0,59575.0,1183.5,5.0,1208.5,1.0,,0.0,,0.0,,0.0,1160.0,20.0,1150.5,1.0,1150.0,1.0,,0.0,,0.0
2023-04-27 22:30:59.75,1682605859750000000,1191.5,1191.5,1191.5,646.0,5.0,59575.0,1182.0,5.0,1208.5,1.0,,0.0,,0.0,,0.0,1160.0,20.0,1150.5,1.0,1150.0,1.0,,0.0,,0.0
2023-04-27 22:31:02.0,1682605862000000000,1191.5,1191.5,1191.5,646.0,5.0,59575.0,1180.5,5.0,1208.5,1.0,,0.0,,0.0,,0.0,1160.0,20.0,1150.5,1.0,1150.0,1.0,,0.0,,0.0
2023-04-27 22:31:05.5,1682605865500000000,1191.5,1191.5,1191.5,646.0,5.0,59575.0,1178.5,5.0,1208.5,1.0,,0.0,,0.0,,0.0,1160.0,20.0,1150.5,1.0,1150.0,1.0,,0.0,,0.0
2023-04-27 22:31:06.5,1682605866500000000,1191.5,1191.5,1191.5,646.0,5.0,59575.0,1177.0,5.0,1208.5,1.0,,0.0,,0.0,,0.0,1160.0,20.0,1150.5,1.0,1150.0,1.0,,0.0,,0.0
2023-04-27 22:31:07.75,1682605867750000000,1191.5,1191.5,1191.5,646.0,5.0,59575.0,1175.5,5.0,1208.5,1.0,,0.0,,0.0,,0.0,1160.0,20.0,1150.5,1.0,1150.0,1.0,,0.0,,0.0
2023-04-27 22:31:09.0,1682605869000000000,1191.5,1191.5,1191.5,646.0,5.0,59575.0,1172.5,5.0,1208.5,1.0,,0.0,,0.0,,0.0,1160.0,20.0,1150.5,1.0,1150.0,1.0,,0.0,,0.0
2023-04-27 22:31:09.5,1682605869500000000,1191.5,1191.5,1191.5,646.0,5.0,59575.0,1170.5,5.0,1208.5,1.0,,0.0,,0.0,,0.0,1160.0,20.0,1150.5,1.0,1150.0,1.0,,0.0,,0.0
2023-04-27 22:31:09.75,1682605869750000000,1191.5,1191.5,1191.5,646.0,5.0,59575.0,1172.5,5.0,1208.5,1.0,,0.0,,0.0,,0.0,1160.0,20.0,1150.5,1.0,1150.0,1.0,,0.0,,0.0
2023-04-27 22:31:11.25,1682605871250000000,1191.5,1191.5,1191.5,646.0,5.0,59575.0,1171.0,5.0,1208.5,1.0,,0.0,,0.0,,0.0,1160.0,20.0,1150.5,1.0,1150.0,1.0,,0.0,,0.0
2023-04-27 22:31:12.0,1682605872000000000,1191.5,1191.5,1191.5,646.0,5.0,59575.0,1169.5,5.0,1208.5,1.0,,0.0,,0.0,,0.0,1160.0,20.0,1150.5,1.0,1150.0,1.0,,0.0,,0.0
2023-04-27 22:31:17.25,1682605877250000000,1191.5,1191.5,1191.5,646.0,5.0,59575.0,1168.0,5.0,1208.5,1.0,,0.0,,0.0,,0.0,1160.0,20.0,1150.5,1.0,1150.0,1.0,,0.0,,0.0
2023-04-27 22:31:18.0,1682605878000000000,1191.5,1191.5,1191.5,646.0,5.0,59575.0,1169.5,5.0,1208.5,1.0,,0.0,,0.0,,0.0,1160.0,20.0,1150.5,1.0,1150.0,1.0,,0.0,,0.0
2023-04-27 22:31:18.75,1682605878750000000,1191.5,1191.5,1191.5,646.0,5.0,59575.0,1171.0,5.0,1208.5,1.0,,0.0,,0.0,,0.0,1160.0,20.0,1150.5,1.0,1150.0,1.0,,0.0,,0.0
2023-04-27 22:31:21.25,1682605881250000000,1191.5,1191.5,1191.5,646.0,5.0,59575.0,1172.5,5.0,1208.5,1.0,,0.0,,0.0,,0.0,1160.0,20.0,1150.5,1.0,1150.0,1.0,,0.0,,0.0
2023-04-27 22:31:23.25,1682605883250000000,1191.5,1191.5,1191.5,646.0,5.0,59575.0,1171.0,5.0,1208.5,1.0,,0.0,,0.0,,0.0,1160.0,20.0,1150.5,1.0,1150.0,1.0,,0.0,,0.0
2023-04-27 22:31:24.25,1682605884250000000,1191.5,1191.5,1191.5,646.0,5.0,59575.0,1169.5,5.0,1208.5,1.0,,0.0,,0.0,,0.0,1160.0,20.0,1150.5,1.0,1150.0,1.0,,0.0,,0.0
2023-04-27 22:31:25.5,1682605885500000000,1191.5,1191.5,1191.5,646.0,5.0,59575.0,1168.0,5.0,1208.5,1.0,,0.0,,0.0,,0.0,1160.0,20.0,1150.5,1.0,1150.0,1.0,,0.0,,0.0
2023-04-27 22:31:30.75,1682605890750000000,1191.5,1191.5,1191.5,646.0,5.0,59575.0,1166.0,5.0,1208.5,1.0,,0.0,,0.0,,0.0,1160.0,20.0,1150.5,1.0,1150.0,1.0,,0.0,,0.0
2023-04-27 22:31:31.5,1682605891500000000,1191.5,1191.5,1191.5,646.0,5.0,59575.0,1166.0,5.0,1208.5,1.0,,0.0,,0.0,,0.0,1160.0,20.0,1150.0,1.0,,0.0,,0.0,,0.0
2023-04-27 22:31:41.0,1682605901000000000,1191.5,1191.5,1191.5,646.0,5.0,59575.0,1167.5,5.0,1208.5,1.0,,0.0,,0.0,,0.0,1160.0,20.0,1150.0,1.0,,0.0,,0.0,,0.0
2023-04-27 22:31:42.5,1682605902500000000,1191.5,1191.5,1191.5,646.0,5.0,59575.0,1169.0,5.0,1208.5,1.0,,0.0,,0.0,,0.0,1160.0,20.0,1150.0,1.0,,0.0,,0.0,,0.0
2023-04-27 22:31:47.5,1682605907500000000,1191.5,1191.5,1191.5,646.0,5.0,59575.0,1167.5,5.0,1208.5,1.0,,0.0,,0.0,,0.0,1160.0,20.0,1150.0,1.0,,0.0,,0.0,,0.0
2023-04-27 22:31:50.5,1682605910500000000,1191.5,1191.5,1191.5,646.0,5.0,59575.0,1166.0,5.0,1208.5,1.0,,0.0,,0.0,,0.0,1160.0,20.0,1150.0,1.0,,0.0,,0.0,,0.0
2023-04-27 22:31:52.25,1682605912250000000,1191.5,1191.5,1191.5,646.0,5.0,59575.0,1164.5,5.0,1208.5,1.0,,0.0,,0.0,,0.0,1160.0,20.0,1150.0,1.0,,0.0,,0.0,,0.0
2023-04-27 22:31:52.75,1682605912750000000,1191.5,1160.0,1160.0,645.0,6.0,71175.0,1164.5,5.0,1208.5,1.0,,0.0,,0.0,,0.0,1160.0,19.0,1150.0,1.0,,0.0,,0.0,,0.0
2023-04-27 22:31:53.0,1682605913000000000,1191.5,1160.0,1160.0,645.0,6.0,71175.0,1163.0,5.0,1208.5,1.0,,0.0,,0.0,,0.0,1160.0,19.0,1150.0,1.0,,0.0,,0.0,,0.0
2023-04-27 22:31:55.0,1682605915000000000,1191.5,1160.0,1160.0,642.0,9.0,105975.0,1163.0,5.0,1208.5,1.0,,0.0,,0.0,,0.0,1160.0,16.0,1150.0,1.0,,0.0,,0.0,,0.0
2023-04-27 22:31:56.0,1682605916000000000,1191.5,1160.0,1160.0,641.0,10.0,117575.0,1163.0,5.0,1208.5,1.0,,0.0,,0.0,,0.0,1160.0,15.0,1150.0,1.0,,0.0,,0.0,,0.0
2023-04-27 22:31:57.5,1682605917500000000,1191.5,1160.0,1160.0,640.0,11.0,129175.0,1163.0,5.0,1208.5,1.0,,0.0,,0.0,,0.0,1160.0,14.0,1150.0,1.0,,0.0,,0.0,,0.0
2023-04-27 22:31:58.25,1682605918250000000,1191.5,1160.0,1160.0,640.0,11.0,129175.0,1164.5,5.0,1208.5,1.0,,0.0,,0.0,,0.0,1160.0,14.0,1150.0,1.0,,0.0,,0.0,,0.0
2023-04-27 22:32:02.5,1682605922500000000,1191.5,1160.0,1160.0,640.0,11.0,129175.0,1166.0,5.0,1208.5,1.0,,0.0,,0.0,,0.0,1160.0,14.0,1150.0,1.0,,0.0,,0.0,,0.0
2023-04-27 22:32:08.75,1682605928750000000,1191.5,1160.0,1160.0,640.0,11.0,129175.0,1167.5,5.0,1208.5,1.0,,0.0,,0.0,,0.0,1160.0,14.0,1150.0,1.0,,0.0,,0.0,,0.0
2023-04-27 22:32:10.25,1682605930250000000,1191.5,1160.0,1160.0,640.0,11.0,129175.0,1169.0,5.0,1208.5,1.0,,0.0,,0.0,,0.0,1160.0,14.0,1150.0,1.0,,0.0,,0.0,,0.0
2023-04-27 22:32:15.25,1682605935250000000,1191.5,1160.0,1160.0,640.0,11.0,129175.0,1167.5,5.0,1208.5,1.0,,0.0,,0.0,,0.0,1160.0,14.0,1150.0,1.0,,0.0,,0.0,,0.0
2023-04-27 22:32:16.5,1682605936500000000,1191.5,1160.0,1160.0,640.0,11.0,129175.0,1166.0,5.0,1208.5,1.0,,0.0,,0.0,,0.0,1160.0,14.0,1150.0,1.0,,0.0,,0.0,,0.0
2023-04-27 22:32:16.75,1682605936750000000,1191.5,1160.0,1160.0,640.0,11.0,129175.0,1167.5,5.0,1208.5,1.0,,0.0,,0.0,,0.0,1160.0,14.0,1150.0,1.0,,0.0,,0.0,,0.0
2023-04-27 22:32:17.5,1682605937500000000,1191.5,1160.0,1160.0,640.0,11.0,129175.0,1166.0,5.0,1208.5,1.0,,0.0,,0.0,,0.0,1160.0,14.0,1150.0,1.0,,0.0,,0.0,,0.0
2023-04-27 22:32:27.5,1682605947500000000,1191.5,1160.0,1160.0,640.0,11.0,129175.0,1164.5,5.0,1208.5,1.0,,0.0,,0.0,,0.0,1160.0,14.0,1150.0,1.0,,0.0,,0.0,,0.0
2023-04-27 22:32:50.0,1682605970000000000,1191.5,1160.0,1160.0,640.0,25.0,291575.0,1162.5,5.0,1208.5,1.0,,0.0,,0.0,,0.0,1150.0,1.0,,0.0,,0.0,,0.0,,0.0
2023-04-27 22:32:53.5,1682605973500000000,1191.5,1160.0,1160.0,640.0,25.0,291575.0,1164.0,5.0,1208.5,1.0,,0.0,,0.0,,0.0,1150.0,1.0,,0.0,,0.0,,0.0,,0.0
2023-04-27 22:33:00.5,1682605980500000000,1191.5,1160.0,1160.0,640.0,25.0,291575.0,1165.5,5.0,1208.5,1.0,,0.0,,0.0,,0.0,1150.0,1.0,,0.0,,0.0,,0.0,,0.0
2023-04-27 22:33:02.25,1682605982250000000,1191.5,1160.0,1160.0,640.0,25.0,291575.0,1163.0,5.0,1208.5,1.0,,0.0,,0.0,,0.0,1150.0,1.0,,0.0,,0.0,,0.0,,0.0
2023-04-27 22:33:04.25,1682605984250000000,1191.5,1160.0,1160.0,640.0,25.0,291575.0,1161.5,5.0,1208.5,1.0,,0.0,,0.0,,0.0,1150.0,1.0,,0.0,,0.0,,0.0,,0.0
2023-04-27 22:33:11.25,1682605991250000000,1191.5,1160.0,1160.0,640.0,25.0,291575.0,1163.0,5.0,1208.5,1.0,,0.0,,0.0,,0.0,1150.0,1.0,,0.0,,0.0,,0.0,,0.0
2023-04-27 22:33:13.5,1682605993500000000,1191.5,1160.0,1160.0,640.0,25.0,291575.0,1164.5,5.0,1208.5,1.0,,0.0,,0.0,,0.0,1150.0,1.0,,0.0,,0.0,,0.0,,0.0
2023-04-27 22:33:14.75,1682605994750000000,1191.5,1160.0,1160.0,640.0,25.0,291575.0,1162.5,5.0,1208.5,1.0,,0.0,,0.0,,0.0,1150.0,1.0,,0.0,,0.0,,0.0,,0.0
2023-04-27 22:33:23.75,1682606003750000000,1191.5,1160.0,1160.0,640.0,25.0,291575.0,1160.5,5.0,1208.5,1.0,,0.0,,0.0,,0.0,1150.0,1.0,,0.0,,0.0,,0.0,,0.0
2023-04-27 22:33:26.0,1682606006000000000,1191.5,1160.0,1160.0,640.0,25.0,291575.0,1159.0,5.0,1208.5,1.0,,0.0,,0.0,,0.0,1150.0,1.0,,0.0,,0.0,,0.0,,0.0
2023-04-27 22:33:32.25,1682606012250000000,1191.5,1160.0,1160.0,640.0,25.0,291575.0,1157.5,5.0,1208.5,1.0,,0.0,,0.0,,0.0,1017.5,1.0,,0.0,,0.0,,0.0,,0.0
2023-04-27 22:33:32.5,1682606012500000000,1191.5,1160.0,1160.0,640.0,25.0,291575.0,1157.5,5.0,1208.5,1.0,,0.0,,0.0,,0.0,1019.0,1.0,1017.5,1.0,,0.0,,0.0,,0.0
2023-04-27 22:33:32.75,1682606012750000000,1191.5,1160.0,1160.0,640.0,25.0,291575.0,1157.5,5.0,1208.5,1.0,,0.0,,0.0,,0.0,1076.0,1.0,1019.0,1.0,,0.0,,0.0,,0.0
2023-04-27 22:33:33.0,1682606013000000000,1191.5,1160.0,1160.0,640.0,25.0,291575.0,1157.5,5.0,1208.5,1.0,,0.0,,0.0,,0.0,1076.0,1.0,,0.0,,0.0,,0.0,,0.0
2023-04-27 22:33:33.5,1682606013500000000,1191.5,1160.0,1160.0,640.0,25.0,291575.0,1157.5,5.0,1187.0,1.0,,0.0,,0.0,,0.0,1076.0,1.0,,0.0,,0.0,,0.0,,0.0
2023-04-27 22:33:42.5,1682606022500000000,1191.5,1160.0,1160.0,640.0,25.0,291575.0,1159.0,5.0,1187.0,1.0,,0.0,,0.0,,0.0,1076.0,1.0,,0.0,,0.0,,0.0,,0.0
2023-04-27 22:33:48.0,1682606028000000000,1191.5,1160.0,1160.0,640.0,25.0,291575.0,1160.5,5.0,1187.0,1.0,,0.0,,0.0,,0.0,1076.0,1.0,,0.0,,0.0,,0.0,,0.0
2023-04-27 22:33:51.75,1682606031750000000,1191.5,1160.0,1160.0,640.0,25.0,291575.0,1162.0,5.0,1187.0,1.0,,0.0,,0.0,,0.0,1076.0,1.0,,0.0,,0.0,,0.0,,0.0
2023-04-27 22:33:52.5,1682606032500000000,1191.5,1160.0,1160.0,640.0,25.0,291575.0,1162.0,5.0,1187.0,1.0,,0.0,,0.0,,0.0,1076.5,1.0,1076.0,1.0,,0.0,,0.0,,0.0
2023-04-27 22:33:52.75,1682606032750000000,1191.5,1160.0,1160.0,640.0,25.0,291575.0,1162.0,5.0,1187.0,1.0,,0.0,,0.0,,0.0,1129.5,1.0,1076.5,1.0,,0.0,,0.0,,0.0
2023-04-27 22:33:53.75,1682606033750000000,1191.5,1160.0,1160.0,640.0,25.0,291575.0,1160.5,5.0,1187.0,1.0,,0.0,,0.0,,0.0,1129.5,1.0,1076.5,1.0,,0.0,,0.0,,0.0
2023-04-27 22:33:56.25,1682606036250000000,1191.5,1160.0,1160.0,640.0,25.0,291575.0,1162.0,5.0,1187.0,1.0,,0.0,,0.0,,0.0,1129.5,1.0,1076.5,1.0,,0.0,,0.0,,0.0
2023-04-27 22:34:02.75,1682606042750000000,1191.5,1160.0,1160.0,640.0,25.0,291575.0,1160.0,5.0,1187.0,1.0,,0.0,,0.0,,0.0,1129.5,1.0,1076.5,1.0,,0.0,,0.0,,0.0
2023-04-27 22:34:08.0,1682606048000000000,1191.5,1160.0,1160.0,640.0,25.0,291575.0,1158.5,5.0,1187.0,1.0,,0.0,,0.0,,0.0,1129.5,1.0,1076.5,1.0,,0.0,,0.0,,0.0
2023-04-27 22:34:11.25,1682606051250000000,1191.5,1160.0,1160.0,640.0,25.0,291575.0,1157.0,5.0,1187.0,1.0,,0.0,,0.0,,0.0,1129.5,1.0,1076.5,1.0,,0.0,,0.0,,0.0
2023-04-27 22:34:13.0,1682606053000000000,1191.5,1160.0,1160.0,640.0,25.0,291575.0,1155.5,5.0,1187.0,1.0,,0.0,,0.0,,0.0,1129.5,1.0,1076.5,1.0,,0.0,,0.0,,0.0
2023-04-27 22:34:13.25,1682606053250000000,1191.5,1160.0,1160.0,640.0,25.0,291575.0,1153.5,5.0,1187.0,1.0,,0.0,,0.0,,0.0,1129.5,1.0,1076.5,1.0,,0.0,,0.0,,0.0
2023-04-27 22:34:13.5,1682606053500000000,1191.5,1160.0,1160.0,640.0,25.0,291575.0,1152.0,5.0,1187.0,1.0,,0.0,,0.0,,0.0,1129.5,1.0,1076.5,1.0,,0.0,,0.0,,0.0
2023-04-27 22:34:14.0,1682606054000000000,1191.5,1160.0,1160.0,640.0,25.0,291575.0,1153.5,5.0,1187.0,1.0,,0.0,,0.0,,0.0,1129.5,1.0,1076.5,1.0,,0.0,,0.0,,0.0
2023-04-27 22:34:14.25,1682606054250000000,1191.5,1160.0,1160.0,640.0,25.0,291575.0,1155.0,5.0,1187.0,1.0,,0.0,,0.0,,0.0,1129.5,1.0,1076.5,1.0,,0.0,,0.0,,0.0
2023-04-27 22:34:15.0,1682606055000000000,1191.5,1160.0,1160.0,640.0,25.0,291575.0,1153.5,5.0,1187.0,1.0,,0.0,,0.0,,0.0,1129.5,1.0,1076.5,1.0,,0.0,,0.0,,0.0
2023-04-27 22:34:16.25,1682606056250000000,1191.5,1160.0,1160.0,640.0,25.0,291575.0,1155.0,5.0,1187.0,1.0,,0.0,,0.0,,0.0,1129.5,1.0,1076.5,1.0,,0.0,,0.0,,0.0
2023-04-27 22:34:21.5,1682606061500000000,1191.5,1160.0,1160.0,640.0,25.0,291575.0,1153.5,5.0,1187.0,1.0,,0.0,,0.0,,0.0,1129.5,1.0,1076.5,1.0,,0.0,,0.0,,0.0
2023-04-27 22:34:27.0,1682606067000000000,1191.5,1160.0,1160.0,640.0,25.0,291575.0,1155.0,5.0,1187.0,1.0,,0.0,,0.0,,0.0,1129.5,1.0,1076.5,1.0,,0.0,,0.0,,0.0
2023-04-27 22:34:30.25,1682606070250000000,1191.5,1155.0,1155.0,635.0,30.0,349325.0,1187.0,1.0,,0.0,,0.0,,0.0,,0.0,1129.5,1.0,1076.5,1.0,,0.0,,0.0,,0.0
2023-04-27 22:34:30.5,1682606070500000000,1191.5,1155.0,1155.0,635.0,30.0,349325.0,1186.5,11.0,1187.0,1.0,,0.0,,0.0,,0.0,1130.0,1.0,1129.5,1.0,1076.5,1.0,,0.0,,0.0
2023-04-27 22:34:31.25,1682606071250000000,1191.5,1155.0,1155.0,635.0,30.0,349325.0,1186.5,11.0,1187.0,1.0,,0.0,,0.0,,0.0,1130.0,1.0,1129.5,1.0,,0.0,,0.0,,0.0
2023-04-27 22:35:09.0,1682606109000000000,1191.5,1155.0,1155.0,635.0,30.0,349325.0,1160.0,5.0,1186.5,11.0,1187.0,1.0,,0.0,,0.0,1130.0,1.0,1129.5,1.0,,0.0,,0.0,,0.0
2023-04-27 22:35:09.25,1682606109250000000,1191.5,1155.0,1155.0,635.0,30.0,349325.0,1160.0,5.0,1186.5,1.0,1187.0,1.0,,0.0,,0.0,1130.0,1.0,1129.5,1.0,,0.0,,0.0,,0.0
2023-04-27 22:35:21.0,1682606121000000000,1191.5,1155.0,1155.0,635.0,30.0,349325.0,1161.5,5.0,1186.5,1.0,1187.0,1.0,,0.0,,0.0,1130.0,1.0,1129.5,1.0,,0.0,,0.0,,0.0
2023-04-27 22:35:23.5,1682606123500000000,1191.5,1155.0,1155.0,635.0,30.0,349325.0,1160.0,5.0,1186.5,1.0,1187.0,1.0,,0.0,,0.0,1130.0,1.0,1129.5,1.0,,0.0,,0.0,,0.0
2023-04-27 22:35:33.75,1682606133750000000,1191.5,1155.0,1155.0,635.0,30.0,349325.0,1158.5,5.0,1186.5,1.0,1187.0,1.0,,0.0,,0.0,1130.0,1.0,1129.5,1.0,,0.0,,0.0,,0.0
2023-04-27 22:35:49.5,1682606149500000000,1191.5,1155.0,1155.0,635.0,30.0,349325.0,1157.0,5.0,1186.5,1.0,1187.0,1.0,,0.0,,0.0,1130.0,1.0,1129.5,1.0,,0.0,,0.0,,0.0
2023-04-27 22:35:56.0,1682606156000000000,1191.5,1155.0,1155.0,635.0,30.0,349325.0,1155.5,5.0,1186.5,1.0,1187.0,1.0,,0.0,,0.0,1130.0,1.0,1129.5,1.0,,0.0,,0.0,,0.0
2023-04-27 22:35:57.5,1682606157500000000,1191.5,1155.0,1155.0,635.0,30.0,349325.0,1154.0,5.0,1186.5,1.0,1187.0,1.0,,0.0,,0.0,1130.0,1.0,1129.5,1.0,,0.0,,0.0,,0.0
2023-04-27 22:36:00.75,1682606160750000000,1191.5,1155.0,1155.0,635.0,30.0,349325.0,1156.5,5.0,1186.5,1.0,1187.0,1.0,,0.0,,0.0,1130.0,1.0,1129.5,1.0,,0.0,,0.0,,0.0
2023-04-27 22:36:09.75,1682606169750000000,1191.5,1155.0,1155.0,635.0,30.0,349325.0,1155.0,5.0,1186.5,1.0,1187.0,1.0,,0.0,,0.0,1130.0,1.0,1129.5,1.0,,0.0,,0.0,,0.0
2023-04-27 22:36:13.25,1682606173250000000,1191.5,1155.0,1155.0,635.0,30.0,349325.0,1153.0,5.0,1186.5,1.0,1187.0,1.0,,0.0,,0.0,1130.0,1.0,1129.5,1.0,,0.0,,0.0,,0.0
2023-04-27 22:36:26.75,1682606186750000000,1191.5,1155.0,1155.0,635.0,30.0,349325.0,1155.0,5.0,1186.5,1.0,1187.0,1.0,,0.0,,0.0,1130.0,1.0,1129.5,1.0,,0.0,,0.0,,0.0
2023-04-27 22:36:29.0,1682606189000000000,1191.5,1155.0,1155.0,635.0,30.0,349325.0,1156.5,5.0,1186.5,1.0,1187.0,1.0,,0.0,,0.0,1130.0,1.0,1129.5,1.0,,0.0,,0.0,,0.0
2023-04-27 22:36:36.25,1682606196250000000,1191.5,1155.0,1155.0,635.0,30.0,349325.0,1155.0,5.0,1186.5,1.0,1187.0,1.0,,0.0,,0.0,1130.0,1.0,1129.5,1.0,,0.0,,0.0,,0.0
2023-04-27 22:36:43.0,1682606203000000000,1191.5,1155.0,1155.0,635.0,30.0,349325.0,1153.5,5.0,1186.5,1.0,1187.0,1.0,,0.0,,0.0,1130.0,1.0,1129.5,1.0,,0.0,,0.0,,0.0
2023-04-27 22:36:45.5,1682606205500000000,1191.5,1155.0,1155.0,635.0,30.0,349325.0,1155.0,5.0,1186.5,1.0,1187.0,1.0,,0.0,,0.0,1130.0,1.0,1129.5,1.0,,0.0,,0.0,,0.0
2023-04-27 22:36:54.25,1682606214250000000,1191.5,1155.0,1155.0,635.0,30.0,349325.0,1153.5,5.0,1186.5,1.0,1187.0,1.0,,0.0,,0.0,1130.0,1.0,1129.5,1.0,,0.0,,0.0,,0.0
2023-04-27 22:36:57.75,1682606217750000000,1191.5,1155.0,1155.0,635.0,30.0,349325.0,1155.0,5.0,1186.5,1.0,1187.0,1.0,,0.0,,0.0,1130.0,1.0,1129.5,1.0,,0.0,,0.0,,0.0
2023-04-27 22:37:03.5,1682606223500000000,1191.5,1155.0,1155.0,635.0,30.0,349325.0,1156.5,5.0,1186.5,1.0,1187.0,1.0,,0.0,,0.0,1130.0,1.0,1129.5,1.0,,0.0,,0.0,,0.0
2023-04-27 22:37:07.5,1682606227500000000,1191.5,1155.0,1155.0,635.0,30.0,349325.0,1158.0,5.0,1186.5,1.0,1187.0,1.0,,0.0,,0.0,1130.0,1.0,1129.5,1.0,,0.0,,0.0,,0.0
2023-04-27 22:37:10.5,1682606230500000000,1191.5,1155.0,1155.0,635.0,30.0,349325.0,1159.5,5.0,1186.5,1.0,1187.0,1.0,,0.0,,0.0,1130.0,1.0,1129.5,1.0,,0.0,,0.0,,0.0
2023-04-27 22:37:14.75,1682606234750000000,1191.5,1155.0,1155.0,635.0,30.0,349325.0,1162.0,5.0,1186.5,1.0,1187.0,1.0,,0.0,,0.0,1130.0,1.0,1129.5,1.0,,0.0,,0.0,,0.0
2023-04-27 22:37:15.25,1682606235250000000,1191.5,1155.0,1155.0,635.0,30.0,349325.0,1160.5,5.0,1186.5,1.0,1187.0,1.0,,0.0,,0.0,1130.0,1.0,1129.5,1.0,,0.0,,0.0,,0.0
2023-04-27 22:37:23.5,1682606243500000000,1191.5,1155.0,1155.0,635.0,30.0,349325.0,1162.0,5.0,1186.5,1.0,1187.0,1.0,,0.0,,0.0,1130.0,1.0,1129.5,1.0,,0.0,,0.0,,0.0
2023-04-27 22:37:28.5,1682606248500000000,1191.5,1155.0,1155.0,635.0,30.0,349325.0,1160.5,5.0,1186.5,1.0,1187.0,1.0,,0.0,,0.0,1130.0,1.0,1129.5,1.0,,0.0,,0.0,,0.0
2023-04-27 22:37:31.0,1682606251000000000,1191.5,1155.0,1155.0,635.0,30.0,349325.0,1162.0,5.0,1186.5,1.0,1187.0,1.0,,0.0,,0.0,1130.0,1.0,1129.5,1.0,,0.0,,0.0,,0.0
2023-04-27 22:37:33.75,1682606253750000000,1191.5,1155.0,1155.0,635.0,30.0,349325.0,1160.5,5.0,1186.5,1.0,1187.0,1.0,,0.0,,0.0,1130.0,1.0,1129.5,1.0,,0.0,,0.0,,0.0
2023-04-27 22:37:45.75,1682606265750000000,1191.5,1155.0,1155.0,635.0,30.0,349325.0,1162.0,5.0,1186.5,1.0,1187.0,1.0,,0.0,,0.0,1130.0,1.0,1129.5,1.0,,0.0,,0.0,,0.0
2023-04-27 22:37:52.75,1682606272750000000,1191.5,1155.0,1155.0,635.0,30.0,349325.0,1160.0,5.0,1186.5,1.0,1187.0,1.0,,0.0,,0.0,1130.0,1.0,1129.5,1.0,,0.0,,0.0,,0.0
2023-04-27 22:38:11.25,1682606291250000000,1191.5,1155.0,1155.0,635.0,30.0,349325.0,1158.5,5.0,1186.5,1.0,1187.0,1.0,,0.0,,0.0,1130.0,1.0,1129.5,1.0,,0.0,,0.0,,0.0
2023-04-27 22:38:13.25,1682606293250000000,1191.5,1155.0,1155.0,635.0,30.0,349325.0,1157.0,5.0,1186.5,1.0,1187.0,1.0,,0.0,,0.0,1130.0,1.0,1129.5,1.0,,0.0,,0.0,,0.0
2023-04-27 22:38:14.5,1682606294500000000,1191.5,1155.0,1155.0,635.0,30.0,349325.0,1155.5,5.0,1186.5,1.0,1187.0,1.0,,0.0,,0.0,1130.0,1.0,1129.5,1.0,,0.0,,0.0,,0.0
2023-04-27 22:38:15.5,1682606295500000000,1191.5,1155.0,1155.0,635.0,30.0,349325.0,1154.0,5.0,1186.5,1.0,1187.0,1.0,,0.0,,0.0,1130.0,1.0,1129.5,1.0,,0.0,,0.0,,0.0
2023-04-27 22:38:16.25,1682606296250000000,1191.5,1155.0,1155.0,635.0,30.0,349325.0,1155.5,5.0,1186.5,1.0,1187.0,1.0,,0.0,,0.0,1130.0,1.0,1129.5,1.0,,0.0,,0.0,,0.0
2023-04-27 22:38:17.0,1682606297000000000,1191.5,1155.0,1155.0,635.0,30.0,349325.0,1154.0,5.0,1186.5,1.0,1187.0,1.0,,0.0,,0.0,1130.0,1.0,1129.5,1.0,,0.0,,0.0,,0.0
2023-04-27 22:38:28.0,1682606308000000000,1191.5,1155.0,1155.0,635.0,30.0,349325.0,1152.5,5.0,1186.5,1.0,1187.0,1.0,,0.0,,0.0,1130.0,1.0,1129.5,1.0,,0.0,,0.0,,0.0
2023-04-27 22:38:30.75,1682606310750000000,1191.5,1155.0,1155.0,635.0,30.0,349325.0,1151.0,5.0,1186.5,1.0,1187.0,1.0,,0.0,,0.0,1130.0,1.0,1129.5,1.0,,0.0,,0.0,,0.0
2023-04-27 22:38:35.0,1682606315000000000,1191.5,1155.0,1155.0,635.0,30.0,349325.0,1149.0,5.0,1186.5,1.0,1187.0,1.0,,0.0,,0.0,1130.0,1.0,1129.5,1.0,,0.0,,0.0,,0.0
2023-04-27 22:38:35.25,1682606315250000000,1191.5,1155.0,1155.0,635.0,30.0,349325.0,1146.5,5.0,1186.5,1.0,1187.0,1.0,,0.0,,0.0,1130.0,1.0,1129.5,1.0,,0.0,,0.0,,0.0
2023-04-27 22:38:35.5,1682606315500000000,1191.5,1155.0,1155.0,635.0,30.0,349325.0,1149.5,5.0,1186.5,1.0,1187.0,1.0,,0.0,,0.0,1130.0,1.0,1129.5,1.0,,0.0,,0.0,,0.0
2023-04-27 22:38:38.75,1682606318750000000,1191.5,1155.0,1155.0,635.0,30.0,349325.0,1148.0,5.0,1186.5,1.0,1187.0,1.0,,0.0,,0.0,1130.0,1.0,1129.5,1.0,,0.0,,0.0,,0.0
2023-04-27 22:38:39.5,1682606319500000000,1191.5,1155.0,1155.0,635.0,30.0,349325.0,1146.5,5.0,1186.5,1.0,1187.0,1.0,,0.0,,0.0,1130.0,1.0,1129.5,1.0,,0.0,,0.0,,0.0
2023-04-27 22:38:40.5,1682606320500000000,1191.5,1155.0,1155.0,635.0,30.0,349325.0,1148.5,5.0,1186.5,1.0,1187.0,1.0,,0.0,,0.0,1130.0,1.0,1129.5,1.0,,0.0,,0.0,,0.0
2023-04-27 22:38:42.25,1682606322250000000,1191.5,1155.0,1155.0,635.0,30.0,349325.0,1150.0,5.0,1186.5,1.0,1187.0,1.0,,0.0,,0.0,1130.0,1.0,1129.5,1.0,,0.0,,0.0,,0.0
2023-04-27 22:39:12.5,1682606352500000000,1191.5,1155.0,1155.0,635.0,30.0,349325.0,1151.5,5.0,1186.5,1.0,1187.0,1.0,,0.0,,0.0,1130.0,1.0,1129.5,1.0,,0.0,,0.0,,0.0
2023-04-27 22:39:15.75,1682606355750000000,1191.5,1155.0,1155.0,635.0,30.0,349325.0,1153.0,5.0,1186.5,1.0,1187.0,1.0,,0.0,,0.0,1130.0,1.0,1129.5,1.0,,0.0,,0.0,,0.0
2023-04-27 22:39:17.25,1682606357250000000,1191.5,1155.0,1155.0,635.0,30.0,349325.0,1154.5,5.0,1186.5,1.0,1187.0,1.0,,0.0,,0.0,1130.0,1.0,1129.5,1.0,,0.0,,0.0,,0.0
2023-04-27 22:39:21.75,1682606361750000000,1191.5,1155.0,1155.0,635.0,30.0,349325.0,1156.0,5.0,1186.5,1.0,1187.0,1.0,,0.0,,0.0,1130.0,1.0,1129.5,1.0,,0.0,,0.0,,0.0
2023-04-27 22:39:23.5,1682606363500000000,1191.5,1155.0,1155.0,635.0,30.0,349325.0,1154.5,5.0,1186.5,1.0,1187.0,1.0,,0.0,,0.0,1130.0,1.0,1129.5,1.0,,0.0,,0.0,,0.0
2023-04-27 22:39:32.75,1682606372750000000,1191.5,1155.0,1155.0,635.0,30.0,349325.0,1153.0,5.0,1186.5,1.0,1187.0,1.0,,0.0,,0.0,1130.0,1.0,1129.5,1.0,,0.0,,0.0,,0.0
2023-04-27 22:39:43.25,1682606383250000000,1191.5,1155.0,1155.0,635.0,30.0,349325.0,1155.0,5.0,1186.5,1.0,1187.0,1.0,,0.0,,0.0,1130.0,1.0,1129.5,1.0,,0.0,,0.0,,0.0
2023-04-27 22:39:45.5,1682606385500000000,1191.5,1155.0,1155.0,635.0,30.0,349325.0,1157.0,5.0,1186.5,1.0,1187.0,1.0,,0.0,,0.0,1130.0,1.0,1129.5,1.0,,0.0,,0.0,,0.0
2023-04-27 22:39:56.25,1682606396250000000,1191.5,1155.0,1155.0,635.0,30.0,349325.0,1155.5,5.0,1186.5,1.0,1187.0,1.0,,0.0,,0.0,1130.0,1.0,1129.5,1.0,,0.0,,0.0,,0.0
2023-04-27 22:40:09.5,1682606409500000000,1191.5,1155.0,1155.0,635.0,30.0,349325.0,1157.0,5.0,1186.5,1.0,1187.0,1.0,,0.0,,0.0,1130.0,1.0,1129.5,1.0,,0.0,,0.0,,0.0
2023-04-27 22:40:11.25,1682606411250000000,1191.5,1155.0,1155.0,635.0,30.0,349325.0,1159.0,5.0,1186.5,1.0,1187.0,1.0,,0.0,,0.0,1130.0,1.0,1129.5,1.0,,0.0,,0.0,,0.0
2023-04-27 22:40:32.25,1682606432250000000,1191.5,1155.0,1155.0,635.0,30.0,349325.0,1160.5,5.0,1186.5,1.0,1187.0,1.0,,0.0,,0.0,1130.0,1.0,1129.5,1.0,,0.0,,0.0,,0.0
2023-04-27 22:40:34.0,1682606434000000000,1191.5,1155.0,1155.0,635.0,30.0,349325.0,1159.0,5.0,1186.5,1.0,1187.0,1.0,,0.0,,0.0,1130.0,1.0,1129.5,1.0,,0.0,,0.0,,0.0
2023-04-27 22:40:37.0,1682606437000000000,1191.5,1155.0,1155.0,635.0,30.0,349325.0,1157.5,5.0,1186.5,1.0,1187.0,1.0,,0.0,,0.0,1130.0,1.0,1129.5,1.0,,0.0,,0.0,,0.0
2023-04-27 22:40:45.5,1682606445500000000,1191.5,1155.0,1155.0,635.0,30.0,349325.0,1156.0,5.0,1186.5,1.0,1187.0,1.0,,0.0,,0.0,1130.0,1.0,1129.5,1.0,,0.0,,0.0,,0.0
2023-04-27 22:41:00.75,1682606460750000000,1191.5,1155.0,1155.0,635.0,30.0,349325.0,1157.5,5.0,1186.5,1.0,1187.0,1.0,,0.0,,0.0,1130.0,1.0,1129.5,1.0,,0.0,,0.0,,0.0
2023-04-27 22:41:03.5,1682606463500000000,1191.5,1155.0,1155.0,635.0,30.0,349325.0,1156.0,5.0,1186.5,1.0,1187.0,1.0,,0.0,,0.0,1130.0,1.0,1129.5,1.0,,0.0,,0.0,,0.0
2023-04-27 22:41:26.75,1682606486750000000,1191.5,1155.0,1155.0,635.0,30.0,349325.0,1154.0,5.0,1186.5,1.0,1187.0,1.0,,0.0,,0.0,1130.0,1.0,1129.5,1.0,,0.0,,0.0,,0.0
2023-04-27 22:41:28.5,1682606488500000000,1191.5,1155.0,1155.0,635.0,30.0,349325.0,1152.5,5.0,1186.5,1.0,1187.0,1.0,,0.0,,0.0,1130.0,1.0,1129.5,1.0,,0.0,,0.0,,0.0
2023-04-27 22:41:36.25,1682606496250000000,1191.5,1155.0,1155.0,635.0,30.0,349325.0,1154.5,5.0,1186.5,1.0,1187.0,1.0,,0.0,,0.0,1130.0,1.0,1129.5,1.0,,0.0,,0.0,,0.0
2023-04-27 22:41:38.5,1682606498500000000,1191.5,1155.0,1155.0,635.0,30.0,349325.0,1153.0,5.0,1186.5,1.0,1187.0,1.0,,0.0,,0.0,1130.0,1.0,1129.5,1.0,,0.0,,0.0,,0.0
2023-04-27 22:41:40.25,1682606500250000000,1191.5,1155.0,1155.0,635.0,30.0,349325.0,1151.5,5.0,1186.5,1.0,1187.0,1.0,,0.0,,0.0,1130.0,1.0,1129.5,1.0,,0.0,,0.0,,0.0
2023-04-27 22:42:05.0,1682606525000000000,1191.5,1155.0,1155.0,635.0,30.0,349325.0,1150.0,5.0,1186.5,1.0,1187.0,1.0,,0.0,,0.0,1130.0,1.0,1129.5,1.0,,0.0,,0.0,,0.0
2023-04-27 22:42:11.75,1682606531750000000,1191.5,1155.0,1155.0,635.0,30.0,349325.0,1148.5,5.0,1186.5,1.0,1187.0,1.0,,0.0,,0.0,1130.0,1.0,1129.5,1.0,,0.0,,0.0,,0.0
2023-04-27 22:42:17.0,1682606537000000000,1191.5,1155.0,1155.0,635.0,30.0,349325.0,1148.5,5.0,1186.5,1.0,1187.0,1.0,,0.0,,0.0,1129.5,1.0,,0.0,,0.0,,0.0,,0.0
2023-04-27 22:42:24.25,1682606544250000000,1191.5,1155.0,1155.0,635.0,30.0,349325.0,1146.5,5.0,1186.5,1.0,1187.0,1.0,,0.0,,0.0,1129.5,1.0,,0.0,,0.0,,0.0,,0.0
2023-04-27 22:42:26.75,1682606546750000000,1191.5,1155.0,1155.0,635.0,30.0,349325.0,1145.0,5.0,1186.5,1.0,1187.0,1.0,,0.0,,0.0,1129.5,1.0,,0.0,,0.0,,0.0,,0.0
2023-04-27 22:42:28.0,1682606548000000000,1191.5,1155.0,1155.0,635.0,30.0,349325.0,1143.5,5.0,1186.5,1.0,1187.0,1.0,,0.0,,0.0,1129.5,1.0,,0.0,,0.0,,0.0,,0.0
2023-04-27 22:42:30.5,1682606550500000000,1191.5,1155.0,1155.0,635.0,30.0,349325.0,1145.0,5.0,1186.5,1.0,1187.0,1.0,,0.0,,0.0,1129.5,1.0,,0.0,,0.0,,0.0,,0.0
2023-04-27 22:42:32.25,1682606552250000000,1191.5,1155.0,1155.0,635.0,30.0,349325.0,1143.5,5.0,1186.5,1.0,1187.0,1.0,,0.0,,0.0,1129.5,1.0,,0.0,,0.0,,0.0,,0.0
2023-04-27 22:42:41.5,1682606561500000000,1191.5,1155.0,1155.0,635.0,30.0,349325.0,1145.0,5.0,1186.5,1.0,1187.0,1.0,,0.0,,0.0,1129.5,1.0,,0.0,,0.0,,0.0,,0.0
2023-04-27 22:42:44.0,1682606564000000000,1191.5,1155.0,1155.0,635.0,30.0,349325.0,1146.5,5.0,1186.5,1.0,1187.0,1.0,,0.0,,0.0,1129.5,1.0,,0.0,,0.0,,0.0,,0.0
2023-04-27 22:42:53.0,1682606573000000000,1191.5,1155.0,1155.0,635.0,30.0,349325.0,1144.5,5.0,1186.5,1.0,1187.0,1.0,,0.0,,0.0,1129.5,1.0,,0.0,,0.0,,0.0,,0.0
2023-04-27 22:42:55.25,1682606575250000000,1191.5,1155.0,1155.0,635.0,30.0,349325.0,1146.0,5.0,1186.5,1.0,1187.0,1.0,,0.0,,0.0,1129.5,1.0,,0.0,,0.0,,0.0,,0.0
2023-04-27 22:43:03.75,1682606583750000000,1191.5,1155.0,1155.0,635.0,30.0,349325.0,1144.5,5.0,1186.5,1.0,1187.0,1.0,,0.0,,0.0,1129.5,1.0,,0.0,,0.0,,0.0,,0.0
2023-04-27 22:43:07.75,1682606587750000000,1191.5,1155.0,1155.0,635.0,30.0,349325.0,1141.5,5.0,1186.5,1.0,1187.0,1.0,,0.0,,0.0,1129.5,1.0,,0.0,,0.0,,0.0,,0.0
2023-04-27 22:43:12.25,1682606592250000000,1191.5,1155.0,1155.0,635.0,30.0,349325.0,1140.0,5.0,1186.5,1.0,1187.0,1.0,,0.0,,0.0,1129.5,1.0,,0.0,,0.0,,0.0,,0.0
2023-04-27 22:43:14.25,1682606594250000000,1191.5,1155.0,1155.0,635.0,30.0,349325.0,1138.5,5.0,1186.5,1.0,1187.0,1.0,,0.0,,0.0,1129.5,1.0,,0.0,,0.0,,0.0,,0.0
2023-04-27 22:43:14.5,1682606594500000000,1191.5,1155.0,1155.0,635.0,30.0,349325.0,1138.5,5.0,1186.5,1.0,1187.0,1.0,,0.0,,0.0,1104.5,1.0,,0.0,,0.0,,0.0,,0.0
2023-04-27 22:43:15.5,1682606595500000000,1191.5,1155.0,1155.0,635.0,30.0,349325.0,1137.0,5.0,1186.5,1.0,1187.0,1.0,,0.0,,0.0,1104.5,1.0,,0.0,,0.0,,0.0,,0.0
2023-04-27 22:43:16.75,1682606596750000000,1191.5,1155.0,1155.0,635.0,30.0,349325.0,1139.0,5.0,1186.5,1.0,1187.0,1.0,,0.0,,0.0,1104.5,1.0,,0.0,,0.0,,0.0,,0.0
2023-04-27 22:43:20.25,1682606600250000000,1191.5,1155.0,1155.0,635.0,30.0,349325.0,1137.5,5.0,1186.5,1.0,1187.0,1.0,,0.0,,0.0,1104.5,1.0,,0.0,,0.0,,0.0,,0.0
2023-04-27 22:43:22.75,1682606602750000000,1191.5,1155.0,1155.0,635.0,30.0,349325.0,1139.0,5.0,1186.5,1.0,1187.0,1.0,,0.0,,0.0,1104.5,1.0,,0.0,,0.0,,0.0,,0.0
2023-04-27 22:43:28.0,1682606608000000000,1191.5,1155.0,1155.0,635.0,30.0,349325.0,1140.5,5.0,1186.5,1.0,1187.0,1.0,,0.0,,0.0,1104.5,1.0,,0.0,,0.0,,0.0,,0.0
2023-04-27 22:43:51.5,1682606631500000000,1191.5,1155.0,1155.0,635.0,30.0,349325.0,1186.5,1.0,1187.0,1.0,,0.0,,0.0,,0.0,1104.5,1.0,,0.0,,0.0,,0.0,,0.0
2023-04-27 22:43:51.75,1682606631750000000,1191.5,1155.0,1155.0,635.0,30.0,349325.0,1186.0,10.0,1186.5,1.0,1187.0,1.0,,0.0,,0.0,1104.5,1.0,,0.0,,0.0,,0.0,,0.0
2023-04-27 22:45:55.5,1682606755500000000,1191.5,1155.0,1155.0,635.0,30.0,349325.0,1141.0,5.0,1186.0,10.0,1186.5,1.0,1187.0,1.0,,0.0,1104.5,1.0,,0.0,,0.0,,0.0,,0.0
2023-04-27 22:45:55.75,1682606755750000000,1191.5,1155.0,1155.0,635.0,30.0,349325.0,1141.0,5.0,1186.5,1.0,1187.0,1.0,,0.0,,0.0,1104.5,1.0,,0.0,,0.0,,0.0,,0.0
2023-04-27 22:46:16.25,1682606776250000000,1191.5,1155.0,1155.0,635.0,30.0,349325.0,1142.5,5.0,1186.5,1.0,1187.0,1.0,,0.0,,0.0,1104.5,1.0,,0.0,,0.0,,0.0,,0.0
2023-04-27 22:46:18.0,1682606778000000000,1191.5,1155.0,1155.0,635.0,30.0,349325.0,1141.0,5.0,1186.5,1.0,1187.0,1.0,,0.0,,0.0,1104.5,1.0,,0.0,,0.0,,0.0,,0.0
2023-04-27 22:46:29.0,1682606789000000000,1191.5,1155.0,1155.0,635.0,30.0,349325.0,1139.0,5.0,1186.5,1.0,1187.0,1.0,,0.0,,0.0,1104.5,1.0,,0.0,,0.0,,0.0,,0.0
2023-04-27 22:46:45.0,1682606805000000000,1191.5,1155.0,1155.0,635.0,30.0,349325.0,1137.0,5.0,1186.5,1.0,1187.0,1.0,,0.0,,0.0,1104.5,1.0,,0.0,,0.0,,0.0,,0.0
2023-04-27 22:46:50.75,1682606810750000000,1191.5,1155.0,1155.0,635.0,30.0,349325.0,1135.5,5.0,1186.5,1.0,1187.0,1.0,,0.0,,0.0,1104.5,1.0,,0.0,,0.0,,0.0,,0.0
2023-04-27 22:46:54.75,1682606814750000000,1191.5,1155.0,1155.0,635.0,30.0,349325.0,1133.5,5.0,1186.5,1.0,1187.0,1.0,,0.0,,0.0,1104.5,1.0,,0.0,,0.0,,0.0,,0.0
2023-04-27 22:46:55.25,1682606815250000000,1191.5,1155.0,1155.0,635.0,30.0,349325.0,1135.0,5.0,1186.5,1.0,1187.0,1.0,,0.0,,0.0,1104.5,1.0,,0.0,,0.0,,0.0,,0.0
2023-04-27 22:46:57.0,1682606817000000000,1191.5,1155.0,1155.0,635.0,30.0,349325.0,1133.5,5.0,1186.5,1.0,1187.0,1.0,,0.0,,0.0,1104.5,1.0,,0.0,,0.0,,0.0,,0.0
2023-04-27 22:47:02.75,1682606822750000000,1191.5,1155.0,1155.0,635.0,30.0,349325.0,1135.0,5.0,1186.5,1.0,1187.0,1.0,,0.0,,0.0,1104.5,1.0,,0.0,,0.0,,0.0,,0.0
2023-04-27 22:47:13.5,1682606833500000000,1191.5,1155.0,1155.0,635.0,30.0,349325.0,1136.5,5.0,1186.5,1.0,1187.0,1.0,,0.0,,0.0,1104.5,1.0,,0.0,,0.0,,0.0,,0.0
2023-04-27 22:47:24.75,1682606844750000000,1191.5,1155.0,1155.0,635.0,30.0,349325.0,1135.0,5.0,1186.5,1.0,1187.0,1.0,,0.0,,0.0,1104.5,1.0,,0.0,,0.0,,0.0,,0.0
2023-04-27 22:47:31.5,1682606851500000000,1191.5,1155.0,1155.0,635.0,30.0,349325.0,1136.5,5.0,1186.5,1.0,1187.0,1.0,,0.0,,0.0,1104.5,1.0,,0.0,,0.0,,0.0,,0.0
2023-04-27 22:47:41.75,1682606861750000000,1191.5,1155.0,1155.0,635.0,30.0,349325.0,1138.0,5.0,1186.5,1.0,1187.0,1.0,,0.0,,0.0,1104.5,1.0,,0.0,,0.0,,0.0,,0.0
2023-04-27 22:47:45.25,1682606865250000000,1191.5,1138.0,1138.0,630.0,35.0,406225.0,1186.5,1.0,1187.0,1.0,,0.0,,0.0,,0.0,1104.5,1.0,,0.0,,0.0,,0.0,,0.0
2023-04-27 22:47:45.75,1682606865750000000,1191.5,1138.0,1138.0,630.0,35.0,406225.0,1186.5,1.0,1187.0,1.0,,0.0,,0.0,,0.0,1105.0,1.0,1104.5,1.0,,0.0,,0.0,,0.0
2023-04-27 22:47:46.0,1682606866000000000,1191.5,1138.0,1138.0,630.0,35.0,406225.0,1186.0,10.0,1186.5,1.0,1187.0,1.0,,0.0,,0.0,1105.0,1.0,1104.5,1.0,,0.0,,0.0,,0.0
2023-04-27 22:47:46.25,1682606866250000000,1191.5,1138.0,1138.0,630.0,35.0,406225.0,1185.5,1.0,1186.0,10.0,1186.5,1.0,1187.0,1.0,,0.0,1105.0,1.0,1104.5,1.0,,0.0,,0.0,,0.0
2023-04-27 22:47:46.5,1682606866500000000,1191.5,1138.0,1138.0,630.0,35.0,406225.0,1185.5,1.0,1186.5,1.0,1187.0,1.0,,0.0,,0.0,1105.0,1.0,1104.5,1.0,,0.0,,0.0,,0.0
2023-04-27 22:47:46.75,1682606866750000000,1191.5,1138.0,1138.0,630.0,35.0,406225.0,1185.0,10.0,1185.5,1.0,1186.5,1.0,1187.0,1.0,,0.0,1105.0,1.0,1104.5,1.0,,0.0,,0.0,,0.0
2023-04-27 22:47:47.25,1682606867250000000,1191.5,1138.0,1138.0,630.0,35.0,406225.0,1184.5,1.0,1185.0,10.0,1185.5,1.0,1187.0,1.0,,0.0,1105.0,1.0,1104.5,1.0,,0.0,,0.0,,0.0
2023-04-27 22:47:47.5,1682606867500000000,1191.5,1138.0,1138.0,630.0,35.0,406225.0,1184.5,1.0,1185.5,1.0,1187.0,1.0,,0.0,,0.0,1105.0,1.0,1104.5,1.0,,0.0,,0.0,,0.0
2023-04-27 22:47:47.75,1682606867750000000,1191.5,1138.0,1138.0,630.0,35.0,406225.0,1184.0,10.0,1184.5,1.0,1185.5,1.0,1187.0,1.0,,0.0,1105.0,1.0,1104.5,1.0,,0.0,,0.0,,0.0
2023-04-27 22:47:48.25,1682606868250000000,1191.5,1138.0,1138.0,630.0,35.0,406225.0,1183.5,1.0,1184.0,10.0,1184.5,1.0,1185.5,1.0,1187.0,1.0,1105.0,1.0,1104.5,1.0,,0.0,,0.0,,0.0
2023-04-27 22:47:48.5,1682606868500000000,1191.5,1138.0,1138.0,630.0,35.0,406225.0,1183.5,1.0,1184.5,1.0,1185.5,1.0,1187.0,1.0,,0.0,1105.0,1.0,1104.5,1.0,,0.0,,0.0,,0.0
2023-04-27 22:47:48.75,1682606868750000000,1191.5,1138.0,1138.0,630.0,35.0,406225.0,1183.0,10.0,1183.5,1.0,1184.5,1.0,1185.5,1.0,1187.0,1.0,1105.0,1.0,1104.5,1.0,,0.0,,0.0,,0.0
2023-04-27 22:47:49.25,1682606869250000000,1191.5,1138.0,1138.0,630.0,35.0,406225.0,1182.5,1.0,1183.0,10.0,1183.5,1.0,1184.5,1.0,1185.5,1.0,1105.0,1.0,1104.5,1.0,,0.0,,0.0,,0.0
2023-04-27 22:47:49.5,1682606869500000000,1191.5,1138.0,1138.0,630.0,35.0,406225.0,1182.5,1.0,1183.5,1.0,1184.5,1.0,1185.5,1.0,1187.0,1.0,1105.0,1.0,1104.5,1.0,,0.0,,0.0,,0.0
2023-04-27 22:47:49.75,1682606869750000000,1191.5,1138.0,1138.0,630.0,35.0,406225.0,1141.0,5.0,1182.0,10.0,1182.5,1.0,1183.5,1.0,1184.5,1.0,1105.0,1.0,1104.5,1.0,,0.0,,0.0,,0.0
2023-04-27 22:47:50.0,1682606870000000000,1191.5,1138.0,1138.0,630.0,35.0,406225.0,1141.0,5.0,1182.5,1.0,1183.5,1.0,1184.5,1.0,1185.5,1.0,1105.0,1.0,1104.5,1.0,,0.0,,0.0,,0.0
2023-04-27 22:48:01.0,1682606881000000000,1191.5,1138.0,1138.0,630.0,35.0,406225.0,1139.5,5.0,1182.5,1.0,1183.5,1.0,1184.5,1.0,1185.5,1.0,1105.0,1.0,1104.5,1.0,,0.0,,0.0,,0.0
2023-04-27 22:48:05.0,1682606885000000000,1191.5,1138.0,1138.0,630.0,35.0,406225.0,1138.0,5.0,1182.5,1.0,1183.5,1.0,1184.5,1.0,1185.5,1.0,1105.0,1.0,1104.5,1.0,,0.0,,0.0,,0.0
2023-04-27 22:48:08.0,1682606888000000000,1191.5,1138.0,1138.0,630.0,35.0,406225.0,1136.5,5.0,1182.5,1.0,1183.5,1.0,1184.5,1.0,1185.5,1.0,1105.0,1.0,1104.5,1.0,,0.0,,0.0,,0.0
2023-04-27 22:48:09.0,1682606889000000000,1191.5,1138.0,1138.0,630.0,35.0,406225.0,1138.0,5.0,1182.5,1.0,1183.5,1.0,1184.5,1.0,1185.5,1.0,1105.0,1.0,1104.5,1.0,,0.0,,0.0,,0.0
2023-04-27 22:48:11.75,1682606891750000000,1191.5,1138.0,1138.0,630.0,35.0,406225.0,1139.5,5.0,1182.5,1.0,1183.5,1.0,1184.5,1.0,1185.5,1.0,1105.0,1.0,1104.5,1.0,,0.0,,0.0,,0.0
2023-04-27 22:48:13.0,1682606893000000000,1191.5,1138.0,1138.0,630.0,35.0,406225.0,1138.0,5.0,1182.5,1.0,1183.5,1.0,1184.5,1.0,1185.5,1.0,1105.0,1.0,1104.5,1.0,,0.0,,0.0,,0.0
2023-04-27 22:48:21.25,1682606901250000000,1191.5,1138.0,1138.0,630.0,35.0,406225.0,1139.5,5.0,1182.5,1.0,1183.5,1.0,1184.5,1.0,1185.5,1.0,1105.0,1.0,1104.5,1.0,,0.0,,0.0,,0.0
2023-04-27 22:48:32.75,1682606912750000000,1191.5,1138.0,1138.0,630.0,35.0,406225.0,1138.0,5.0,1182.5,1.0,1183.5,1.0,1184.5,1.0,1185.5,1.0,1105.0,1.0,1104.5,1.0,,0.0,,0.0,,0.0
2023-04-27 22:48:44.25,1682606924250000000,1191.5,1138.0,1138.0,630.0,35.0,406225.0,1138.0,5.0,1165.5,1.0,1182.5,1.0,1183.5,1.0,1184.5,1.0,1105.0,1.0,1104.5,1.0,,0.0,,0.0,,0.0
2023-04-27 22:48:44.5,1682606924500000000,1191.5,1138.0,1138.0,630.0,35.0,406225.0,1136.0,5.0,1165.5,1.0,1182.5,1.0,1183.5,1.0,1184.5,1.0,1105.0,1.0,1104.5,1.0,,0.0,,0.0,,0.0
2023-04-27 22:48:48.25,1682606928250000000,1191.5,1138.0,1138.0,630.0,35.0,406225.0,1134.5,5.0,1165.5,1.0,1182.5,1.0,1183.5,1.0,1184.5,1.0,1105.0,1.0,1104.5,1.0,,0.0,,0.0,,0.0
2023-04-27 22:48:54.5,1682606934500000000,1191.5,1138.0,1138.0,630.0,35.0,406225.0,1137.5,5.0,1165.5,1.0,1182.5,1.0,1183.5,1.0,1184.5,1.0,1105.0,1.0,1104.5,1.0,,0.0,,0.0,,0.0
2023-04-27 22:49:08.75,1682606948750000000,1191.5,1138.0,1138.0,630.0,35.0,406225.0,1139.0,5.0,1165.5,1.0,1182.5,1.0,1183.5,1.0,1184.5,1.0,1105.0,1.0,1104.5,1.0,,0.0,,0.0,,0.0
2023-04-27 22:49:29.0,1682606969000000000,1191.5,1138.0,1138.0,630.0,35.0,406225.0,1140.5,5.0,1165.5,1.0,1182.5,1.0,1183.5,1.0,1184.5,1.0,1105.0,1.0,1104.5,1.0,,0.0,,0.0,,0.0
2023-04-27 22:49:45.5,1682606985500000000,1191.5,1138.0,1138.0,630.0,35.0,406225.0,1142.5,5.0,1165.5,1.0,1182.5,1.0,1183.5,1.0,1184.5,1.0,1105.0,1.0,1104.5,1.0,,0.0,,0.0,,0.0
2023-04-27 22:49:51.0,1682606991000000000,1191.5,1138.0,1138.0,630.0,35.0,406225.0,1141.0,5.0,1165.5,1.0,1182.5,1.0,1183.5,1.0,1184.5,1.0,1105.0,1.0,1104.5,1.0,,0.0,,0.0,,0.0
2023-04-27 22:50:04.75,1682607004750000000,1191.5,1138.0,1138.0,630.0,35.0,406225.0,1142.5,5.0,1165.5,1.0,1182.5,1.0,1183.5,1.0,1184.5,1.0,1105.0,1.0,1104.5,1.0,,0.0,,0.0,,0.0
2023-04-27 22:50:12.75,1682607012750000000,1191.5,1138.0,1138.0,630.0,35.0,406225.0,1141.0,5.0,1165.5,1.0,1182.5,1.0,1183.5,1.0,1184.5,1.0,1105.0,1.0,1104.5,1.0,,0.0,,0.0,,0.0
2023-04-27 22:50:23.25,1682607023250000000,1191.5,1138.0,1138.0,630.0,35.0,406225.0,1142.5,5.0,1165.5,1.0,1182.5,1.0,1183.5,1.0,1184.5,1.0,1105.0,1.0,1104.5,1.0,,0.0,,0.0,,0.0
2023-04-27 22:50:25.75,1682607025750000000,1191.5,1138.0,1138.0,630.0,35.0,406225.0,1141.0,5.0,1165.5,1.0,1182.5,1.0,1183.5,1.0,1184.5,1.0,1105.0,1.0,1104.5,1.0,,0.0,,0.0,,0.0
2023-04-27 22:50:35.75,1682607035750000000,1191.5,1138.0,1138.0,630.0,35.0,406225.0,1139.5,5.0,1165.5,1.0,1182.5,1.0,1183.5,1.0,1184.5,1.0,1105.0,1.0,1104.5,1.0,,0.0,,0.0,,0.0
2023-04-27 22:50:50.5,1682607050500000000,1191.5,1138.0,1138.0,630.0,35.0,406225.0,1138.0,5.0,1165.5,1.0,1182.5,1.0,1183.5,1.0,1184.5,1.0,1105.0,1.0,1104.5,1.0,,0.0,,0.0,,0.0
2023-04-27 22:50:51.25,1682607051250000000,1191.5,1138.0,1138.0,630.0,35.0,406225.0,1136.5,5.0,1165.5,1.0,1182.5,1.0,1183.5,1.0,1184.5,1.0,1105.0,1.0,1104.5,1.0,,0.0,,0.0,,0.0
2023-04-27 22:50:56.25,1682607056250000000,1191.5,1138.0,1138.0,630.0,35.0,406225.0,1139.0,5.0,1165.5,1.0,1182.5,1.0,1183.5,1.0,1184.5,1.0,1105.0,1.0,1104.5,1.0,,0.0,,0.0,,0.0
2023-04-27 22:51:04.75,1682607064750000000,1191.5,1138.0,1138.0,630.0,35.0,406225.0,1141.0,5.0,1165.5,1.0,1182.5,1.0,1183.5,1.0,1184.5,1.0,1105.0,1.0,1104.5,1.0,,0.0,,0.0,,0.0
2023-04-27 22:51:14.25,1682607074250000000,1191.5,1138.0,1138.0,630.0,35.0,406225.0,1142.5,5.0,1165.5,1.0,1182.5,1.0,1183.5,1.0,1184.5,1.0,1105.0,1.0,1104.5,1.0,,0.0,,0.0,,0.0
2023-04-27 22:51:15.75,1682607075750000000,1191.5,1138.0,1138.0,630.0,35.0,406225.0,1141.0,5.0,1165.5,1.0,1182.5,1.0,1183.5,1.0,1184.5,1.0,1105.0,1.0,1104.5,1.0,,0.0,,0.0,,0.0
2023-04-27 22:51:17.75,1682607077750000000,1191.5,1138.0,1138.0,630.0,35.0,406225.0,1142.5,5.0,1165.5,1.0,1182.5,1.0,1183.5,1.0,1184.5,1.0,1105.0,1.0,1104.5,1.0,,0.0,,0.0,,0.0
2023-04-27 22:51:19.5,1682607079500000000,1191.5,1138.0,1138.0,630.0,35.0,406225.0,1141.0,5.0,1165.5,1.0,1182.5,1.0,1183.5,1.0,1184.5,1.0,1105.0,1.0,1104.5,1.0,,0.0,,0.0,,0.0
2023-04-27 22:51:21.25,1682607081250000000,1191.5,1138.0,1138.0,630.0,35.0,406225.0,1139.5,5.0,1165.5,1.0,1182.5,1.0,1183.5,1.0,1184.5,1.0,1105.0,1.0,1104.5,1.0,,0.0,,0.0,,0.0
2023-04-27 22:51:43.0,1682607103000000000,1191.5,1138.0,1138.0,630.0,35.0,406225.0,1138.0,5.0,1165.5,1.0,1182.5,1.0,1183.5,1.0,1184.5,1.0,1105.0,1.0,1104.5,1.0,,0.0,,0.0,,0.0
2023-04-27 22:51:43.75,1682607103750000000,1191.5,1138.0,1138.0,630.0,35.0,406225.0,1140.0,5.0,1165.5,1.0,1182.5,1.0,1183.5,1.0,1184.5,1.0,1105.0,1.0,1104.5,1.0,,0.0,,0.0,,0.0
2023-04-27 22:51:44.0,1682607104000000000,1191.5,1138.0,1138.0,630.0,35.0,406225.0,1138.5,5.0,1165.5,1.0,1182.5,1.0,1183.5,1.0,1184.5,1.0,1105.0,1.0,1104.5,1.0,,0.0,,0.0,,0.0
2023-04-27 22:51:47.75,1682607107750000000,1191.5,1138.0,1138.0,630.0,35.0,406225.0,1136.5,5.0,1165.5,1.0,1182.5,1.0,1183.5,1.0,1184.5,1.0,1105.0,1.0,1104.5,1.0,,0.0,,0.0,,0.0
2023-04-27 22:51:51.75,1682607111750000000,1191.5,1138.0,1138.0,630.0,35.0,406225.0,1135.0,5.0,1165.5,1.0,1182.5,1.0,1183.5,1.0,1184.5,1.0,1105.0,1.0,1104.5,1.0,,0.0,,0.0,,0.0
2023-04-27 22:52:00.5,1682607120500000000,1191.5,1138.0,1138.0,630.0,35.0,406225.0,1133.5,5.0,1165.5,1.0,1182.5,1.0,1183.5,1.0,1184.5,1.0,1105.0,1.0,1104.5,1.0,,0.0,,0.0,,0.0
2023-04-27 22:52:01.25,1682607121250000000,1191.5,1138.0,1138.0,630.0,35.0,406225.0,1132.0,5.0,1165.5,1.0,1182.5,1.0,1183.5,1.0,1184.5,1.0,1105.0,1.0,1104.5,1.0,,0.0,,0.0,,0.0
2023-04-27 22:52:03.5,1682607123500000000,1191.5,1138.0,1138.0,630.0,35.0,406225.0,1130.5,5.0,1165.5,1.0,1182.5,1.0,1183.5,1.0,1184.5,1.0,1105.0,1.0,1104.5,1.0,,0.0,,0.0,,0.0
2023-04-27 22:52:04.25,1682607124250000000,1191.5,1138.0,1138.0,630.0,35.0,406225.0,1132.0,5.0,1165.5,1.0,1182.5,1.0,1183.5,1.0,1184.5,1.0,1105.0,1.0,1104.5,1.0,,0.0,,0.0,,0.0
2023-04-27 22:52:06.5,1682607126500000000,1191.5,1138.0,1138.0,630.0,35.0,406225.0,1130.5,5.0,1165.5,1.0,1182.5,1.0,1183.5,1.0,1184.5,1.0,1105.0,1.0,1104.5,1.0,,0.0,,0.0,,0.0
2023-04-27 22:52:08.25,1682607128250000000,1191.5,1138.0,1138.0,630.0,35.0,406225.0,1132.0,5.0,1165.5,1.0,1182.5,1.0,1183.5,1.0,1184.5,1.0,1105.0,1.0,1104.5,1.0,,0.0,,0.0,,0.0
2023-04-27 22:52:09.75,1682607129750000000,1191.5,1138.0,1138.0,630.0,35.0,406225.0,1133.5,5.0,1165.5,1.0,1182.5,1.0,1183.5,1.0,1184.5,1.0,1105.0,1.0,1104.5,1.0,,0.0,,0.0,,0.0
2023-04-27 22:52:14.5,1682607134500000000,1191.5,1138.0,1138.0,630.0,35.0,406225.0,1132.0,5.0,1165.5,1.0,1182.5,1.0,1183.5,1.0,1184.5,1.0,1105.0,1.0,1104.5,1.0,,0.0,,0.0,,0.0
2023-04-27 22:52:17.5,1682607137500000000,1191.5,1138.0,1138.0,630.0,35.0,406225.0,1133.5,5.0,1165.5,1.0,1182.5,1.0,1183.5,1.0,1184.5,1.0,1105.0,1.0,1104.5,1.0,,0.0,,0.0,,0.0
2023-04-27 22:52:22.75,1682607142750000000,1191.5,1138.0,1138.0,630.0,35.0,406225.0,1132.0,5.0,1165.5,1.0,1182.5,1.0,1183.5,1.0,1184.5,1.0,1105.0,1.0,1104.5,1.0,,0.0,,0.0,,0.0
2023-04-27 22:52:34.25,1682607154250000000,1191.5,1138.0,1138.0,630.0,35.0,406225.0,1133.5,5.0,1165.5,1.0,1182.5,1.0,1183.5,1.0,1184.5,1.0,1105.0,1.0,1104.5,1.0,,0.0,,0.0,,0.0
2023-04-27 22:52:38.0,1682607158000000000,1191.5,1138.0,1138.0,630.0,35.0,406225.0,1135.0,5.0,1165.5,1.0,1182.5,1.0,1183.5,1.0,1184.5,1.0,1105.0,1.0,1104.5,1.0,,0.0,,0.0,,0.0
2023-04-27 22:52:39.75,1682607159750000000,1191.5,1138.0,1138.0,630.0,35.0,406225.0,1136.5,5.0,1165.5,1.0,1182.5,1.0,1183.5,1.0,1184.5,1.0,1105.0,1.0,1104.5,1.0,,0.0,,0.0,,0.0
2023-04-27 22:53:02.0,1682607182000000000,1191.5,1138.0,1138.0,630.0,35.0,406225.0,1135.0,5.0,1165.5,1.0,1182.5,1.0,1183.5,1.0,1184.5,1.0,1105.0,1.0,1104.5,1.0,,0.0,,0.0,,0.0
2023-04-27 22:53:03.0,1682607183000000000,1191.5,1138.0,1138.0,630.0,35.0,406225.0,1136.5,5.0,1165.5,1.0,1182.5,1.0,1183.5,1.0,1184.5,1.0,1105.0,1.0,1104.5,1.0,,0.0,,0.0,,0.0
2023-04-27 22:53:03.25,1682607183250000000,1191.5,1138.0,1138.0,630.0,35.0,406225.0,1138.5,5.0,1165.5,1.0,1182.5,1.0,1183.5,1.0,1184.5,1.0,1105.0,1.0,1104.5,1.0,,0.0,,0.0,,0.0
2023-04-27 22:53:11.0,1682607191000000000,1191.5,1138.0,1138.0,630.0,35.0,406225.0,1140.0,5.0,1165.5,1.0,1182.5,1.0,1183.5,1.0,1184.5,1.0,1105.0,1.0,1104.5,1.0,,0.0,,0.0,,0.0
2023-04-27 22:53:12.25,1682607192250000000,1191.5,1138.0,1138.0,630.0,35.0,406225.0,1138.5,5.0,1165.5,1.0,1182.5,1.0,1183.5,1.0,1184.5,1.0,1105.0,1.0,1104.5,1.0,,0.0,,0.0,,0.0
2023-04-27 22:53:21.0,1682607201000000000,1191.5,1138.0,1138.0,630.0,35.0,406225.0,1137.0,5.0,1165.5,1.0,1182.5,1.0,1183.5,1.0,1184.5,1.0,1105.0,1.0,1104.5,1.0,,0.0,,0.0,,0.0
2023-04-27 22:53:27.75,1682607207750000000,1191.5,1138.0,1138.0,630.0,35.0,406225.0,1140.0,5.0,1165.5,1.0,1182.5,1.0,1183.5,1.0,1184.5,1.0,1105.0,1.0,1104.5,1.0,,0.0,,0.0,,0.0
2023-04-27 22:53:33.5,1682607213500000000,1191.5,1138.0,1138.0,630.0,35.0,406225.0,1138.5,5.0,1165.5,1.0,1182.5,1.0,1183.5,1.0,1184.5,1.0,1105.0,1.0,1104.5,1.0,,0.0,,0.0,,0.0
2023-04-27 22:53:36.5,1682607216500000000,1191.5,1138.0,1138.0,630.0,35.0,406225.0,1140.5,5.0,1165.5,1.0,1182.5,1.0,1183.5,1.0,1184.5,1.0,1105.0,1.0,1104.5,1.0,,0.0,,0.0,,0.0
2023-04-27 22:53:47.75,1682607227750000000,1191.5,1138.0,1138.0,630.0,35.0,406225.0,1142.0,5.0,1165.5,1.0,1182.5,1.0,1183.5,1.0,1184.5,1.0,1105.0,1.0,1104.5,1.0,,0.0,,0.0,,0.0
2023-04-27 22:53:48.5,1682607228500000000,1191.5,1138.0,1138.0,630.0,35.0,406225.0,1140.5,5.0,1165.5,1.0,1182.5,1.0,1183.5,1.0,1184.5,1.0,1105.0,1.0,1104.5,1.0,,0.0,,0.0,,0.0
2023-04-27 22:53:49.25,1682607229250000000,1191.5,1138.0,1138.0,630.0,35.0,406225.0,1142.0,5.0,1165.5,1.0,1182.5,1.0,1183.5,1.0,1184.5,1.0,1105.0,1.0,1104.5,1.0,,0.0,,0.0,,0.0
2023-04-27 22:53:58.25,1682607238250000000,1191.5,1138.0,1138.0,630.0,35.0,406225.0,1143.5,5.0,1165.5,1.0,1182.5,1.0,1183.5,1.0,1184.5,1.0,1105.0,1.0,1104.5,1.0,,0.0,,0.0,,0.0
2023-04-27 22:54:02.0,1682607242000000000,1191.5,1138.0,1138.0,630.0,35.0,406225.0,1145.0,5.0,1165.5,1.0,1182.5,1.0,1183.5,1.0,1184.5,1.0,1105.0,1.0,1104.5,1.0,,0.0,,0.0,,0.0
2023-04-27 22:54:12.0,1682607252000000000,1191.5,1138.0,1138.0,630.0,35.0,406225.0,1147.0,5.0,1165.5,1.0,1182.5,1.0,1183.5,1.0,1184.5,1.0,1105.0,1.0,1104.5,1.0,,0.0,,0.0,,0.0
2023-04-27 22:54:16.25,1682607256250000000,1191.5,1138.0,1138.0,630.0,35.0,406225.0,1148.5,5.0,1165.5,1.0,1182.5,1.0,1183.5,1.0,1184.5,1.0,1105.0,1.0,1104.5,1.0,,0.0,,0.0,,0.0
2023-04-27 22:54:18.0,1682607258000000000,1191.5,1138.0,1138.0,630.0,35.0,406225.0,1150.0,5.0,1165.5,1.0,1182.5,1.0,1183.5,1.0,1184.5,1.0,1105.0,1.0,1104.5,1.0,,0.0,,0.0,,0.0
2023-04-27 22:54:20.25,1682607260250000000,1191.5,1150.0,1138.0,630.0,40.0,463725.0,1165.5,1.0,1182.5,1.0,1183.5,1.0,1184.5,1.0,1185.5,1.0,1105.0,1.0,1104.5,1.0,,0.0,,0.0,,0.0
2023-04-27 22:54:20.5,1682607260500000000,1191.5,1150.0,1138.0,630.0,40.0,463725.0,1165.0,10.0,1165.5,1.0,1182.5,1.0,1183.5,1.0,1184.5,1.0,1105.0,1.0,1104.5,1.0,,0.0,,0.0,,0.0
2023-04-27 22:54:26.75,1682607266750000000,1191.5,1150.0,1138.0,630.0,40.0,463725.0,1151.5,5.0,1165.0,10.0,1165.5,1.0,1182.5,1.0,1183.5,1.0,1105.0,1.0,1104.5,1.0,,0.0,,0.0,,0.0
2023-04-27 22:54:27.0,1682607267000000000,1191.5,1150.0,1138.0,630.0,40.0,463725.0,1151.5,5.0,1165.5,1.0,1182.5,1.0,1183.5,1.0,1184.5,1.0,1105.0,1.0,1104.5,1.0,,0.0,,0.0,,0.0
2023-04-27 22:54:33.25,1682607273250000000,1191.5,1150.0,1138.0,630.0,40.0,463725.0,1150.0,5.0,1165.5,1.0,1182.5,1.0,1183.5,1.0,1184.5,1.0,1105.0,1.0,1104.5,1.0,,0.0,,0.0,,0.0
2023-04-27 22:54:36.0,1682607276000000000,1191.5,1150.0,1138.0,630.0,40.0,463725.0,1148.0,5.0,1165.5,1.0,1182.5,1.0,1183.5,1.0,1184.5,1.0,1105.0,1.0,1104.5,1.0,,0.0,,0.0,,0.0
2023-04-27 22:54:44.5,1682607284500000000,1191.5,1150.0,1138.0,630.0,40.0,463725.0,1146.0,5.0,1165.5,1.0,1182.5,1.0,1183.5,1.0,1184.5,1.0,1105.0,1.0,1104.5,1.0,,0.0,,0.0,,0.0
2023-04-27 22:54:52.75,1682607292750000000,1191.5,1150.0,1138.0,630.0,40.0,463725.0,1147.5,5.0,1165.5,1.0,1182.5,1.0,1183.5,1.0,1184.5,1.0,1105.0,1.0,1104.5,1.0,,0.0,,0.0,,0.0
2023-04-27 22:55:35.5,1682607335500000000,1191.5,1150.0,1138.0,630.0,40.0,463725.0,1146.0,5.0,1165.5,1.0,1182.5,1.0,1183.5,1.0,1184.5,1.0,1105.0,1.0,1104.5,1.0,,0.0,,0.0,,0.0
2023-04-27 22:56:05.75,1682607365750000000,1191.5,1150.0,1138.0,630.0,40.0,463725.0,1144.5,5.0,1165.5,1.0,1182.5,1.0,1183.5,1.0,1184.5,1.0,1105.0,1.0,1104.5,1.0,,0.0,,0.0,,0.0
2023-04-27 22:56:08.25,1682607368250000000,1191.5,1150.0,1138.0,630.0,40.0,463725.0,1142.5,5.0,1165.5,1.0,1182.5,1.0,1183.5,1.0,1184.5,1.0,1105.0,1.0,1104.5,1.0,,0.0,,0.0,,0.0
2023-04-27 22:56:12.75,1682607372750000000,1191.5,1150.0,1138.0,630.0,40.0,463725.0,1144.5,5.0,1165.5,1.0,1182.5,1.0,1183.5,1.0,1184.5,1.0,1105.0,1.0,1104.5,1.0,,0.0,,0.0,,0.0
2023-04-27 22:56:15.0,1682607375000000000,1191.5,1150.0,1138.0,630.0,40.0,463725.0,1143.0,5.0,1165.5,1.0,1182.5,1.0,1183.5,1.0,1184.5,1.0,1105.0,1.0,1104.5,1.0,,0.0,,0.0,,0.0
2023-04-27 22:56:18.75,1682607378750000000,1191.5,1150.0,1138.0,630.0,40.0,463725.0,1144.5,5.0,1165.5,1.0,1182.5,1.0,1183.5,1.0,1184.5,1.0,1105.0,1.0,1104.5,1.0,,0.0,,0.0,,0.0
2023-04-27 22:56:24.0,1682607384000000000,1191.5,1150.0,1138.0,630.0,40.0,463725.0,1142.5,5.0,1165.5,1.0,1182.5,1.0,1183.5,1.0,1184.5,1.0,1105.0,1.0,1104.5,1.0,,0.0,,0.0,,0.0
2023-04-27 22:56:36.25,1682607396250000000,1191.5,1150.0,1138.0,630.0,40.0,463725.0,1142.5,5.0,1165.5,1.0,1182.5,1.0,1183.5,1.0,1184.5,1.0,1105.0,1.0,,0.0,,0.0,,0.0,,0.0
2023-04-27 22:56:36.5,1682607396500000000,1191.5,1150.0,1138.0,630.0,40.0,463725.0,1142.5,5.0,1182.5,1.0,1183.5,1.0,1184.5,1.0,1185.5,1.0,1105.0,1.0,,0.0,,0.0,,0.0,,0.0
2023-04-27 22:56:44.75,1682607404750000000,1191.5,1150.0,1138.0,630.0,40.0,463725.0,1141.0,5.0,1182.5,1.0,1183.5,1.0,1184.5,1.0,1185.5,1.0,1105.0,1.0,,0.0,,0.0,,0.0,,0.0
2023-04-27 22:56:47.0,1682607407000000000,1191.5,1150.0,1138.0,630.0,40.0,463725.0,1139.5,5.0,1182.5,1.0,1183.5,1.0,1184.5,1.0,1185.5,1.0,1105.0,1.0,,0.0,,0.0,,0.0,,0.0
2023-04-27 22:56:53.75,1682607413750000000,1191.5,1150.0,1138.0,630.0,40.0,463725.0,1141.0,5.0,1182.5,1.0,1183.5,1.0,1184.5,1.0,1185.5,1.0,1105.0,1.0,,0.0,,0.0,,0.0,,0.0
2023-04-27 22:56:56.0,1682607416000000000,1191.5,1150.0,1138.0,630.0,40.0,463725.0,1139.5,5.0,1182.5,1.0,1183.5,1.0,1184.5,1.0,1185.5,1.0,1105.0,1.0,,0.0,,0.0,,0.0,,0.0
2023-04-27 22:56:58.25,1682607418250000000,1191.5,1150.0,1138.0,630.0,40.0,463725.0,1141.0,5.0,1182.5,1.0,1183.5,1.0,1184.5,1.0,1185.5,1.0,1105.0,1.0,,0.0,,0.0,,0.0,,0.0
2023-04-27 22:57:06.75,1682607426750000000,1191.5,1150.0,1138.0,630.0,40.0,463725.0,1139.5,5.0,1182.5,1.0,1183.5,1.0,1184.5,1.0,1185.5,1.0,1105.0,1.0,,0.0,,0.0,,0.0,,0.0
2023-04-27 22:57:29.0,1682607449000000000,1191.5,1150.0,1138.0,630.0,40.0,463725.0,1141.0,5.0,1182.5,1.0,1183.5,1.0,1184.5,1.0,1185.5,1.0,1105.0,1.0,,0.0,,0.0,,0.0,,0.0
2023-04-27 22:57:34.0,1682607454000000000,1191.5,1150.0,1138.0,630.0,40.0,463725.0,1182.5,1.0,1183.5,1.0,1184.5,1.0,1185.5,1.0,,0.0,1105.0,1.0,,0.0,,0.0,,0.0,,0.0
2023-04-27 22:57:34.25,1682607454250000000,1191.5,1150.0,1138.0,630.0,40.0,463725.0,1182.0,10.0,1182.5,1.0,1183.5,1.0,1184.5,1.0,1185.5,1.0,1105.0,1.0,,0.0,,0.0,,0.0,,0.0
2023-04-27 22:57:36.0,1682607456000000000,1191.5,1150.0,1138.0,630.0,40.0,463725.0,1182.5,1.0,1183.5,1.0,1184.5,1.0,1185.5,1.0,,0.0,1105.0,1.0,,0.0,,0.0,,0.0,,0.0
2023-04-27 22:57:39.25,1682607459250000000,1191.5,1150.0,1138.0,630.0,40.0,463725.0,,0.0,,0.0,,0.0,,0.0,,0.0,,0.0,,0.0,,0.0,,0.0,,0.0
2023-04-28 08:55:00.0,1682643300000000000,1191.5,1150.0,1138.0,630.0,40.0,463725.0,,0.0,,0.0,,0.0,,0.0,,0.0,,0.0,,0.0,,0.0,,0.0,,0.0
2023-04-28 09:00:03.75,1682643603750000000,1191.5,1150.0,1138.0,630.0,40.0,463725.0,1288.0,1.0,,0.0,,0.0,,0.0,,0.0,1010.5,1.0,,0.0,,0.0,,0.0,,0.0
2023-04-28 09:00:06.25,1682643606250000000,1191.5,1150.0,1138.0,630.0,40.0,463725.0,1288.0,1.0,,0.0,,0.0,,0.0,,0.0,1012.0,1.0,1010.5,1.0,,0.0,,0.0,,0.0
2023-04-28 09:00:06.5,1682643606500000000,1191.5,1150.0,1138.0,630.0,40.0,463725.0,1288.0,1.0,,0.0,,0.0,,0.0,,0.0,1046.5,1.0,1012.0,1.0,,0.0,,0.0,,0.0
2023-04-28 09:00:07.0,1682643607000000000,1191.5,1150.0,1138.0,630.0,40.0,463725.0,1288.0,1.0,,0.0,,0.0,,0.0,,0.0,1046.5,1.0,,0.0,,0.0,,0.0,,0.0
2023-04-28 09:00:22.0,1682643622000000000,1191.5,1150.0,1138.0,630.0,40.0,463725.0,1287.5,1.0,1288.0,1.0,,0.0,,0.0,,0.0,1046.5,1.0,1012.5,1.0,,0.0,,0.0,,0.0
2023-04-28 09:00:22.25,1682643622250000000,1191.5,1150.0,1138.0,630.0,40.0,463725.0,1253.0,1.0,1287.5,1.0,,0.0,,0.0,,0.0,1046.5,1.0,1012.5,1.0,,0.0,,0.0,,0.0
2023-04-28 09:01:10.75,1682643670750000000,1191.5,1150.0,1138.0,630.0,40.0,463725.0,1252.5,10.0,1253.0,1.0,1287.5,1.0,,0.0,,0.0,1046.5,1.0,1012.5,1.0,,0.0,,0.0,,0.0
2023-04-28 09:01:11.0,1682643671000000000,1191.5,1150.0,1138.0,630.0,40.0,463725.0,1218.0,1.0,1252.5,10.0,1287.5,1.0,,0.0,,0.0,1046.5,1.0,1012.5,1.0,,0.0,,0.0,,0.0
2023-04-28 09:01:11.25,1682643671250000000,1191.5,1150.0,1138.0,630.0,40.0,463725.0,1217.5,10.0,1218.0,1.0,1287.5,1.0,,0.0,,0.0,1046.5,1.0,1012.5,1.0,,0.0,,0.0,,0.0
2023-04-28 09:01:11.5,1682643671500000000,1191.5,1150.0,1138.0,630.0,40.0,463725.0,1183.0,1.0,1217.5,10.0,1287.5,1.0,,0.0,,0.0,1046.5,1.0,1012.5,1.0,,0.0,,0.0,,0.0
2023-04-28 09:01:11.75,1682643671750000000,1191.5,1150.0,1138.0,630.0,40.0,463725.0,1183.0,1.0,1287.5,1.0,,0.0,,0.0,,0.0,1046.5,1.0,1012.5,1.0,,0.0,,0.0,,0.0
2023-04-28 09:01:12.0,1682643672000000000,1191.5,1150.0,1138.0,630.0,40.0,463725.0,1182.5,10.0,1183.0,1.0,1287.5,1.0,,0.0,,0.0,1046.5,1.0,1012.5,1.0,,0.0,,0.0,,0.0
2023-04-28 09:06:27.75,1682643987750000000,1191.5,1150.0,1138.0,630.0,40.0,463725.0,1143.5,5.0,1182.5,10.0,1183.0,1.0,1287.5,1.0,,0.0,1046.5,1.0,1012.5,1.0,,0.0,,0.0,,0.0
2023-04-28 09:06:28.0,1682643988000000000,1191.5,1150.0,1138.0,630.0,40.0,463725.0,1143.5,5.0,1183.0,1.0,1287.5,1.0,,0.0,,0.0,1046.5,1.0,1012.5,1.0,,0.0,,0.0,,0.0
2023-04-28 09:06:37.5,1682643997500000000,1191.5,1150.0,1138.0,630.0,40.0,463725.0,1145.5,5.0,1183.0,1.0,1287.5,1.0,,0.0,,0.0,1046.5,1.0,1012.5,1.0,,0.0,,0.0,,0.0
2023-04-28 09:06:45.5,1682644005500000000,1191.5,1150.0,1138.0,630.0,40.0,463725.0,1144.0,5.0,1183.0,1.0,1287.5,1.0,,0.0,,0.0,1046.5,1.0,1012.5,1.0,,0.0,,0.0,,0.0
2023-04-28 09:07:02.25,1682644022250000000,1191.5,1150.0,1138.0,630.0,40.0,463725.0,1145.5,5.0,1183.0,1.0,1287.5,1.0,,0.0,,0.0,1046.5,1.0,1012.5,1.0,,0.0,,0.0,,0.0
2023-04-28 09:07:13.5,1682644033500000000,1191.5,1150.0,1138.0,630.0,40.0,463725.0,1147.0,5.0,1183.0,1.0,1287.5,1.0,,0.0,,0.0,1046.5,1.0,1012.5,1.0,,0.0,,0.0,,0.0
2023-04-28 09:07:31.25,1682644051250000000,1191.5,1150.0,1138.0,630.0,40.0,463725.0,1148.5,5.0,1183.0,1.0,1287.5,1.0,,0.0,,0.0,1046.5,1.0,1012.5,1.0,,0.0,,0.0,,0.0
2023-04-28 09:07:46.0,1682644066000000000,1191.5,1150.0,1138.0,630.0,40.0,463725.0,1150.0,5.0,1183.0,1.0,1287.5,1.0,,0.0,,0.0,1046.5,1.0,1012.5,1.0,,0.0,,0.0,,0.0
2023-04-28 09:08:10.25,1682644090250000000,1191.5,1150.0,1138.0,630.0,40.0,463725.0,1151.5,5.0,1183.0,1.0,1287.5,1.0,,0.0,,0.0,1046.5,1.0,1012.5,1.0,,0.0,,0.0,,0.0
2023-04-28 09:08:10.75,1682644090750000000,1191.5,1150.0,1138.0,630.0,40.0,463725.0,1153.0,5.0,1183.0,1.0,1287.5,1.0,,0.0,,0.0,1046.5,1.0,1012.5,1.0,,0.0,,0.0,,0.0
2023-04-28 09:08:12.25,1682644092250000000,1191.5,1150.0,1138.0,630.0,40.0,463725.0,1154.5,5.0,1183.0,1.0,1287.5,1.0,,0.0,,0.0,1046.5,1.0,1012.5,1.0,,0.0,,0.0,,0.0
2023-04-28 09:08:15.75,1682644095750000000,1191.5,1150.0,1138.0,630.0,40.0,463725.0,1156.0,5.0,1183.0,1.0,1287.5,1.0,,0.0,,0.0,1046.5,1.0,1012.5,1.0,,0.0,,0.0,,0.0
2023-04-28 09:08:17.75,1682644097750000000,1191.5,1150.0,1138.0,630.0,40.0,463725.0,1154.5,5.0,1183.0,1.0,1287.5,1.0,,0.0,,0.0,1046.5,1.0,1012.5,1.0,,0.0,,0.0,,0.0
2023-04-28 09:08:24.25,1682644104250000000,1191.5,1150.0,1138.0,630.0,40.0,463725.0,1153.0,5.0,1183.0,1.0,1287.5,1.0,,0.0,,0.0,1046.5,1.0,1012.5,1.0,,0.0,,0.0,,0.0
2023-04-28 09:08:28.0,1682644108000000000,1191.5,1150.0,1138.0,630.0,40.0,463725.0,1151.5,5.0,1183.0,1.0,1287.5,1.0,,0.0,,0.0,1046.5,1.0,1012.5,1.0,,0.0,,0.0,,0.0
2023-04-28 09:08:33.0,1682644113000000000,1191.5,1150.0,1138.0,630.0,40.0,463725.0,1150.0,5.0,1183.0,1.0,1287.5,1.0,,0.0,,0.0,1046.5,1.0,1012.5,1.0,,0.0,,0.0,,0.0
2023-04-28 09:08:43.0,1682644123000000000,1191.5,1150.0,1138.0,630.0,40.0,463725.0,1148.5,5.0,1183.0,1.0,1287.5,1.0,,0.0,,0.0,1046.5,1.0,1012.5,1.0,,0.0,,0.0,,0.0
2023-04-28 09:09:25.25,1682644165250000000,1191.5,1150.0,1138.0,630.0,40.0,463725.0,1147.0,5.0,1183.0,1.0,1287.5,1.0,,0.0,,0.0,1046.5,1.0,1012.5,1.0,,0.0,,0.0,,0.0
2023-04-28 09:09:31.0,1682644171000000000,1191.5,1150.0,1138.0,630.0,40.0,463725.0,1148.5,5.0,1183.0,1.0,1287.5,1.0,,0.0,,0.0,1046.5,1.0,1012.5,1.0,,0.0,,0.0,,0.0
2023-04-28 09:09:51.5,1682644191500000000,1191.5,1150.0,1138.0,630.0,40.0,463725.0,1147.0,5.0,1183.0,1.0,1287.5,1.0,,0.0,,0.0,1046.5,1.0,1012.5,1.0,,0.0,,0.0,,0.0
2023-04-28 09:10:05.25,1682644205250000000,1191.5,1150.0,1138.0,630.0,40.0,463725.0,1148.5,5.0,1183.0,1.0,1287.5,1.0,,0.0,,0.0,1046.5,1.0,1012.5,1.0,,0.0,,0.0,,0.0
2023-04-28 09:10:12.25,1682644212250000000,1191.5,1150.0,1138.0,630.0,40.0,463725.0,1150.0,5.0,1183.0,1.0,1287.5,1.0,,0.0,,0.0,1046.5,1.0,1012.5,1.0,,0.0,,0.0,,0.0
2023-04-28 09:10:21.0,1682644221000000000,1191.5,1150.0,1138.0,630.0,40.0,463725.0,1151.5,5.0,1183.0,1.0,1287.5,1.0,,0.0,,0.0,1046.5,1.0,1012.5,1.0,,0.0,,0.0,,0.0
2023-04-28 09:10:31.75,1682644231750000000,1191.5,1150.0,1138.0,630.0,40.0,463725.0,1150.0,5.0,1183.0,1.0,1287.5,1.0,,0.0,,0.0,1046.5,1.0,1012.5,1.0,,0.0,,0.0,,0.0
2023-04-28 09:10:32.25,1682644232250000000,1191.5,1150.0,1138.0,630.0,40.0,463725.0,1148.5,5.0,1183.0,1.0,1287.5,1.0,,0.0,,0.0,1046.5,1.0,1012.5,1.0,,0.0,,0.0,,0.0
2023-04-28 09:10:42.25,1682644242250000000,1191.5,1150.0,1138.0,630.0,40.0,463725.0,1150.0,5.0,1183.0,1.0,1287.5,1.0,,0.0,,0.0,1046.5,1.0,1012.5,1.0,,0.0,,0.0,,0.0
2023-04-28 09:10:52.75,1682644252750000000,1191.5,1150.0,1138.0,630.0,40.0,463725.0,1151.5,5.0,1183.0,1.0,1287.5,1.0,,0.0,,0.0,1046.5,1.0,1012.5,1.0,,0.0,,0.0,,0.0
2023-04-28 09:11:06.75,1682644266750000000,1191.5,1150.0,1138.0,630.0,40.0,463725.0,1153.0,5.0,1183.0,1.0,1287.5,1.0,,0.0,,0.0,1046.5,1.0,1012.5,1.0,,0.0,,0.0,,0.0
