datetime,datetime_nano,highest,last_price,lowest,open_interest,volume,amount,ask_price1,ask_volume1,ask_price2,ask_volume2,ask_price3,ask_volume3,ask_price4,ask_volume4,ask_price5,ask_volume5,bid_price1,bid_volume1,bid_price2,bid_volume2,bid_price3,bid_volume3,bid_price4,bid_volume4,bid_price5,bid_volume5
2023-04-27 20:55:55.25,1682600155250000000,,,,1312.0,0.0,0.0,,0.0,,0.0,,0.0,,0.0,,0.0,,0.0,,0.0,,0.0,,0.0,,0.0
2023-04-27 20:59:00.0,1682600340000000000,,,,1312.0,0.0,0.0,,0.0,,0.0,,0.0,,0.0,,0.0,207.0,1.0,,0.0,,0.0,,0.0,,0.0
2023-04-27 21:00:06.75,1682600406750000000,,,,1312.0,0.0,0.0,944.0,16.0,,0.0,,0.0,,0.0,,0.0,664.5,16.0,207.0,1.0,,0.0,,0.0,,0.0
2023-04-27 21:00:07.0,1682600407000000000,,,,1312.0,0.0,0.0,943.5,10.0,944.0,16.0,,0.0,,0.0,,0.0,664.5,16.0,207.0,1.0,,0.0,,0.0,,0.0
2023-04-27 21:00:08.0,1682600408000000000,,,,1312.0,0.0,0.0,944.0,16.0,,0.0,,0.0,,0.0,,0.0,664.5,16.0,207.0,1.0,,0.0,,0.0,,0.0
2023-04-27 21:00:09.0,1682600409000000000,,,,1312.0,0.0,0.0,944.0,16.0,,0.0,,0.0,,0.0,,0.0,664.5,16.0,207.0,1.0,200.0,1.0,,0.0,,0.0
2023-04-27 21:00:09.25,1682600409250000000,,,,1312.0,0.0,0.0,943.5,10.0,944.0,16.0,,0.0,,0.0,,0.0,664.5,16.0,207.0,1.0,200.0,1.0,,0.0,,0.0
2023-04-27 21:00:10.0,1682600410000000000,,,,1312.0,0.0,0.0,909.5,16.0,943.5,10.0,,0.0,,0.0,,0.0,664.5,16.0,207.0,1.0,200.0,1.0,,0.0,,0.0
2023-04-27 21:00:10.25,1682600410250000000,,,,1312.0,0.0,0.0,909.5,16.0,,0.0,,0.0,,0.0,,0.0,664.5,16.0,207.0,1.0,200.0,1.0,,0.0,,0.0
2023-04-27 21:00:10.5,1682600410500000000,,,,1312.0,0.0,0.0,909.0,10.0,909.5,16.0,,0.0,,0.0,,0.0,664.5,16.0,207.0,1.0,200.0,1.0,,0.0,,0.0
2023-04-27 21:00:10.75,1682600410750000000,,,,1312.0,0.0,0.0,908.0,1.0,909.0,10.0,909.5,16.0,,0.0,,0.0,666.0,1.0,664.5,16.0,207.0,1.0,200.0,1.0,,0.0
2023-04-27 21:00:11.0,1682600411000000000,,,,1312.0,0.0,0.0,908.0,1.0,909.5,16.0,,0.0,,0.0,,0.0,666.0,1.0,664.5,16.0,207.0,1.0,200.0,1.0,,0.0
2023-04-27 21:00:11.25,1682600411250000000,,,,1312.0,0.0,0.0,907.5,10.0,908.0,1.0,909.5,16.0,,0.0,,0.0,666.0,1.0,664.5,16.0,207.0,1.0,200.0,1.0,,0.0
2023-04-27 21:00:11.75,1682600411750000000,,,,1312.0,0.0,0.0,907.5,10.0,909.5,16.0,,0.0,,0.0,,0.0,666.0,1.0,664.5,16.0,207.0,1.0,200.0,1.0,,0.0
2023-04-27 21:00:12.25,1682600412250000000,,,,1312.0,0.0,0.0,907.5,10.0,909.5,16.0,,0.0,,0.0,,0.0,700.0,16.0,666.0,1.0,207.0,1.0,200.0,1.0,,0.0
2023-04-27 21:00:12.5,1682600412500000000,,,,1312.0,0.0,0.0,873.5,16.0,907.5,10.0,,0.0,,0.0,,0.0,700.0,16.0,666.0,1.0,207.0,1.0,200.0,1.0,,0.0
2023-04-27 21:00:12.75,1682600412750000000,,,,1312.0,0.0,0.0,873.5,16.0,,0.0,,0.0,,0.0,,0.0,700.0,16.0,207.0,1.0,200.0,1.0,,0.0,,0.0
2023-04-27 21:00:13.0,1682600413000000000,,,,1312.0,0.0,0.0,873.0,10.0,873.5,16.0,,0.0,,0.0,,0.0,700.0,16.0,207.0,1.0,200.0,1.0,,0.0,,0.0
2023-04-27 21:00:13.25,1682600413250000000,,,,1312.0,0.0,0.0,839.0,16.0,873.0,10.0,,0.0,,0.0,,0.0,700.0,16.0,207.0,1.0,200.0,1.0,,0.0,,0.0
2023-04-27 21:00:13.5,1682600413500000000,,,,1312.0,0.0,0.0,839.0,16.0,,0.0,,0.0,,0.0,,0.0,700.0,16.0,207.0,1.0,200.0,1.0,,0.0,,0.0
2023-04-27 21:00:13.75,1682600413750000000,,,,1312.0,0.0,0.0,838.5,10.0,839.0,16.0,,0.0,,0.0,,0.0,700.0,16.0,207.0,1.0,200.0,1.0,,0.0,,0.0
2023-04-27 21:00:15.25,1682600415250000000,,,,1312.0,0.0,0.0,838.5,10.0,839.0,16.0,,0.0,,0.0,,0.0,701.5,1.0,700.0,16.0,207.0,1.0,200.0,1.0,,0.0
2023-04-27 21:00:15.5,1682600415500000000,,,,1312.0,0.0,0.0,838.5,10.0,839.0,16.0,,0.0,,0.0,,0.0,735.5,16.0,701.5,1.0,207.0,1.0,200.0,1.0,,0.0
2023-04-27 21:00:15.75,1682600415750000000,,,,1312.0,0.0,0.0,838.5,10.0,839.0,16.0,,0.0,,0.0,,0.0,735.5,16.0,207.0,1.0,200.0,1.0,,0.0,,0.0
2023-04-27 21:00:17.75,1682600417750000000,,,,1312.0,0.0,0.0,838.5,10.0,839.0,16.0,,0.0,,0.0,,0.0,737.0,1.0,735.5,16.0,207.0,1.0,200.0,1.0,,0.0
2023-04-27 21:00:18.0,1682600418000000000,,,,1312.0,0.0,0.0,838.5,10.0,839.0,16.0,,0.0,,0.0,,0.0,757.0,16.0,737.0,1.0,207.0,1.0,200.0,1.0,,0.0
2023-04-27 21:00:18.25,1682600418250000000,,,,1312.0,0.0,0.0,838.5,10.0,839.0,16.0,,0.0,,0.0,,0.0,757.0,16.0,207.0,1.0,200.0,1.0,,0.0,,0.0
2023-04-27 21:00:23.5,1682600423500000000,,,,1312.0,0.0,0.0,838.5,10.0,839.0,16.0,,0.0,,0.0,,0.0,655.0,16.0,207.0,1.0,200.0,1.0,,0.0,,0.0
2023-04-27 21:00:24.75,1682600424750000000,,,,1312.0,0.0,0.0,838.5,10.0,839.0,16.0,,0.0,,0.0,,0.0,656.5,1.0,655.0,16.0,207.0,1.0,200.0,1.0,,0.0
2023-04-27 21:00:25.0,1682600425000000000,,,,1312.0,0.0,0.0,838.5,10.0,839.0,16.0,,0.0,,0.0,,0.0,690.5,16.0,656.5,1.0,207.0,1.0,200.0,1.0,,0.0
2023-04-27 21:00:25.25,1682600425250000000,,,,1312.0,0.0,0.0,838.5,10.0,839.0,16.0,,0.0,,0.0,,0.0,690.5,16.0,207.0,1.0,200.0,1.0,,0.0,,0.0
2023-04-27 21:00:27.25,1682600427250000000,,,,1312.0,0.0,0.0,838.5,10.0,839.0,16.0,,0.0,,0.0,,0.0,692.0,1.0,690.5,16.0,207.0,1.0,200.0,1.0,,0.0
2023-04-27 21:00:27.5,1682600427500000000,,,,1312.0,0.0,0.0,838.5,10.0,839.0,16.0,,0.0,,0.0,,0.0,726.0,16.0,692.0,1.0,207.0,1.0,200.0,1.0,,0.0
2023-04-27 21:00:27.75,1682600427750000000,,,,1312.0,0.0,0.0,838.5,10.0,839.0,16.0,,0.0,,0.0,,0.0,726.0,16.0,207.0,1.0,200.0,1.0,,0.0,,0.0
2023-04-27 21:00:31.75,1682600431750000000,,,,1312.0,0.0,0.0,838.5,10.0,839.0,16.0,,0.0,,0.0,,0.0,727.5,1.0,726.0,16.0,207.0,1.0,200.0,1.0,,0.0
2023-04-27 21:00:32.0,1682600432000000000,,,,1312.0,0.0,0.0,838.5,10.0,839.0,16.0,,0.0,,0.0,,0.0,761.5,16.0,727.5,1.0,207.0,1.0,200.0,1.0,,0.0
2023-04-27 21:00:32.25,1682600432250000000,,,,1312.0,0.0,0.0,838.5,10.0,839.0,16.0,,0.0,,0.0,,0.0,761.5,16.0,207.0,1.0,200.0,1.0,,0.0,,0.0
2023-04-27 21:00:37.75,1682600437750000000,,,,1312.0,0.0,0.0,838.5,10.0,839.0,16.0,,0.0,,0.0,,0.0,653.0,16.0,207.0,1.0,200.0,1.0,,0.0,,0.0
2023-04-27 21:00:38.25,1682600438250000000,,,,1312.0,0.0,0.0,838.5,10.0,839.0,16.0,,0.0,,0.0,,0.0,654.5,1.0,653.0,16.0,207.0,1.0,200.0,1.0,,0.0
2023-04-27 21:00:38.5,1682600438500000000,,,,1312.0,0.0,0.0,838.5,10.0,839.0,16.0,,0.0,,0.0,,0.0,688.5,16.0,654.5,1.0,207.0,1.0,200.0,1.0,,0.0
2023-04-27 21:00:38.75,1682600438750000000,,,,1312.0,0.0,0.0,838.5,10.0,839.0,16.0,,0.0,,0.0,,0.0,688.5,16.0,207.0,1.0,200.0,1.0,,0.0,,0.0
2023-04-27 21:00:40.0,1682600440000000000,,,,1312.0,0.0,0.0,818.0,16.0,838.5,10.0,,0.0,,0.0,,0.0,688.5,16.0,207.0,1.0,200.0,1.0,,0.0,,0.0
2023-04-27 21:00:40.25,1682600440250000000,,,,1312.0,0.0,0.0,818.0,16.0,,0.0,,0.0,,0.0,,0.0,690.0,1.0,688.5,16.0,207.0,1.0,200.0,1.0,,0.0
2023-04-27 21:00:40.5,1682600440500000000,,,,1312.0,0.0,0.0,817.5,10.0,818.0,16.0,,0.0,,0.0,,0.0,724.0,16.0,690.0,1.0,207.0,1.0,200.0,1.0,,0.0
2023-04-27 21:00:40.75,1682600440750000000,,,,1312.0,0.0,0.0,817.5,10.0,818.0,16.0,,0.0,,0.0,,0.0,724.0,16.0,207.0,1.0,200.0,1.0,,0.0,,0.0
2023-04-27 21:00:45.0,1682600445000000000,,,,1312.0,0.0,0.0,817.5,10.0,818.0,16.0,,0.0,,0.0,,0.0,725.5,1.0,724.0,16.0,207.0,1.0,200.0,1.0,,0.0
2023-04-27 21:00:45.25,1682600445250000000,,,,1312.0,0.0,0.0,817.5,10.0,818.0,16.0,,0.0,,0.0,,0.0,756.5,16.0,725.5,1.0,207.0,1.0,200.0,1.0,,0.0
2023-04-27 21:00:45.75,1682600445750000000,,,,1312.0,0.0,0.0,817.5,10.0,818.0,16.0,,0.0,,0.0,,0.0,756.5,16.0,207.0,1.0,200.0,1.0,,0.0,,0.0
2023-04-27 21:00:51.0,1682600451000000000,,,,1312.0,0.0,0.0,817.5,10.0,818.0,16.0,,0.0,,0.0,,0.0,647.0,16.0,207.0,1.0,200.0,1.0,,0.0,,0.0
2023-04-27 21:00:53.25,1682600453250000000,,,,1312.0,0.0,0.0,817.5,10.0,818.0,16.0,,0.0,,0.0,,0.0,648.5,1.0,647.0,16.0,207.0,1.0,200.0,1.0,,0.0
2023-04-27 21:00:53.5,1682600453500000000,,,,1312.0,0.0,0.0,817.5,10.0,818.0,16.0,,0.0,,0.0,,0.0,682.5,16.0,648.5,1.0,207.0,1.0,200.0,1.0,,0.0
2023-04-27 21:00:53.75,1682600453750000000,,,,1312.0,0.0,0.0,817.5,10.0,818.0,16.0,,0.0,,0.0,,0.0,684.0,1.0,682.5,16.0,207.0,1.0,200.0,1.0,,0.0
2023-04-27 21:00:54.0,1682600454000000000,,,,1312.0,0.0,0.0,817.5,10.0,818.0,16.0,,0.0,,0.0,,0.0,718.0,16.0,684.0,1.0,207.0,1.0,200.0,1.0,,0.0
2023-04-27 21:00:54.25,1682600454250000000,,,,1312.0,0.0,0.0,817.5,10.0,818.0,16.0,,0.0,,0.0,,0.0,718.0,16.0,207.0,1.0,200.0,1.0,,0.0,,0.0
2023-04-27 21:00:56.25,1682600456250000000,,,,1312.0,0.0,0.0,817.5,10.0,818.0,16.0,,0.0,,0.0,,0.0,719.5,1.0,718.0,16.0,207.0,1.0,200.0,1.0,,0.0
2023-04-27 21:00:56.5,1682600456500000000,,,,1312.0,0.0,0.0,817.5,10.0,818.0,16.0,,0.0,,0.0,,0.0,753.5,16.0,719.5,1.0,207.0,1.0,200.0,1.0,,0.0
2023-04-27 21:00:56.75,1682600456750000000,,,,1312.0,0.0,0.0,817.5,10.0,818.0,16.0,,0.0,,0.0,,0.0,753.5,16.0,207.0,1.0,200.0,1.0,,0.0,,0.0
2023-04-27 21:10:43.25,1682601043250000000,,,,1312.0,0.0,0.0,817.5,10.0,818.0,16.0,,0.0,,0.0,,0.0,753.5,16.0,200.0,1.0,,0.0,,0.0,,0.0
2023-04-27 21:12:07.0,1682601127000000000,,,,1312.0,0.0,0.0,794.5,5.0,817.5,10.0,818.0,16.0,,0.0,,0.0,753.5,16.0,200.0,1.0,,0.0,,0.0,,0.0
2023-04-27 21:12:07.25,1682601127250000000,,,,1312.0,0.0,0.0,794.5,5.0,818.0,16.0,,0.0,,0.0,,0.0,753.5,16.0,200.0,1.0,,0.0,,0.0,,0.0
2023-04-27 21:12:11.25,1682601131250000000,,,,1312.0,0.0,0.0,796.0,5.0,818.0,16.0,,0.0,,0.0,,0.0,753.5,16.0,200.0,1.0,,0.0,,0.0,,0.0
2023-04-27 21:12:11.75,1682601131750000000,,,,1312.0,0.0,0.0,798.0,5.0,818.0,16.0,,0.0,,0.0,,0.0,753.5,16.0,200.0,1.0,,0.0,,0.0,,0.0
2023-04-27 21:12:12.75,1682601132750000000,,,,1312.0,0.0,0.0,796.5,5.0,818.0,16.0,,0.0,,0.0,,0.0,753.5,16.0,200.0,1.0,,0.0,,0.0,,0.0
2023-04-27 21:12:49.25,1682601169250000000,,,,1312.0,0.0,0.0,798.0,5.0,818.0,16.0,,0.0,,0.0,,0.0,753.5,16.0,200.0,1.0,,0.0,,0.0,,0.0
2023-04-27 21:13:01.0,1682601181000000000,,,,1312.0,0.0,0.0,799.5,5.0,818.0,16.0,,0.0,,0.0,,0.0,753.5,16.0,200.0,1.0,,0.0,,0.0,,0.0
2023-04-27 21:13:09.0,1682601189000000000,,,,1312.0,0.0,0.0,801.0,5.0,818.0,16.0,,0.0,,0.0,,0.0,753.5,16.0,200.0,1.0,,0.0,,0.0,,0.0
2023-04-27 21:13:15.25,1682601195250000000,,,,1312.0,0.0,0.0,803.0,5.0,818.0,16.0,,0.0,,0.0,,0.0,753.5,16.0,200.0,1.0,,0.0,,0.0,,0.0
2023-04-27 21:13:19.25,1682601199250000000,,,,1312.0,0.0,0.0,804.5,5.0,818.0,16.0,,0.0,,0.0,,0.0,753.5,16.0,200.0,1.0,,0.0,,0.0,,0.0
2023-04-27 21:13:27.75,1682601207750000000,,,,1312.0,0.0,0.0,802.0,5.0,818.0,16.0,,0.0,,0.0,,0.0,753.5,16.0,200.0,1.0,,0.0,,0.0,,0.0
2023-04-27 21:13:37.25,1682601217250000000,,,,1312.0,0.0,0.0,803.5,5.0,818.0,16.0,,0.0,,0.0,,0.0,753.5,16.0,200.0,1.0,,0.0,,0.0,,0.0
2023-04-27 21:13:43.25,1682601223250000000,,,,1312.0,0.0,0.0,802.0,5.0,818.0,16.0,,0.0,,0.0,,0.0,753.5,16.0,200.0,1.0,,0.0,,0.0,,0.0
2023-04-27 21:13:51.75,1682601231750000000,,,,1312.0,0.0,0.0,803.5,5.0,818.0,16.0,,0.0,,0.0,,0.0,753.5,16.0,200.0,1.0,,0.0,,0.0,,0.0
2023-04-27 21:14:00.0,1682601240000000000,,,,1312.0,0.0,0.0,802.0,5.0,818.0,16.0,,0.0,,0.0,,0.0,753.5,16.0,200.0,1.0,,0.0,,0.0,,0.0
2023-04-27 21:14:07.5,1682601247500000000,,,,1312.0,0.0,0.0,800.5,5.0,818.0,16.0,,0.0,,0.0,,0.0,753.5,16.0,200.0,1.0,,0.0,,0.0,,0.0
2023-04-27 21:14:29.0,1682601269000000000,,,,1312.0,0.0,0.0,799.0,5.0,818.0,16.0,,0.0,,0.0,,0.0,753.5,16.0,200.0,1.0,,0.0,,0.0,,0.0
2023-04-27 21:14:36.0,1682601276000000000,,,,1312.0,0.0,0.0,797.5,5.0,818.0,16.0,,0.0,,0.0,,0.0,753.5,16.0,200.0,1.0,,0.0,,0.0,,0.0
2023-04-27 21:14:57.5,1682601297500000000,,,,1312.0,0.0,0.0,796.0,5.0,818.0,16.0,,0.0,,0.0,,0.0,753.5,16.0,200.0,1.0,,0.0,,0.0,,0.0
2023-04-27 21:15:00.5,1682601300500000000,,,,1312.0,0.0,0.0,797.5,5.0,818.0,16.0,,0.0,,0.0,,0.0,753.5,16.0,200.0,1.0,,0.0,,0.0,,0.0
2023-04-27 21:15:04.25,1682601304250000000,,,,1312.0,0.0,0.0,796.0,5.0,818.0,16.0,,0.0,,0.0,,0.0,753.5,16.0,200.0,1.0,,0.0,,0.0,,0.0
2023-04-27 21:15:12.25,1682601312250000000,,,,1312.0,0.0,0.0,797.5,5.0,818.0,16.0,,0.0,,0.0,,0.0,753.5,16.0,200.0,1.0,,0.0,,0.0,,0.0
2023-04-27 21:15:18.0,1682601318000000000,,,,1312.0,0.0,0.0,799.0,5.0,818.0,16.0,,0.0,,0.0,,0.0,753.5,16.0,200.0,1.0,,0.0,,0.0,,0.0
2023-04-27 21:15:33.5,1682601333500000000,,,,1312.0,0.0,0.0,800.5,5.0,818.0,16.0,,0.0,,0.0,,0.0,753.5,16.0,200.0,1.0,,0.0,,0.0,,0.0
2023-04-27 21:15:34.5,1682601334500000000,,,,1312.0,0.0,0.0,802.0,5.0,818.0,16.0,,0.0,,0.0,,0.0,753.5,16.0,200.0,1.0,,0.0,,0.0,,0.0
2023-04-27 21:15:43.0,1682601343000000000,,,,1312.0,0.0,0.0,800.5,5.0,818.0,16.0,,0.0,,0.0,,0.0,753.5,16.0,200.0,1.0,,0.0,,0.0,,0.0
2023-04-27 21:15:50.25,1682601350250000000,,,,1312.0,0.0,0.0,802.0,5.0,818.0,16.0,,0.0,,0.0,,0.0,753.5,16.0,200.0,1.0,,0.0,,0.0,,0.0
2023-04-27 21:15:51.5,1682601351500000000,,,,1312.0,0.0,0.0,800.5,5.0,818.0,16.0,,0.0,,0.0,,0.0,753.5,16.0,200.0,1.0,,0.0,,0.0,,0.0
2023-04-27 21:15:56.0,1682601356000000000,,,,1312.0,0.0,0.0,802.0,5.0,818.0,16.0,,0.0,,0.0,,0.0,753.5,16.0,200.0,1.0,,0.0,,0.0,,0.0
2023-04-27 21:16:26.75,1682601386750000000,,,,1312.0,0.0,0.0,804.5,5.0,818.0,16.0,,0.0,,0.0,,0.0,753.5,16.0,200.0,1.0,,0.0,,0.0,,0.0
2023-04-27 21:16:36.25,1682601396250000000,,,,1312.0,0.0,0.0,803.0,5.0,818.0,16.0,,0.0,,0.0,,0.0,753.5,16.0,200.0,1.0,,0.0,,0.0,,0.0
2023-04-27 21:16:53.75,1682601413750000000,,,,1312.0,0.0,0.0,801.0,5.0,818.0,16.0,,0.0,,0.0,,0.0,753.5,16.0,200.0,1.0,,0.0,,0.0,,0.0
2023-04-27 21:17:10.25,1682601430250000000,,,,1312.0,0.0,0.0,799.5,5.0,818.0,16.0,,0.0,,0.0,,0.0,753.5,16.0,200.0,1.0,,0.0,,0.0,,0.0
2023-04-27 21:17:20.5,1682601440500000000,,,,1312.0,0.0,0.0,798.0,5.0,818.0,16.0,,0.0,,0.0,,0.0,753.5,16.0,200.0,1.0,,0.0,,0.0,,0.0
2023-04-27 21:17:43.75,1682601463750000000,,,,1312.0,0.0,0.0,796.5,5.0,818.0,16.0,,0.0,,0.0,,0.0,753.5,16.0,200.0,1.0,,0.0,,0.0,,0.0
2023-04-27 21:17:56.25,1682601476250000000,,,,1312.0,0.0,0.0,794.5,5.0,818.0,16.0,,0.0,,0.0,,0.0,753.5,16.0,200.0,1.0,,0.0,,0.0,,0.0
2023-04-27 21:17:56.5,1682601476500000000,,,,1312.0,0.0,0.0,792.5,5.0,818.0,16.0,,0.0,,0.0,,0.0,753.5,16.0,200.0,1.0,,0.0,,0.0,,0.0
2023-04-27 21:18:06.5,1682601486500000000,,,,1312.0,0.0,0.0,794.0,5.0,818.0,16.0,,0.0,,0.0,,0.0,753.5,16.0,200.0,1.0,,0.0,,0.0,,0.0
2023-04-27 21:18:13.0,1682601493000000000,,,,1312.0,0.0,0.0,792.5,5.0,818.0,16.0,,0.0,,0.0,,0.0,753.5,16.0,200.0,1.0,,0.0,,0.0,,0.0
2023-04-27 21:18:15.0,1682601495000000000,,,,1312.0,0.0,0.0,791.0,5.0,818.0,16.0,,0.0,,0.0,,0.0,753.5,16.0,200.0,1.0,,0.0,,0.0,,0.0
2023-04-27 21:18:23.0,1682601503000000000,,,,1312.0,0.0,0.0,792.5,5.0,818.0,16.0,,0.0,,0.0,,0.0,753.5,16.0,200.0,1.0,,0.0,,0.0,,0.0
2023-04-27 21:18:32.0,1682601512000000000,,,,1312.0,0.0,0.0,794.5,5.0,818.0,16.0,,0.0,,0.0,,0.0,753.5,16.0,200.0,1.0,,0.0,,0.0,,0.0
2023-04-27 21:18:55.75,1682601535750000000,,,,1312.0,0.0,0.0,796.5,5.0,818.0,16.0,,0.0,,0.0,,0.0,753.5,16.0,200.0,1.0,,0.0,,0.0,,0.0
2023-04-27 21:19:27.75,1682601567750000000,,,,1312.0,0.0,0.0,798.0,5.0,818.0,16.0,,0.0,,0.0,,0.0,753.5,16.0,200.0,1.0,,0.0,,0.0,,0.0
2023-04-27 21:19:45.0,1682601585000000000,,,,1312.0,0.0,0.0,799.5,5.0,818.0,16.0,,0.0,,0.0,,0.0,753.5,16.0,200.0,1.0,,0.0,,0.0,,0.0
2023-04-27 21:20:00.75,1682601600750000000,,,,1312.0,0.0,0.0,801.0,5.0,818.0,16.0,,0.0,,0.0,,0.0,753.5,16.0,200.0,1.0,,0.0,,0.0,,0.0
2023-04-27 21:20:09.75,1682601609750000000,,,,1312.0,0.0,0.0,799.5,5.0,818.0,16.0,,0.0,,0.0,,0.0,753.5,16.0,200.0,1.0,,0.0,,0.0,,0.0
2023-04-27 21:20:37.0,1682601637000000000,,,,1312.0,0.0,0.0,798.0,5.0,818.0,16.0,,0.0,,0.0,,0.0,753.5,16.0,200.0,1.0,,0.0,,0.0,,0.0
2023-04-27 21:21:12.75,1682601672750000000,,,,1312.0,0.0,0.0,796.5,5.0,818.0,16.0,,0.0,,0.0,,0.0,753.5,16.0,200.0,1.0,,0.0,,0.0,,0.0
2023-04-27 21:21:21.5,1682601681500000000,,,,1312.0,0.0,0.0,795.0,5.0,818.0,16.0,,0.0,,0.0,,0.0,753.5,16.0,200.0,1.0,,0.0,,0.0,,0.0
2023-04-27 21:21:24.5,1682601684500000000,,,,1312.0,0.0,0.0,793.5,5.0,818.0,16.0,,0.0,,0.0,,0.0,753.5,16.0,200.0,1.0,,0.0,,0.0,,0.0
2023-04-27 21:21:41.0,1682601701000000000,,,,1312.0,0.0,0.0,795.0,5.0,818.0,16.0,,0.0,,0.0,,0.0,753.5,16.0,200.0,1.0,,0.0,,0.0,,0.0
2023-04-27 21:22:14.25,1682601734250000000,,,,1312.0,0.0,0.0,796.5,5.0,818.0,16.0,,0.0,,0.0,,0.0,753.5,16.0,200.0,1.0,,0.0,,0.0,,0.0
2023-04-27 21:22:40.5,1682601760500000000,,,,1312.0,0.0,0.0,798.5,5.0,818.0,16.0,,0.0,,0.0,,0.0,753.5,16.0,200.0,1.0,,0.0,,0.0,,0.0
2023-04-27 21:22:46.0,1682601766000000000,,,,1312.0,0.0,0.0,797.0,5.0,818.0,16.0,,0.0,,0.0,,0.0,753.5,16.0,200.0,1.0,,0.0,,0.0,,0.0
2023-04-27 21:23:14.75,1682601794750000000,,,,1312.0,0.0,0.0,798.5,5.0,818.0,16.0,,0.0,,0.0,,0.0,753.5,16.0,200.0,1.0,,0.0,,0.0,,0.0
2023-04-27 21:23:18.0,1682601798000000000,,,,1312.0,0.0,0.0,797.0,5.0,818.0,16.0,,0.0,,0.0,,0.0,753.5,16.0,200.0,1.0,,0.0,,0.0,,0.0
2023-04-27 21:23:23.0,1682601803000000000,,,,1312.0,0.0,0.0,795.0,5.0,818.0,16.0,,0.0,,0.0,,0.0,753.5,16.0,200.0,1.0,,0.0,,0.0,,0.0
2023-04-27 21:23:52.5,1682601832500000000,,,,1312.0,0.0,0.0,793.0,1.0,795.0,5.0,818.0,16.0,,0.0,,0.0,753.5,16.0,200.0,1.0,,0.0,,0.0,,0.0
2023-04-27 21:24:00.75,1682601840750000000,,,,1312.0,0.0,0.0,793.0,1.0,793.5,5.0,818.0,16.0,,0.0,,0.0,753.5,16.0,200.0,1.0,,0.0,,0.0,,0.0
2023-04-27 21:24:02.75,1682601842750000000,,,,1312.0,0.0,0.0,791.0,5.0,793.0,1.0,818.0,16.0,,0.0,,0.0,753.5,16.0,200.0,1.0,,0.0,,0.0,,0.0
2023-04-27 21:24:14.5,1682601854500000000,,,,1312.0,0.0,0.0,792.5,5.0,793.0,1.0,818.0,16.0,,0.0,,0.0,753.5,16.0,200.0,1.0,,0.0,,0.0,,0.0
2023-04-27 21:24:19.75,1682601859750000000,,,,1312.0,0.0,0.0,791.0,5.0,793.0,1.0,818.0,16.0,,0.0,,0.0,753.5,16.0,200.0,1.0,,0.0,,0.0,,0.0
2023-04-27 21:24:25.25,1682601865250000000,,,,1312.0,0.0,0.0,789.0,1.0,791.0,5.0,818.0,16.0,,0.0,,0.0,753.5,16.0,200.0,1.0,,0.0,,0.0,,0.0
2023-04-27 21:24:54.25,1682601894250000000,,,,1312.0,0.0,0.0,789.0,1.0,789.5,5.0,818.0,16.0,,0.0,,0.0,753.5,16.0,200.0,1.0,,0.0,,0.0,,0.0
2023-04-27 21:25:11.5,1682601911500000000,,,,1312.0,0.0,0.0,789.0,1.0,791.0,5.0,818.0,16.0,,0.0,,0.0,753.5,16.0,200.0,1.0,,0.0,,0.0,,0.0
2023-04-27 21:25:15.75,1682601915750000000,789.0,789.0,789.0,1311.0,1.0,7890.0,791.0,5.0,818.0,16.0,,0.0,,0.0,,0.0,753.5,16.0,200.0,1.0,,0.0,,0.0,,0.0
2023-04-27 21:25:16.0,1682601916000000000,789.0,789.0,789.0,1311.0,1.0,7890.0,791.0,5.0,818.0,16.0,,0.0,,0.0,,0.0,754.0,1.0,753.5,16.0,200.0,1.0,,0.0,,0.0
2023-04-27 21:25:18.75,1682601918750000000,789.0,789.0,789.0,1311.0,1.0,7890.0,793.5,5.0,818.0,16.0,,0.0,,0.0,,0.0,754.0,1.0,753.5,16.0,200.0,1.0,,0.0,,0.0
2023-04-27 21:25:43.0,1682601943000000000,789.0,789.0,789.0,1311.0,1.0,7890.0,792.0,5.0,818.0,16.0,,0.0,,0.0,,0.0,754.0,1.0,753.5,16.0,200.0,1.0,,0.0,,0.0
2023-04-27 21:25:53.0,1682601953000000000,789.0,789.0,789.0,1311.0,1.0,7890.0,793.5,5.0,818.0,16.0,,0.0,,0.0,,0.0,754.0,1.0,753.5,16.0,200.0,1.0,,0.0,,0.0
2023-04-27 21:26:07.75,1682601967750000000,789.0,789.0,789.0,1311.0,1.0,7890.0,792.0,5.0,818.0,16.0,,0.0,,0.0,,0.0,754.0,1.0,753.5,16.0,200.0,1.0,,0.0,,0.0
2023-04-27 21:26:38.5,1682601998500000000,789.0,789.0,789.0,1311.0,1.0,7890.0,790.5,5.0,818.0,16.0,,0.0,,0.0,,0.0,754.0,1.0,753.5,16.0,200.0,1.0,,0.0,,0.0
2023-04-27 21:27:37.25,1682602057250000000,789.0,789.0,789.0,1311.0,1.0,7890.0,792.0,5.0,818.0,16.0,,0.0,,0.0,,0.0,754.0,1.0,753.5,16.0,200.0,1.0,,0.0,,0.0
2023-04-27 21:28:12.0,1682602092000000000,789.0,789.0,789.0,1311.0,1.0,7890.0,794.0,5.0,818.0,16.0,,0.0,,0.0,,0.0,754.0,1.0,753.5,16.0,200.0,1.0,,0.0,,0.0
2023-04-27 21:28:16.0,1682602096000000000,789.0,789.0,789.0,1311.0,1.0,7890.0,795.5,5.0,818.0,16.0,,0.0,,0.0,,0.0,754.0,1.0,753.5,16.0,200.0,1.0,,0.0,,0.0
2023-04-27 21:28:17.25,1682602097250000000,789.0,789.0,789.0,1311.0,1.0,7890.0,797.0,5.0,818.0,16.0,,0.0,,0.0,,0.0,754.0,1.0,753.5,16.0,200.0,1.0,,0.0,,0.0
2023-04-27 21:28:27.75,1682602107750000000,789.0,789.0,789.0,1311.0,1.0,7890.0,798.5,5.0,818.0,16.0,,0.0,,0.0,,0.0,754.0,1.0,753.5,16.0,200.0,1.0,,0.0,,0.0
2023-04-27 21:28:43.75,1682602123750000000,789.0,789.0,789.0,1311.0,1.0,7890.0,797.0,5.0,818.0,16.0,,0.0,,0.0,,0.0,754.0,1.0,753.5,16.0,200.0,1.0,,0.0,,0.0
2023-04-27 21:29:26.5,1682602166500000000,789.0,789.0,789.0,1311.0,1.0,7890.0,798.5,5.0,818.0,16.0,,0.0,,0.0,,0.0,754.0,1.0,753.5,16.0,200.0,1.0,,0.0,,0.0
2023-04-27 21:29:42.0,1682602182000000000,789.0,789.0,789.0,1311.0,1.0,7890.0,797.0,5.0,818.0,16.0,,0.0,,0.0,,0.0,754.0,1.0,753.5,16.0,200.0,1.0,,0.0,,0.0
2023-04-27 21:29:48.25,1682602188250000000,789.0,789.0,789.0,1311.0,1.0,7890.0,795.5,5.0,818.0,16.0,,0.0,,0.0,,0.0,754.0,1.0,753.5,16.0,200.0,1.0,,0.0,,0.0
2023-04-27 21:29:56.0,1682602196000000000,789.0,789.0,789.0,1311.0,1.0,7890.0,797.0,5.0,818.0,16.0,,0.0,,0.0,,0.0,754.0,1.0,753.5,16.0,200.0,1.0,,0.0,,0.0
2023-04-27 21:30:16.25,1682602216250000000,789.0,789.0,789.0,1311.0,1.0,7890.0,798.5,5.0,818.0,16.0,,0.0,,0.0,,0.0,754.0,1.0,753.5,16.0,200.0,1.0,,0.0,,0.0
2023-04-27 21:30:55.75,1682602255750000000,789.0,789.0,789.0,1311.0,1.0,7890.0,797.0,5.0,818.0,16.0,,0.0,,0.0,,0.0,754.0,1.0,753.5,16.0,200.0,1.0,,0.0,,0.0
2023-04-27 21:31:09.5,1682602269500000000,789.0,789.0,789.0,1311.0,1.0,7890.0,795.5,5.0,818.0,16.0,,0.0,,0.0,,0.0,754.0,1.0,753.5,16.0,200.0,1.0,,0.0,,0.0
2023-04-27 21:31:32.25,1682602292250000000,789.0,789.0,789.0,1311.0,1.0,7890.0,797.0,5.0,818.0,16.0,,0.0,,0.0,,0.0,754.0,1.0,753.5,16.0,200.0,1.0,,0.0,,0.0
2023-04-27 21:31:44.0,1682602304000000000,789.0,789.0,789.0,1311.0,1.0,7890.0,799.0,5.0,818.0,16.0,,0.0,,0.0,,0.0,754.0,1.0,753.5,16.0,200.0,1.0,,0.0,,0.0
2023-04-27 21:31:49.25,1682602309250000000,789.0,789.0,789.0,1311.0,1.0,7890.0,797.5,5.0,818.0,16.0,,0.0,,0.0,,0.0,754.0,1.0,753.5,16.0,200.0,1.0,,0.0,,0.0
2023-04-27 21:32:12.0,1682602332000000000,789.0,789.0,789.0,1311.0,1.0,7890.0,801.5,5.0,818.0,16.0,,0.0,,0.0,,0.0,754.0,1.0,753.5,16.0,200.0,1.0,,0.0,,0.0
2023-04-27 21:32:12.25,1682602332250000000,789.0,789.0,789.0,1311.0,1.0,7890.0,818.0,16.0,,0.0,,0.0,,0.0,,0.0,754.0,1.0,753.5,16.0,200.0,1.0,,0.0,,0.0
2023-04-27 21:32:53.75,1682602373750000000,789.0,789.0,789.0,1311.0,1.0,7890.0,803.5,5.0,818.0,16.0,,0.0,,0.0,,0.0,754.0,1.0,753.5,16.0,200.0,1.0,,0.0,,0.0
2023-04-27 21:32:58.75,1682602378750000000,789.0,789.0,789.0,1311.0,1.0,7890.0,805.0,5.0,818.0,16.0,,0.0,,0.0,,0.0,754.0,1.0,753.5,16.0,200.0,1.0,,0.0,,0.0
2023-04-27 21:33:04.0,1682602384000000000,789.0,789.0,789.0,1311.0,1.0,7890.0,806.5,5.0,818.0,16.0,,0.0,,0.0,,0.0,754.0,1.0,753.5,16.0,200.0,1.0,,0.0,,0.0
2023-04-27 21:33:26.5,1682602406500000000,789.0,789.0,789.0,1311.0,1.0,7890.0,806.5,5.0,818.0,16.0,,0.0,,0.0,,0.0,775.5,16.0,754.0,1.0,200.0,1.0,,0.0,,0.0
2023-04-27 21:33:44.0,1682602424000000000,789.0,789.0,789.0,1311.0,1.0,7890.0,805.0,5.0,818.0,16.0,,0.0,,0.0,,0.0,775.5,16.0,754.0,1.0,200.0,1.0,,0.0,,0.0
2023-04-27 21:34:01.75,1682602441750000000,789.0,789.0,789.0,1311.0,1.0,7890.0,803.5,5.0,818.0,16.0,,0.0,,0.0,,0.0,775.5,16.0,754.0,1.0,200.0,1.0,,0.0,,0.0
2023-04-27 21:34:03.25,1682602443250000000,789.0,789.0,789.0,1311.0,1.0,7890.0,802.0,5.0,818.0,16.0,,0.0,,0.0,,0.0,775.5,16.0,754.0,1.0,200.0,1.0,,0.0,,0.0
2023-04-27 21:34:07.0,1682602447000000000,789.0,789.0,789.0,1311.0,1.0,7890.0,800.5,5.0,818.0,16.0,,0.0,,0.0,,0.0,775.5,16.0,754.0,1.0,200.0,1.0,,0.0,,0.0
2023-04-27 21:34:11.75,1682602451750000000,789.0,789.0,789.0,1311.0,1.0,7890.0,802.0,5.0,818.0,16.0,,0.0,,0.0,,0.0,775.5,16.0,754.0,1.0,200.0,1.0,,0.0,,0.0
2023-04-27 21:34:20.25,1682602460250000000,789.0,789.0,789.0,1311.0,1.0,7890.0,800.5,5.0,818.0,16.0,,0.0,,0.0,,0.0,775.5,16.0,754.0,1.0,200.0,1.0,,0.0,,0.0
2023-04-27 21:34:26.0,1682602466000000000,789.0,789.0,789.0,1311.0,1.0,7890.0,802.0,5.0,818.0,16.0,,0.0,,0.0,,0.0,775.5,16.0,754.0,1.0,200.0,1.0,,0.0,,0.0
2023-04-27 21:34:58.75,1682602498750000000,789.0,789.0,789.0,1311.0,1.0,7890.0,803.5,5.0,818.0,16.0,,0.0,,0.0,,0.0,775.5,16.0,754.0,1.0,200.0,1.0,,0.0,,0.0
2023-04-27 21:35:00.5,1682602500500000000,789.0,789.0,789.0,1311.0,1.0,7890.0,802.0,5.0,818.0,16.0,,0.0,,0.0,,0.0,775.5,16.0,754.0,1.0,200.0,1.0,,0.0,,0.0
2023-04-27 21:35:39.0,1682602539000000000,789.0,789.0,789.0,1311.0,1.0,7890.0,800.5,5.0,818.0,16.0,,0.0,,0.0,,0.0,775.5,16.0,754.0,1.0,200.0,1.0,,0.0,,0.0
2023-04-27 21:35:41.0,1682602541000000000,789.0,789.0,789.0,1311.0,1.0,7890.0,798.0,5.0,818.0,16.0,,0.0,,0.0,,0.0,775.5,16.0,754.0,1.0,200.0,1.0,,0.0,,0.0
2023-04-27 21:35:42.5,1682602542500000000,789.0,789.0,789.0,1311.0,1.0,7890.0,799.5,5.0,818.0,16.0,,0.0,,0.0,,0.0,775.5,16.0,754.0,1.0,200.0,1.0,,0.0,,0.0
2023-04-27 21:35:50.75,1682602550750000000,789.0,789.0,789.0,1311.0,1.0,7890.0,801.5,5.0,818.0,16.0,,0.0,,0.0,,0.0,775.5,16.0,754.0,1.0,200.0,1.0,,0.0,,0.0
2023-04-27 21:36:05.0,1682602565000000000,789.0,789.0,789.0,1311.0,1.0,7890.0,800.0,5.0,818.0,16.0,,0.0,,0.0,,0.0,775.5,16.0,754.0,1.0,200.0,1.0,,0.0,,0.0
2023-04-27 21:36:59.75,1682602619750000000,789.0,789.0,789.0,1311.0,1.0,7890.0,801.5,5.0,818.0,16.0,,0.0,,0.0,,0.0,775.5,16.0,754.0,1.0,200.0,1.0,,0.0,,0.0
2023-04-27 21:37:00.0,1682602620000000000,789.0,789.0,789.0,1311.0,1.0,7890.0,803.5,5.0,818.0,16.0,,0.0,,0.0,,0.0,775.5,16.0,754.0,1.0,200.0,1.0,,0.0,,0.0
2023-04-27 21:37:09.75,1682602629750000000,789.0,789.0,789.0,1311.0,1.0,7890.0,802.0,5.0,818.0,16.0,,0.0,,0.0,,0.0,775.5,16.0,754.0,1.0,200.0,1.0,,0.0,,0.0
2023-04-27 21:37:22.75,1682602642750000000,789.0,789.0,789.0,1311.0,1.0,7890.0,800.5,5.0,818.0,16.0,,0.0,,0.0,,0.0,775.5,16.0,754.0,1.0,200.0,1.0,,0.0,,0.0
2023-04-27 21:37:26.0,1682602646000000000,789.0,789.0,789.0,1311.0,1.0,7890.0,799.5,5.0,818.0,16.0,,0.0,,0.0,,0.0,775.5,16.0,754.0,1.0,200.0,1.0,,0.0,,0.0
2023-04-27 21:37:26.25,1682602646250000000,789.0,789.0,789.0,1311.0,1.0,7890.0,798.0,5.0,818.0,16.0,,0.0,,0.0,,0.0,775.5,16.0,754.0,1.0,200.0,1.0,,0.0,,0.0
2023-04-27 21:37:37.25,1682602657250000000,789.0,789.0,789.0,1311.0,1.0,7890.0,796.0,5.0,818.0,16.0,,0.0,,0.0,,0.0,775.5,16.0,754.0,1.0,200.0,1.0,,0.0,,0.0
2023-04-27 21:37:40.5,1682602660500000000,789.0,789.0,789.0,1311.0,1.0,7890.0,797.5,5.0,818.0,16.0,,0.0,,0.0,,0.0,775.5,16.0,754.0,1.0,200.0,1.0,,0.0,,0.0
2023-04-27 21:37:48.0,1682602668000000000,789.0,789.0,789.0,1311.0,1.0,7890.0,796.0,5.0,818.0,16.0,,0.0,,0.0,,0.0,775.5,16.0,754.0,1.0,200.0,1.0,,0.0,,0.0
2023-04-27 21:38:02.25,1682602682250000000,789.0,789.0,789.0,1311.0,1.0,7890.0,794.5,5.0,818.0,16.0,,0.0,,0.0,,0.0,775.5,16.0,754.0,1.0,200.0,1.0,,0.0,,0.0
2023-04-27 21:38:08.5,1682602688500000000,789.0,789.0,789.0,1311.0,1.0,7890.0,796.0,5.0,818.0,16.0,,0.0,,0.0,,0.0,775.5,16.0,754.0,1.0,200.0,1.0,,0.0,,0.0
2023-04-27 21:38:14.0,1682602694000000000,789.0,789.0,789.0,1311.0,1.0,7890.0,797.5,5.0,818.0,16.0,,0.0,,0.0,,0.0,775.5,16.0,754.0,1.0,200.0,1.0,,0.0,,0.0
2023-04-27 21:38:32.0,1682602712000000000,789.0,789.0,789.0,1311.0,1.0,7890.0,796.0,5.0,818.0,16.0,,0.0,,0.0,,0.0,775.5,16.0,754.0,1.0,200.0,1.0,,0.0,,0.0
2023-04-27 21:39:10.25,1682602750250000000,789.0,789.0,789.0,1311.0,1.0,7890.0,797.5,5.0,818.0,16.0,,0.0,,0.0,,0.0,775.5,16.0,754.0,1.0,200.0,1.0,,0.0,,0.0
2023-04-27 21:39:26.5,1682602766500000000,789.0,789.0,789.0,1311.0,1.0,7890.0,796.0,1.0,797.5,5.0,818.0,16.0,,0.0,,0.0,775.5,16.0,754.0,1.0,200.0,1.0,,0.0,,0.0
2023-04-27 21:39:28.25,1682602768250000000,796.0,796.0,789.0,1310.0,2.0,15850.0,797.5,5.0,818.0,16.0,,0.0,,0.0,,0.0,775.5,16.0,754.0,1.0,200.0,1.0,,0.0,,0.0
2023-04-27 21:39:28.75,1682602768750000000,796.0,796.0,789.0,1310.0,2.0,15850.0,797.5,5.0,818.0,16.0,,0.0,,0.0,,0.0,776.0,1.0,775.5,16.0,754.0,1.0,200.0,1.0,,0.0
2023-04-27 21:39:29.0,1682602769000000000,796.0,796.0,789.0,1310.0,2.0,15850.0,799.0,5.0,818.0,16.0,,0.0,,0.0,,0.0,776.0,1.0,775.5,16.0,754.0,1.0,200.0,1.0,,0.0
2023-04-27 21:39:50.5,1682602790500000000,796.0,796.0,789.0,1310.0,2.0,15850.0,797.5,5.0,818.0,16.0,,0.0,,0.0,,0.0,776.0,1.0,775.5,16.0,754.0,1.0,200.0,1.0,,0.0
2023-04-27 21:40:00.75,1682602800750000000,796.0,796.0,789.0,1310.0,2.0,15850.0,796.0,5.0,818.0,16.0,,0.0,,0.0,,0.0,776.0,1.0,775.5,16.0,754.0,1.0,200.0,1.0,,0.0
2023-04-27 21:40:15.5,1682602815500000000,796.0,796.0,789.0,1310.0,2.0,15850.0,796.0,5.0,818.0,16.0,,0.0,,0.0,,0.0,777.0,100.0,776.0,1.0,775.5,16.0,754.0,1.0,200.0,1.0
2023-04-27 21:40:34.5,1682602834500000000,796.0,796.0,789.0,1310.0,2.0,15850.0,797.5,5.0,818.0,16.0,,0.0,,0.0,,0.0,777.0,100.0,776.0,1.0,775.5,16.0,754.0,1.0,200.0,1.0
2023-04-27 21:41:02.0,1682602862000000000,796.0,796.0,789.0,1310.0,2.0,15850.0,796.0,5.0,818.0,16.0,,0.0,,0.0,,0.0,777.0,100.0,776.0,1.0,775.5,16.0,754.0,1.0,200.0,1.0
2023-04-27 21:41:14.25,1682602874250000000,796.0,796.0,789.0,1310.0,2.0,15850.0,797.5,5.0,818.0,16.0,,0.0,,0.0,,0.0,777.0,100.0,776.0,1.0,775.5,16.0,754.0,1.0,200.0,1.0
2023-04-27 21:41:17.25,1682602877250000000,796.0,796.0,789.0,1310.0,2.0,15850.0,796.0,5.0,818.0,16.0,,0.0,,0.0,,0.0,777.0,100.0,776.0,1.0,775.5,16.0,754.0,1.0,200.0,1.0
2023-04-27 21:41:36.5,1682602896500000000,796.0,796.0,789.0,1310.0,2.0,15850.0,794.5,5.0,818.0,16.0,,0.0,,0.0,,0.0,777.0,100.0,776.0,1.0,775.5,16.0,754.0,1.0,200.0,1.0
2023-04-27 21:41:42.75,1682602902750000000,796.0,796.0,789.0,1310.0,2.0,15850.0,794.5,5.0,818.0,16.0,,0.0,,0.0,,0.0,777.0,100.0,775.5,16.0,754.0,1.0,200.0,1.0,,0.0
2023-04-27 21:42:02.0,1682602922000000000,796.0,796.0,789.0,1310.0,2.0,15850.0,792.5,5.0,818.0,16.0,,0.0,,0.0,,0.0,777.0,100.0,775.5,16.0,754.0,1.0,200.0,1.0,,0.0
2023-04-27 21:42:02.5,1682602922500000000,796.0,796.0,789.0,1310.0,2.0,15850.0,794.0,5.0,818.0,16.0,,0.0,,0.0,,0.0,777.0,100.0,775.5,16.0,754.0,1.0,200.0,1.0,,0.0
2023-04-27 21:42:31.0,1682602951000000000,796.0,796.0,789.0,1310.0,2.0,15850.0,795.5,5.0,818.0,16.0,,0.0,,0.0,,0.0,777.0,100.0,775.5,16.0,754.0,1.0,200.0,1.0,,0.0
2023-04-27 21:43:05.0,1682602985000000000,796.0,796.0,789.0,1310.0,2.0,15850.0,797.0,5.0,818.0,16.0,,0.0,,0.0,,0.0,777.0,100.0,775.5,16.0,754.0,1.0,200.0,1.0,,0.0
2023-04-27 21:43:06.25,1682602986250000000,796.0,796.0,789.0,1310.0,2.0,15850.0,800.0,5.0,818.0,16.0,,0.0,,0.0,,0.0,777.0,100.0,775.5,16.0,754.0,1.0,200.0,1.0,,0.0
2023-04-27 21:43:09.75,1682602989750000000,796.0,796.0,789.0,1310.0,2.0,15850.0,798.5,5.0,818.0,16.0,,0.0,,0.0,,0.0,777.0,100.0,775.5,16.0,754.0,1.0,200.0,1.0,,0.0
2023-04-27 21:43:13.25,1682602993250000000,796.0,796.0,789.0,1310.0,2.0,15850.0,800.0,5.0,818.0,16.0,,0.0,,0.0,,0.0,777.0,100.0,775.5,16.0,754.0,1.0,200.0,1.0,,0.0
2023-04-27 21:43:44.5,1682603024500000000,796.0,796.0,789.0,1310.0,2.0,15850.0,802.0,5.0,818.0,16.0,,0.0,,0.0,,0.0,777.0,100.0,775.5,16.0,754.0,1.0,200.0,1.0,,0.0
2023-04-27 21:44:19.25,1682603059250000000,796.0,796.0,789.0,1310.0,2.0,15850.0,800.5,5.0,818.0,16.0,,0.0,,0.0,,0.0,777.0,100.0,775.5,16.0,754.0,1.0,200.0,1.0,,0.0
2023-04-27 21:45:00.75,1682603100750000000,796.0,796.0,789.0,1310.0,2.0,15850.0,802.5,5.0,818.0,16.0,,0.0,,0.0,,0.0,777.0,100.0,775.5,16.0,754.0,1.0,200.0,1.0,,0.0
2023-04-27 21:45:03.5,1682603103500000000,796.0,796.0,789.0,1310.0,2.0,15850.0,800.0,5.0,818.0,16.0,,0.0,,0.0,,0.0,777.0,100.0,775.5,16.0,754.0,1.0,200.0,1.0,,0.0
2023-04-27 21:45:06.0,1682603106000000000,796.0,796.0,789.0,1310.0,2.0,15850.0,801.5,5.0,818.0,16.0,,0.0,,0.0,,0.0,777.0,100.0,775.5,16.0,754.0,1.0,200.0,1.0,,0.0
2023-04-27 21:46:03.75,1682603163750000000,796.0,796.0,789.0,1310.0,2.0,15850.0,803.5,5.0,818.0,16.0,,0.0,,0.0,,0.0,777.0,100.0,775.5,16.0,754.0,1.0,200.0,1.0,,0.0
2023-04-27 21:46:12.5,1682603172500000000,796.0,796.0,789.0,1310.0,2.0,15850.0,802.0,5.0,818.0,16.0,,0.0,,0.0,,0.0,777.0,100.0,775.5,16.0,754.0,1.0,200.0,1.0,,0.0
2023-04-27 21:46:31.5,1682603191500000000,796.0,796.0,789.0,1310.0,2.0,15850.0,803.5,5.0,818.0,16.0,,0.0,,0.0,,0.0,777.0,100.0,775.5,16.0,754.0,1.0,200.0,1.0,,0.0
2023-04-27 21:46:38.0,1682603198000000000,796.0,796.0,789.0,1310.0,2.0,15850.0,802.0,5.0,818.0,16.0,,0.0,,0.0,,0.0,777.0,100.0,775.5,16.0,754.0,1.0,200.0,1.0,,0.0
2023-04-27 21:46:43.75,1682603203750000000,796.0,796.0,789.0,1310.0,2.0,15850.0,800.5,5.0,818.0,16.0,,0.0,,0.0,,0.0,777.0,100.0,775.5,16.0,754.0,1.0,200.0,1.0,,0.0
2023-04-27 21:47:19.75,1682603239750000000,796.0,796.0,789.0,1310.0,2.0,15850.0,799.0,5.0,818.0,16.0,,0.0,,0.0,,0.0,777.0,100.0,775.5,16.0,754.0,1.0,200.0,1.0,,0.0
2023-04-27 21:47:49.0,1682603269000000000,796.0,796.0,789.0,1310.0,2.0,15850.0,800.5,5.0,818.0,16.0,,0.0,,0.0,,0.0,777.0,100.0,775.5,16.0,754.0,1.0,200.0,1.0,,0.0
2023-04-27 21:48:02.25,1682603282250000000,796.0,796.0,789.0,1310.0,2.0,15850.0,799.0,5.0,818.0,16.0,,0.0,,0.0,,0.0,777.0,100.0,775.5,16.0,754.0,1.0,200.0,1.0,,0.0
2023-04-27 21:48:09.75,1682603289750000000,796.0,796.0,789.0,1310.0,2.0,15850.0,800.5,5.0,818.0,16.0,,0.0,,0.0,,0.0,777.0,100.0,775.5,16.0,754.0,1.0,200.0,1.0,,0.0
2023-04-27 21:48:23.5,1682603303500000000,796.0,796.0,789.0,1310.0,2.0,15850.0,802.0,5.0,818.0,16.0,,0.0,,0.0,,0.0,777.0,100.0,775.5,16.0,754.0,1.0,200.0,1.0,,0.0
2023-04-27 21:48:27.75,1682603307750000000,796.0,796.0,789.0,1310.0,2.0,15850.0,803.5,5.0,818.0,16.0,,0.0,,0.0,,0.0,777.0,100.0,775.5,16.0,754.0,1.0,200.0,1.0,,0.0
2023-04-27 21:48:44.25,1682603324250000000,796.0,796.0,789.0,1310.0,2.0,15850.0,802.0,5.0,818.0,16.0,,0.0,,0.0,,0.0,777.0,100.0,775.5,16.0,754.0,1.0,200.0,1.0,,0.0
2023-04-27 21:48:58.25,1682603338250000000,796.0,796.0,789.0,1310.0,2.0,15850.0,800.0,5.0,818.0,16.0,,0.0,,0.0,,0.0,777.0,100.0,775.5,16.0,754.0,1.0,200.0,1.0,,0.0
2023-04-27 21:50:34.5,1682603434500000000,796.0,796.0,789.0,1310.0,2.0,15850.0,800.0,5.0,818.0,16.0,,0.0,,0.0,,0.0,775.5,16.0,754.0,1.0,200.0,1.0,,0.0,,0.0
2023-04-27 21:50:35.0,1682603435000000000,796.0,796.0,789.0,1310.0,2.0,15850.0,800.0,5.0,818.0,16.0,,0.0,,0.0,,0.0,786.0,100.0,775.5,16.0,754.0,1.0,200.0,1.0,,0.0
2023-04-27 21:50:41.75,1682603441750000000,796.0,796.0,789.0,1310.0,2.0,15850.0,801.5,5.0,818.0,16.0,,0.0,,0.0,,0.0,786.0,100.0,775.5,16.0,754.0,1.0,200.0,1.0,,0.0
2023-04-27 21:51:07.0,1682603467000000000,796.0,796.0,789.0,1310.0,2.0,15850.0,803.0,5.0,818.0,16.0,,0.0,,0.0,,0.0,786.0,100.0,775.5,16.0,754.0,1.0,200.0,1.0,,0.0
2023-04-27 21:51:11.0,1682603471000000000,796.0,796.0,789.0,1310.0,2.0,15850.0,803.0,5.0,818.0,16.0,,0.0,,0.0,,0.0,775.5,16.0,754.0,1.0,200.0,1.0,,0.0,,0.0
2023-04-27 21:51:11.5,1682603471500000000,796.0,796.0,789.0,1310.0,2.0,15850.0,804.5,5.0,818.0,16.0,,0.0,,0.0,,0.0,775.5,16.0,754.0,1.0,200.0,1.0,,0.0,,0.0
2023-04-27 21:51:13.0,1682603473000000000,796.0,796.0,789.0,1310.0,2.0,15850.0,804.5,5.0,818.0,16.0,,0.0,,0.0,,0.0,788.0,100.0,775.5,16.0,754.0,1.0,200.0,1.0,,0.0
2023-04-27 21:51:31.5,1682603491500000000,796.0,796.0,789.0,1310.0,2.0,15850.0,803.0,5.0,818.0,16.0,,0.0,,0.0,,0.0,788.0,100.0,775.5,16.0,754.0,1.0,200.0,1.0,,0.0
2023-04-27 21:52:15.5,1682603535500000000,796.0,796.0,789.0,1310.0,2.0,15850.0,804.5,5.0,818.0,16.0,,0.0,,0.0,,0.0,788.0,100.0,775.5,16.0,754.0,1.0,200.0,1.0,,0.0
2023-04-27 21:52:28.5,1682603548500000000,796.0,796.0,789.0,1310.0,2.0,15850.0,803.0,5.0,818.0,16.0,,0.0,,0.0,,0.0,788.0,100.0,775.5,16.0,754.0,1.0,200.0,1.0,,0.0
2023-04-27 21:52:39.25,1682603559250000000,796.0,796.0,789.0,1310.0,2.0,15850.0,804.5,5.0,818.0,16.0,,0.0,,0.0,,0.0,788.0,100.0,775.5,16.0,754.0,1.0,200.0,1.0,,0.0
2023-04-27 21:52:52.0,1682603572000000000,796.0,796.0,789.0,1310.0,2.0,15850.0,806.0,5.0,818.0,16.0,,0.0,,0.0,,0.0,788.0,100.0,775.5,16.0,754.0,1.0,200.0,1.0,,0.0
2023-04-27 21:53:00.5,1682603580500000000,796.0,796.0,789.0,1310.0,2.0,15850.0,808.0,5.0,818.0,16.0,,0.0,,0.0,,0.0,788.0,100.0,775.5,16.0,754.0,1.0,200.0,1.0,,0.0
2023-04-27 21:53:09.0,1682603589000000000,796.0,796.0,789.0,1310.0,2.0,15850.0,806.5,5.0,818.0,16.0,,0.0,,0.0,,0.0,788.0,100.0,775.5,16.0,754.0,1.0,200.0,1.0,,0.0
2023-04-27 21:53:10.0,1682603590000000000,796.0,796.0,789.0,1310.0,2.0,15850.0,808.0,5.0,818.0,16.0,,0.0,,0.0,,0.0,788.0,100.0,775.5,16.0,754.0,1.0,200.0,1.0,,0.0
2023-04-27 21:53:17.5,1682603597500000000,796.0,796.0,789.0,1310.0,2.0,15850.0,806.5,5.0,818.0,16.0,,0.0,,0.0,,0.0,788.0,100.0,775.5,16.0,754.0,1.0,200.0,1.0,,0.0
2023-04-27 21:55:25.5,1682603725500000000,796.0,796.0,789.0,1310.0,2.0,15850.0,805.0,5.0,818.0,16.0,,0.0,,0.0,,0.0,788.0,100.0,775.5,16.0,754.0,1.0,200.0,1.0,,0.0
2023-04-27 21:55:46.25,1682603746250000000,796.0,796.0,789.0,1310.0,2.0,15850.0,803.5,5.0,818.0,16.0,,0.0,,0.0,,0.0,788.0,100.0,775.5,16.0,754.0,1.0,200.0,1.0,,0.0
2023-04-27 21:55:51.25,1682603751250000000,796.0,796.0,789.0,1310.0,2.0,15850.0,805.0,5.0,818.0,16.0,,0.0,,0.0,,0.0,788.0,100.0,775.5,16.0,754.0,1.0,200.0,1.0,,0.0
2023-04-27 21:56:46.25,1682603806250000000,796.0,796.0,789.0,1310.0,2.0,15850.0,806.5,5.0,818.0,16.0,,0.0,,0.0,,0.0,788.0,100.0,775.5,16.0,754.0,1.0,200.0,1.0,,0.0
2023-04-27 21:57:28.5,1682603848500000000,796.0,796.0,789.0,1310.0,2.0,15850.0,805.0,5.0,818.0,16.0,,0.0,,0.0,,0.0,788.0,100.0,775.5,16.0,754.0,1.0,200.0,1.0,,0.0
2023-04-27 21:57:43.5,1682603863500000000,796.0,796.0,789.0,1310.0,2.0,15850.0,805.0,5.0,818.0,16.0,,0.0,,0.0,,0.0,775.5,16.0,754.0,1.0,200.0,1.0,,0.0,,0.0
2023-04-27 21:57:43.75,1682603863750000000,796.0,796.0,789.0,1310.0,2.0,15850.0,805.0,5.0,818.0,16.0,,0.0,,0.0,,0.0,796.0,100.0,775.5,16.0,754.0,1.0,200.0,1.0,,0.0
2023-04-27 21:58:05.0,1682603885000000000,796.0,796.0,789.0,1310.0,2.0,15850.0,806.5,5.0,818.0,16.0,,0.0,,0.0,,0.0,796.0,100.0,775.5,16.0,754.0,1.0,200.0,1.0,,0.0
2023-04-27 21:58:26.0,1682603906000000000,796.0,796.0,789.0,1310.0,2.0,15850.0,804.5,5.0,818.0,16.0,,0.0,,0.0,,0.0,796.0,100.0,775.5,16.0,754.0,1.0,200.0,1.0,,0.0
2023-04-27 21:58:30.5,1682603910500000000,796.0,796.0,789.0,1310.0,2.0,15850.0,803.0,5.0,818.0,16.0,,0.0,,0.0,,0.0,796.0,100.0,775.5,16.0,754.0,1.0,200.0,1.0,,0.0
2023-04-27 21:58:41.25,1682603921250000000,796.0,796.0,789.0,1310.0,2.0,15850.0,804.5,5.0,818.0,16.0,,0.0,,0.0,,0.0,796.0,100.0,775.5,16.0,754.0,1.0,200.0,1.0,,0.0
2023-04-27 21:59:02.75,1682603942750000000,796.0,796.0,789.0,1310.0,2.0,15850.0,802.5,5.0,818.0,16.0,,0.0,,0.0,,0.0,796.0,100.0,775.5,16.0,754.0,1.0,200.0,1.0,,0.0
2023-04-27 21:59:21.25,1682603961250000000,796.0,796.0,789.0,1310.0,2.0,15850.0,801.0,5.0,818.0,16.0,,0.0,,0.0,,0.0,796.0,100.0,775.5,16.0,754.0,1.0,200.0,1.0,,0.0
2023-04-27 21:59:30.5,1682603970500000000,796.0,796.0,789.0,1310.0,12.0,95450.0,799.5,5.0,818.0,16.0,,0.0,,0.0,,0.0,796.0,90.0,775.5,16.0,754.0,1.0,200.0,1.0,,0.0
2023-04-27 21:59:45.25,1682603985250000000,796.0,796.0,789.0,1310.0,12.0,95450.0,801.0,5.0,818.0,16.0,,0.0,,0.0,,0.0,796.0,90.0,775.5,16.0,754.0,1.0,200.0,1.0,,0.0
2023-04-27 22:00:01.25,1682604001250000000,796.0,796.0,789.0,1310.0,12.0,95450.0,802.5,5.0,818.0,16.0,,0.0,,0.0,,0.0,796.0,90.0,775.5,16.0,754.0,1.0,200.0,1.0,,0.0
2023-04-27 22:00:11.5,1682604011500000000,796.0,796.0,789.0,1310.0,12.0,95450.0,804.0,5.0,818.0,16.0,,0.0,,0.0,,0.0,796.0,90.0,775.5,16.0,754.0,1.0,200.0,1.0,,0.0
2023-04-27 22:00:35.25,1682604035250000000,796.0,796.0,789.0,1310.0,12.0,95450.0,802.0,5.0,818.0,16.0,,0.0,,0.0,,0.0,796.0,90.0,775.5,16.0,754.0,1.0,200.0,1.0,,0.0
2023-04-27 22:00:39.0,1682604039000000000,796.0,796.0,789.0,1310.0,12.0,95450.0,800.5,5.0,818.0,16.0,,0.0,,0.0,,0.0,796.0,90.0,775.5,16.0,754.0,1.0,200.0,1.0,,0.0
2023-04-27 22:01:00.25,1682604060250000000,796.0,796.0,789.0,1310.0,12.0,95450.0,802.0,5.0,818.0,16.0,,0.0,,0.0,,0.0,796.0,90.0,775.5,16.0,754.0,1.0,200.0,1.0,,0.0
2023-04-27 22:01:05.5,1682604065500000000,796.0,796.0,789.0,1310.0,12.0,95450.0,803.5,5.0,818.0,16.0,,0.0,,0.0,,0.0,796.0,90.0,775.5,16.0,754.0,1.0,200.0,1.0,,0.0
2023-04-27 22:01:05.75,1682604065750000000,796.0,796.0,789.0,1310.0,12.0,95450.0,805.5,5.0,818.0,16.0,,0.0,,0.0,,0.0,796.0,90.0,775.5,16.0,754.0,1.0,200.0,1.0,,0.0
2023-04-27 22:01:23.75,1682604083750000000,796.0,796.0,789.0,1310.0,12.0,95450.0,807.5,5.0,818.0,16.0,,0.0,,0.0,,0.0,796.0,90.0,775.5,16.0,754.0,1.0,200.0,1.0,,0.0
2023-04-27 22:01:33.5,1682604093500000000,796.0,796.0,789.0,1310.0,12.0,95450.0,809.0,5.0,818.0,16.0,,0.0,,0.0,,0.0,796.0,90.0,775.5,16.0,754.0,1.0,200.0,1.0,,0.0
2023-04-27 22:02:02.75,1682604122750000000,796.0,796.0,789.0,1310.0,12.0,95450.0,810.5,5.0,818.0,16.0,,0.0,,0.0,,0.0,796.0,90.0,775.5,16.0,754.0,1.0,200.0,1.0,,0.0
2023-04-27 22:02:19.75,1682604139750000000,796.0,796.0,789.0,1310.0,12.0,95450.0,808.5,5.0,818.0,16.0,,0.0,,0.0,,0.0,796.0,90.0,775.5,16.0,754.0,1.0,200.0,1.0,,0.0
2023-04-27 22:02:32.5,1682604152500000000,796.0,796.0,789.0,1310.0,12.0,95450.0,807.0,5.0,818.0,16.0,,0.0,,0.0,,0.0,796.0,90.0,775.5,16.0,754.0,1.0,200.0,1.0,,0.0
2023-04-27 22:02:45.0,1682604165000000000,796.0,796.0,789.0,1310.0,12.0,95450.0,805.0,5.0,818.0,16.0,,0.0,,0.0,,0.0,796.0,90.0,775.5,16.0,754.0,1.0,200.0,1.0,,0.0
2023-04-27 22:02:56.25,1682604176250000000,796.0,796.0,789.0,1310.0,12.0,95450.0,806.5,5.0,818.0,16.0,,0.0,,0.0,,0.0,796.0,90.0,775.5,16.0,754.0,1.0,200.0,1.0,,0.0
2023-04-27 22:03:14.0,1682604194000000000,796.0,796.0,789.0,1310.0,12.0,95450.0,808.5,5.0,818.0,16.0,,0.0,,0.0,,0.0,796.0,90.0,775.5,16.0,754.0,1.0,200.0,1.0,,0.0
2023-04-27 22:03:14.5,1682604194500000000,796.0,796.0,789.0,1310.0,12.0,95450.0,810.0,5.0,818.0,16.0,,0.0,,0.0,,0.0,796.0,90.0,775.5,16.0,754.0,1.0,200.0,1.0,,0.0
2023-04-27 22:03:38.75,1682604218750000000,796.0,796.0,789.0,1310.0,12.0,95450.0,811.5,5.0,818.0,16.0,,0.0,,0.0,,0.0,796.0,90.0,775.5,16.0,754.0,1.0,200.0,1.0,,0.0
2023-04-27 22:04:32.25,1682604272250000000,796.0,796.0,789.0,1310.0,12.0,95450.0,810.0,5.0,818.0,16.0,,0.0,,0.0,,0.0,796.0,90.0,775.5,16.0,754.0,1.0,200.0,1.0,,0.0
2023-04-27 22:04:38.75,1682604278750000000,796.0,796.0,789.0,1310.0,12.0,95450.0,808.5,5.0,818.0,16.0,,0.0,,0.0,,0.0,796.0,90.0,775.5,16.0,754.0,1.0,200.0,1.0,,0.0
2023-04-27 22:04:48.0,1682604288000000000,796.0,796.0,789.0,1310.0,12.0,95450.0,810.0,5.0,818.0,16.0,,0.0,,0.0,,0.0,796.0,90.0,775.5,16.0,754.0,1.0,200.0,1.0,,0.0
2023-04-27 22:05:31.75,1682604331750000000,796.0,796.0,789.0,1310.0,12.0,95450.0,812.0,5.0,818.0,16.0,,0.0,,0.0,,0.0,796.0,90.0,775.5,16.0,754.0,1.0,200.0,1.0,,0.0
2023-04-27 22:05:39.75,1682604339750000000,796.0,796.0,789.0,1310.0,12.0,95450.0,810.5,5.0,818.0,16.0,,0.0,,0.0,,0.0,796.0,90.0,775.5,16.0,754.0,1.0,200.0,1.0,,0.0
2023-04-27 22:05:54.0,1682604354000000000,796.0,796.0,789.0,1310.0,12.0,95450.0,812.0,5.0,818.0,16.0,,0.0,,0.0,,0.0,796.0,90.0,775.5,16.0,754.0,1.0,200.0,1.0,,0.0
2023-04-27 22:06:13.75,1682604373750000000,796.0,796.0,789.0,1310.0,12.0,95450.0,810.5,5.0,818.0,16.0,,0.0,,0.0,,0.0,796.0,90.0,775.5,16.0,754.0,1.0,200.0,1.0,,0.0
2023-04-27 22:07:14.5,1682604434500000000,796.0,796.0,789.0,1310.0,12.0,95450.0,809.0,5.0,818.0,16.0,,0.0,,0.0,,0.0,796.0,90.0,775.5,16.0,754.0,1.0,200.0,1.0,,0.0
2023-04-27 22:07:16.75,1682604436750000000,796.0,796.0,789.0,1310.0,12.0,95450.0,806.0,5.0,818.0,16.0,,0.0,,0.0,,0.0,796.0,90.0,775.5,16.0,754.0,1.0,200.0,1.0,,0.0
2023-04-27 22:07:41.25,1682604461250000000,796.0,796.0,789.0,1310.0,12.0,95450.0,804.5,5.0,818.0,16.0,,0.0,,0.0,,0.0,796.0,90.0,775.5,16.0,754.0,1.0,200.0,1.0,,0.0
2023-04-27 22:07:52.25,1682604472250000000,796.0,796.0,789.0,1310.0,12.0,95450.0,806.0,5.0,818.0,16.0,,0.0,,0.0,,0.0,796.0,90.0,775.5,16.0,754.0,1.0,200.0,1.0,,0.0
2023-04-27 22:08:22.25,1682604502250000000,796.0,796.0,789.0,1310.0,12.0,95450.0,807.5,5.0,818.0,16.0,,0.0,,0.0,,0.0,796.0,90.0,775.5,16.0,754.0,1.0,200.0,1.0,,0.0
2023-04-27 22:09:15.75,1682604555750000000,796.0,796.0,789.0,1310.0,12.0,95450.0,809.0,5.0,818.0,16.0,,0.0,,0.0,,0.0,796.0,90.0,775.5,16.0,754.0,1.0,200.0,1.0,,0.0
2023-04-27 22:09:27.25,1682604567250000000,796.0,796.0,789.0,1310.0,12.0,95450.0,807.5,5.0,818.0,16.0,,0.0,,0.0,,0.0,796.0,90.0,775.5,16.0,754.0,1.0,200.0,1.0,,0.0
2023-04-27 22:09:56.25,1682604596250000000,796.0,796.0,789.0,1310.0,12.0,95450.0,807.5,5.0,818.0,16.0,,0.0,,0.0,,0.0,775.5,16.0,754.0,1.0,200.0,1.0,,0.0,,0.0
2023-04-27 22:09:57.25,1682604597250000000,796.0,796.0,789.0,1310.0,12.0,95450.0,807.5,5.0,818.0,16.0,,0.0,,0.0,,0.0,798.0,90.0,775.5,16.0,754.0,1.0,200.0,1.0,,0.0
2023-04-27 22:10:21.75,1682604621750000000,796.0,796.0,789.0,1310.0,12.0,95450.0,809.0,5.0,818.0,16.0,,0.0,,0.0,,0.0,798.0,90.0,775.5,16.0,754.0,1.0,200.0,1.0,,0.0
2023-04-27 22:10:48.5,1682604648500000000,796.0,796.0,789.0,1310.0,12.0,95450.0,811.0,5.0,818.0,16.0,,0.0,,0.0,,0.0,798.0,90.0,775.5,16.0,754.0,1.0,200.0,1.0,,0.0
2023-04-27 22:11:23.25,1682604683250000000,796.0,796.0,789.0,1310.0,12.0,95450.0,808.5,5.0,818.0,16.0,,0.0,,0.0,,0.0,798.0,90.0,775.5,16.0,754.0,1.0,200.0,1.0,,0.0
2023-04-27 22:11:25.0,1682604685000000000,796.0,796.0,789.0,1310.0,12.0,95450.0,807.0,5.0,818.0,16.0,,0.0,,0.0,,0.0,798.0,90.0,775.5,16.0,754.0,1.0,200.0,1.0,,0.0
2023-04-27 22:11:33.25,1682604693250000000,796.0,796.0,789.0,1310.0,12.0,95450.0,808.5,5.0,818.0,16.0,,0.0,,0.0,,0.0,798.0,90.0,775.5,16.0,754.0,1.0,200.0,1.0,,0.0
2023-04-27 22:12:09.25,1682604729250000000,796.0,796.0,789.0,1310.0,12.0,95450.0,806.5,5.0,818.0,16.0,,0.0,,0.0,,0.0,798.0,90.0,775.5,16.0,754.0,1.0,200.0,1.0,,0.0
2023-04-27 22:12:27.25,1682604747250000000,796.0,796.0,789.0,1310.0,12.0,95450.0,805.0,5.0,818.0,16.0,,0.0,,0.0,,0.0,798.0,90.0,775.5,16.0,754.0,1.0,200.0,1.0,,0.0
2023-04-27 22:13:07.75,1682604787750000000,796.0,796.0,789.0,1310.0,12.0,95450.0,806.5,5.0,818.0,16.0,,0.0,,0.0,,0.0,798.0,90.0,775.5,16.0,754.0,1.0,200.0,1.0,,0.0
2023-04-27 22:13:24.25,1682604804250000000,796.0,796.0,789.0,1310.0,12.0,95450.0,805.0,5.0,818.0,16.0,,0.0,,0.0,,0.0,798.0,90.0,775.5,16.0,754.0,1.0,200.0,1.0,,0.0
2023-04-27 22:13:39.5,1682604819500000000,796.0,796.0,789.0,1310.0,12.0,95450.0,806.5,5.0,818.0,16.0,,0.0,,0.0,,0.0,798.0,90.0,775.5,16.0,754.0,1.0,200.0,1.0,,0.0
2023-04-27 22:13:46.25,1682604826250000000,796.0,796.0,789.0,1310.0,12.0,95450.0,805.0,5.0,818.0,16.0,,0.0,,0.0,,0.0,798.0,90.0,775.5,16.0,754.0,1.0,200.0,1.0,,0.0
2023-04-27 22:14:03.5,1682604843500000000,796.0,796.0,789.0,1310.0,12.0,95450.0,806.5,5.0,818.0,16.0,,0.0,,0.0,,0.0,798.0,90.0,775.5,16.0,754.0,1.0,200.0,1.0,,0.0
2023-04-27 22:14:20.0,1682604860000000000,796.0,796.0,789.0,1310.0,12.0,95450.0,808.0,5.0,818.0,16.0,,0.0,,0.0,,0.0,798.0,90.0,775.5,16.0,754.0,1.0,200.0,1.0,,0.0
2023-04-27 22:14:48.0,1682604888000000000,796.0,796.0,789.0,1310.0,12.0,95450.0,809.5,5.0,818.0,16.0,,0.0,,0.0,,0.0,798.0,90.0,775.5,16.0,754.0,1.0,200.0,1.0,,0.0
2023-04-27 22:14:50.25,1682604890250000000,796.0,796.0,789.0,1310.0,12.0,95450.0,818.0,16.0,,0.0,,0.0,,0.0,,0.0,798.0,90.0,775.5,16.0,754.0,1.0,200.0,1.0,,0.0
2023-04-27 22:14:50.5,1682604890500000000,796.0,796.0,789.0,1310.0,12.0,95450.0,817.5,10.0,818.0,16.0,,0.0,,0.0,,0.0,798.0,90.0,775.5,16.0,754.0,1.0,200.0,1.0,,0.0
2023-04-27 22:17:33.5,1682605053500000000,796.0,796.0,789.0,1310.0,12.0,95450.0,805.5,5.0,817.5,10.0,818.0,16.0,,0.0,,0.0,798.0,90.0,775.5,16.0,754.0,1.0,200.0,1.0,,0.0
2023-04-27 22:17:33.75,1682605053750000000,796.0,796.0,789.0,1310.0,12.0,95450.0,805.5,5.0,818.0,16.0,,0.0,,0.0,,0.0,798.0,90.0,775.5,16.0,754.0,1.0,200.0,1.0,,0.0
2023-04-27 22:17:56.75,1682605076750000000,796.0,796.0,789.0,1310.0,12.0,95450.0,807.0,5.0,818.0,16.0,,0.0,,0.0,,0.0,798.0,90.0,775.5,16.0,754.0,1.0,200.0,1.0,,0.0
2023-04-27 22:18:30.0,1682605110000000000,796.0,796.0,789.0,1310.0,12.0,95450.0,805.5,5.0,818.0,16.0,,0.0,,0.0,,0.0,798.0,90.0,775.5,16.0,754.0,1.0,200.0,1.0,,0.0
2023-04-27 22:18:41.25,1682605121250000000,796.0,796.0,789.0,1310.0,12.0,95450.0,804.0,5.0,818.0,16.0,,0.0,,0.0,,0.0,798.0,90.0,775.5,16.0,754.0,1.0,200.0,1.0,,0.0
2023-04-27 22:19:21.5,1682605161500000000,796.0,796.0,789.0,1310.0,12.0,95450.0,805.5,5.0,818.0,16.0,,0.0,,0.0,,0.0,798.0,90.0,775.5,16.0,754.0,1.0,200.0,1.0,,0.0
2023-04-27 22:20:01.75,1682605201750000000,796.0,796.0,789.0,1310.0,12.0,95450.0,804.0,5.0,818.0,16.0,,0.0,,0.0,,0.0,798.0,90.0,775.5,16.0,754.0,1.0,200.0,1.0,,0.0
2023-04-27 22:20:25.0,1682605225000000000,796.0,796.0,789.0,1310.0,12.0,95450.0,805.5,5.0,818.0,16.0,,0.0,,0.0,,0.0,798.0,90.0,775.5,16.0,754.0,1.0,200.0,1.0,,0.0
2023-04-27 22:20:43.0,1682605243000000000,796.0,796.0,789.0,1310.0,12.0,95450.0,808.0,5.0,818.0,16.0,,0.0,,0.0,,0.0,798.0,90.0,775.5,16.0,754.0,1.0,200.0,1.0,,0.0
2023-04-27 22:21:02.25,1682605262250000000,796.0,796.0,789.0,1310.0,12.0,95450.0,806.5,5.0,818.0,16.0,,0.0,,0.0,,0.0,798.0,90.0,775.5,16.0,754.0,1.0,200.0,1.0,,0.0
2023-04-27 22:21:22.75,1682605282750000000,796.0,796.0,789.0,1310.0,12.0,95450.0,805.0,5.0,818.0,16.0,,0.0,,0.0,,0.0,798.0,90.0,775.5,16.0,754.0,1.0,200.0,1.0,,0.0
2023-04-27 22:21:31.5,1682605291500000000,796.0,796.0,789.0,1310.0,12.0,95450.0,803.5,5.0,818.0,16.0,,0.0,,0.0,,0.0,798.0,90.0,775.5,16.0,754.0,1.0,200.0,1.0,,0.0
2023-04-27 22:21:33.75,1682605293750000000,796.0,796.0,789.0,1310.0,12.0,95450.0,802.0,5.0,818.0,16.0,,0.0,,0.0,,0.0,798.0,90.0,775.5,16.0,754.0,1.0,200.0,1.0,,0.0
2023-04-27 22:21:36.75,1682605296750000000,796.0,796.0,789.0,1310.0,12.0,95450.0,799.5,10.0,802.0,5.0,818.0,16.0,,0.0,,0.0,798.0,90.0,775.5,16.0,754.0,1.0,200.0,1.0,,0.0
2023-04-27 22:21:38.25,1682605298250000000,796.0,796.0,789.0,1310.0,12.0,95450.0,799.0,10.0,802.0,5.0,818.0,16.0,,0.0,,0.0,798.0,90.0,775.5,16.0,754.0,1.0,200.0,1.0,,0.0
2023-04-27 22:21:38.75,1682605298750000000,796.0,796.0,789.0,1310.0,12.0,95450.0,798.5,10.0,802.0,5.0,818.0,16.0,,0.0,,0.0,798.0,90.0,775.5,16.0,754.0,1.0,200.0,1.0,,0.0
2023-04-27 22:21:40.0,1682605300000000000,798.5,798.5,789.0,1300.0,22.0,175300.0,802.0,5.0,818.0,16.0,,0.0,,0.0,,0.0,798.0,90.0,775.5,16.0,754.0,1.0,200.0,1.0,,0.0
2023-04-27 22:21:40.75,1682605300750000000,798.5,798.5,789.0,1300.0,22.0,175300.0,803.5,5.0,818.0,16.0,,0.0,,0.0,,0.0,798.0,90.0,775.5,16.0,754.0,1.0,200.0,1.0,,0.0
2023-04-27 22:22:02.25,1682605322250000000,798.5,798.5,789.0,1300.0,22.0,175300.0,802.0,5.0,818.0,16.0,,0.0,,0.0,,0.0,798.0,90.0,775.5,16.0,754.0,1.0,200.0,1.0,,0.0
2023-04-27 22:22:04.5,1682605324500000000,798.5,798.0,789.0,1300.0,23.0,183280.0,802.0,5.0,818.0,16.0,,0.0,,0.0,,0.0,798.0,89.0,775.5,16.0,754.0,1.0,200.0,1.0,,0.0
2023-04-27 22:22:05.0,1682605325000000000,798.5,798.0,789.0,1300.0,34.0,271060.0,802.0,5.0,818.0,16.0,,0.0,,0.0,,0.0,798.0,78.0,775.5,16.0,754.0,1.0,200.0,1.0,,0.0
2023-04-27 22:22:05.5,1682605325500000000,798.5,798.0,789.0,1300.0,35.0,279040.0,802.0,5.0,818.0,16.0,,0.0,,0.0,,0.0,798.0,77.0,775.5,16.0,754.0,1.0,200.0,1.0,,0.0
2023-04-27 22:22:06.0,1682605326000000000,798.5,798.0,789.0,1300.0,36.0,287020.0,802.0,5.0,818.0,16.0,,0.0,,0.0,,0.0,798.0,76.0,775.5,16.0,754.0,1.0,200.0,1.0,,0.0
2023-04-27 22:23:26.75,1682605406750000000,798.5,798.0,789.0,1300.0,37.0,295000.0,800.5,5.0,818.0,16.0,,0.0,,0.0,,0.0,798.0,75.0,775.5,16.0,754.0,1.0,200.0,1.0,,0.0
2023-04-27 22:23:27.25,1682605407250000000,798.5,798.0,789.0,1300.0,38.0,302980.0,800.5,5.0,818.0,16.0,,0.0,,0.0,,0.0,798.0,74.0,775.5,16.0,754.0,1.0,200.0,1.0,,0.0
2023-04-27 22:23:27.75,1682605407750000000,798.5,798.0,789.0,1300.0,39.0,310960.0,800.5,5.0,818.0,16.0,,0.0,,0.0,,0.0,798.0,73.0,775.5,16.0,754.0,1.0,200.0,1.0,,0.0
2023-04-27 22:23:28.0,1682605408000000000,798.5,798.0,789.0,1294.0,112.0,893500.0,800.5,5.0,818.0,16.0,,0.0,,0.0,,0.0,775.5,16.0,754.0,1.0,200.0,1.0,,0.0,,0.0
2023-04-27 22:23:28.25,1682605408250000000,798.5,798.0,789.0,1294.0,112.0,893500.0,798.0,5.0,818.0,16.0,,0.0,,0.0,,0.0,775.5,16.0,754.0,1.0,200.0,1.0,,0.0,,0.0
2023-04-27 22:23:31.75,1682605411750000000,798.5,798.0,789.0,1294.0,112.0,893500.0,798.0,5.0,818.0,16.0,,0.0,,0.0,,0.0,776.0,1.0,775.5,16.0,754.0,1.0,200.0,1.0,,0.0
2023-04-27 22:23:32.25,1682605412250000000,798.5,798.0,789.0,1294.0,112.0,893500.0,798.0,5.0,818.0,16.0,,0.0,,0.0,,0.0,776.0,1.0,775.5,16.0,200.0,1.0,,0.0,,0.0
2023-04-27 22:23:35.25,1682605415250000000,798.5,798.0,789.0,1289.0,117.0,933400.0,818.0,16.0,,0.0,,0.0,,0.0,,0.0,776.0,1.0,775.5,16.0,200.0,1.0,,0.0,,0.0
2023-04-27 22:23:35.5,1682605415500000000,798.5,798.0,789.0,1289.0,117.0,933400.0,817.5,10.0,818.0,16.0,,0.0,,0.0,,0.0,776.0,1.0,775.5,16.0,200.0,1.0,,0.0,,0.0
2023-04-27 22:23:35.75,1682605415750000000,798.5,798.0,789.0,1289.0,117.0,933400.0,817.0,1.0,817.5,10.0,818.0,16.0,,0.0,,0.0,776.0,1.0,775.5,16.0,200.0,1.0,,0.0,,0.0
2023-04-27 22:23:36.0,1682605416000000000,798.5,798.0,789.0,1289.0,117.0,933400.0,817.0,1.0,818.0,16.0,,0.0,,0.0,,0.0,776.0,1.0,775.5,16.0,200.0,1.0,,0.0,,0.0
2023-04-27 22:23:36.25,1682605416250000000,798.5,798.0,789.0,1289.0,117.0,933400.0,816.5,10.0,817.0,1.0,818.0,16.0,,0.0,,0.0,776.0,1.0,775.5,16.0,200.0,1.0,,0.0,,0.0
2023-04-27 22:23:37.25,1682605417250000000,798.5,798.0,789.0,1289.0,117.0,933400.0,816.0,1.0,816.5,10.0,817.0,1.0,818.0,16.0,,0.0,776.0,1.0,775.5,16.0,200.0,1.0,,0.0,,0.0
2023-04-27 22:23:37.5,1682605417500000000,798.5,798.0,789.0,1289.0,117.0,933400.0,816.0,1.0,817.0,1.0,818.0,16.0,,0.0,,0.0,776.0,1.0,775.5,16.0,200.0,1.0,,0.0,,0.0
2023-04-27 22:23:37.75,1682605417750000000,798.5,798.0,789.0,1289.0,117.0,933400.0,815.5,10.0,816.0,1.0,817.0,1.0,818.0,16.0,,0.0,776.0,1.0,775.5,16.0,200.0,1.0,,0.0,,0.0
2023-04-27 22:23:38.25,1682605418250000000,798.5,798.0,789.0,1289.0,117.0,933400.0,815.0,1.0,815.5,10.0,816.0,1.0,817.0,1.0,818.0,16.0,776.0,1.0,775.5,16.0,200.0,1.0,,0.0,,0.0
2023-04-27 22:23:38.5,1682605418500000000,798.5,798.0,789.0,1289.0,117.0,933400.0,815.0,1.0,816.0,1.0,817.0,1.0,818.0,16.0,,0.0,776.0,1.0,775.5,16.0,200.0,1.0,,0.0,,0.0
2023-04-27 22:23:38.75,1682605418750000000,798.5,798.0,789.0,1289.0,117.0,933400.0,814.5,10.0,815.0,1.0,816.0,1.0,817.0,1.0,818.0,16.0,776.0,1.0,775.5,16.0,200.0,1.0,,0.0,,0.0
2023-04-27 22:23:41.75,1682605421750000000,798.5,798.0,789.0,1289.0,117.0,933400.0,814.0,1.0,814.5,10.0,815.0,1.0,816.0,1.0,817.0,1.0,776.0,1.0,775.5,16.0,200.0,1.0,,0.0,,0.0
2023-04-27 22:23:42.0,1682605422000000000,798.5,798.0,789.0,1289.0,117.0,933400.0,814.0,1.0,815.0,1.0,816.0,1.0,817.0,1.0,818.0,16.0,776.0,1.0,775.5,16.0,200.0,1.0,,0.0,,0.0
2023-04-27 22:23:42.25,1682605422250000000,798.5,798.0,789.0,1289.0,117.0,933400.0,813.5,10.0,814.0,1.0,815.0,1.0,816.0,1.0,817.0,1.0,776.0,1.0,775.5,16.0,200.0,1.0,,0.0,,0.0
2023-04-27 22:24:09.0,1682605449000000000,798.5,798.0,789.0,1289.0,117.0,933400.0,801.0,5.0,813.5,10.0,814.0,1.0,815.0,1.0,816.0,1.0,776.0,1.0,775.5,16.0,200.0,1.0,,0.0,,0.0
2023-04-27 22:24:09.25,1682605449250000000,798.5,798.0,789.0,1289.0,117.0,933400.0,801.0,5.0,814.0,1.0,815.0,1.0,816.0,1.0,817.0,1.0,776.0,1.0,775.5,16.0,200.0,1.0,,0.0,,0.0
2023-04-27 22:24:09.5,1682605449500000000,801.0,801.0,789.0,1284.0,122.0,973450.0,814.0,1.0,815.0,1.0,816.0,1.0,817.0,1.0,818.0,16.0,776.0,1.0,775.5,16.0,200.0,1.0,,0.0,,0.0
2023-04-27 22:24:09.75,1682605449750000000,801.0,801.0,789.0,1284.0,122.0,973450.0,802.0,5.0,813.5,10.0,814.0,1.0,815.0,1.0,816.0,1.0,776.0,1.0,775.5,16.0,200.0,1.0,,0.0,,0.0
2023-04-27 22:24:10.0,1682605450000000000,801.0,801.0,789.0,1284.0,122.0,973450.0,802.0,5.0,814.0,1.0,815.0,1.0,816.0,1.0,817.0,1.0,776.0,1.0,775.5,16.0,200.0,1.0,,0.0,,0.0
2023-04-27 22:25:03.25,1682605503250000000,801.0,801.0,789.0,1284.0,122.0,973450.0,800.5,5.0,814.0,1.0,815.0,1.0,816.0,1.0,817.0,1.0,776.0,1.0,775.5,16.0,200.0,1.0,,0.0,,0.0
2023-04-27 22:25:07.25,1682605507250000000,801.0,801.0,789.0,1284.0,122.0,973450.0,800.5,5.0,815.0,1.0,816.0,1.0,817.0,1.0,818.0,16.0,776.0,1.0,775.5,16.0,200.0,1.0,,0.0,,0.0
2023-04-27 22:25:08.25,1682605508250000000,801.0,800.5,789.0,1279.0,127.0,1013475.0,816.0,1.0,817.0,1.0,818.0,16.0,,0.0,,0.0,776.0,1.0,775.5,16.0,200.0,1.0,,0.0,,0.0
2023-04-27 22:25:08.5,1682605508500000000,801.0,800.5,789.0,1279.0,127.0,1013475.0,815.5,10.0,816.0,1.0,817.0,1.0,818.0,16.0,,0.0,776.0,1.0,775.5,16.0,200.0,1.0,,0.0,,0.0
2023-04-27 22:25:17.0,1682605517000000000,801.0,800.5,789.0,1279.0,127.0,1013475.0,802.5,5.0,815.5,10.0,816.0,1.0,817.0,1.0,818.0,16.0,776.0,1.0,775.5,16.0,200.0,1.0,,0.0,,0.0
2023-04-27 22:25:17.25,1682605517250000000,801.0,800.5,789.0,1279.0,127.0,1013475.0,802.5,5.0,816.0,1.0,817.0,1.0,818.0,16.0,,0.0,776.0,1.0,775.5,16.0,200.0,1.0,,0.0,,0.0
2023-04-27 22:25:34.5,1682605534500000000,801.0,800.5,789.0,1279.0,127.0,1013475.0,801.0,5.0,816.0,1.0,817.0,1.0,818.0,16.0,,0.0,776.0,1.0,775.5,16.0,200.0,1.0,,0.0,,0.0
2023-04-27 22:25:38.5,1682605538500000000,801.0,800.5,789.0,1279.0,127.0,1013475.0,799.5,5.0,816.0,1.0,817.0,1.0,818.0,16.0,,0.0,776.0,1.0,775.5,16.0,200.0,1.0,,0.0,,0.0
2023-04-27 22:26:03.25,1682605563250000000,801.0,800.5,789.0,1279.0,127.0,1013475.0,798.0,5.0,816.0,1.0,817.0,1.0,818.0,16.0,,0.0,776.0,1.0,775.5,16.0,200.0,1.0,,0.0,,0.0
2023-04-27 22:27:15.5,1682605635500000000,801.0,800.5,789.0,1279.0,127.0,1013475.0,799.5,5.0,816.0,1.0,817.0,1.0,818.0,16.0,,0.0,776.0,1.0,775.5,16.0,200.0,1.0,,0.0,,0.0
2023-04-27 22:27:35.25,1682605655250000000,801.0,800.5,789.0,1279.0,127.0,1013475.0,798.0,5.0,816.0,1.0,817.0,1.0,818.0,16.0,,0.0,776.0,1.0,775.5,16.0,200.0,1.0,,0.0,,0.0
2023-04-27 22:27:39.0,1682605659000000000,801.0,800.5,789.0,1279.0,127.0,1013475.0,796.0,5.0,816.0,1.0,817.0,1.0,818.0,16.0,,0.0,776.0,1.0,775.5,16.0,200.0,1.0,,0.0,,0.0
2023-04-27 22:28:01.5,1682605681500000000,801.0,800.5,789.0,1279.0,127.0,1013475.0,794.5,5.0,816.0,1.0,817.0,1.0,818.0,16.0,,0.0,776.0,1.0,775.5,16.0,200.0,1.0,,0.0,,0.0
2023-04-27 22:28:05.0,1682605685000000000,801.0,800.5,789.0,1279.0,127.0,1013475.0,796.0,5.0,816.0,1.0,817.0,1.0,818.0,16.0,,0.0,776.0,1.0,775.5,16.0,200.0,1.0,,0.0,,0.0
2023-04-27 22:28:17.75,1682605697750000000,801.0,800.5,789.0,1279.0,127.0,1013475.0,797.5,5.0,816.0,1.0,817.0,1.0,818.0,16.0,,0.0,776.0,1.0,775.5,16.0,200.0,1.0,,0.0,,0.0
2023-04-27 22:28:51.5,1682605731500000000,801.0,800.5,789.0,1279.0,127.0,1013475.0,796.0,5.0,816.0,1.0,817.0,1.0,818.0,16.0,,0.0,776.0,1.0,775.5,16.0,200.0,1.0,,0.0,,0.0
2023-04-27 22:28:58.25,1682605738250000000,801.0,800.5,789.0,1279.0,127.0,1013475.0,794.5,5.0,816.0,1.0,817.0,1.0,818.0,16.0,,0.0,776.0,1.0,775.5,16.0,200.0,1.0,,0.0,,0.0
2023-04-27 22:29:16.0,1682605756000000000,801.0,800.5,789.0,1279.0,127.0,1013475.0,796.0,5.0,816.0,1.0,817.0,1.0,818.0,16.0,,0.0,776.0,1.0,775.5,16.0,200.0,1.0,,0.0,,0.0
2023-04-27 22:29:32.5,1682605772500000000,801.0,800.5,789.0,1279.0,127.0,1013475.0,794.5,5.0,816.0,1.0,817.0,1.0,818.0,16.0,,0.0,776.0,1.0,775.5,16.0,200.0,1.0,,0.0,,0.0
2023-04-27 22:29:32.75,1682605772750000000,801.0,800.5,789.0,1279.0,127.0,1013475.0,794.5,5.0,816.0,1.0,817.0,1.0,818.0,16.0,,0.0,775.5,16.0,200.0,1.0,,0.0,,0.0,,0.0
2023-04-27 22:29:53.75,1682605793750000000,801.0,800.5,789.0,1279.0,127.0,1013475.0,792.0,5.0,816.0,1.0,817.0,1.0,818.0,16.0,,0.0,775.5,16.0,200.0,1.0,,0.0,,0.0,,0.0
2023-04-27 22:29:54.25,1682605794250000000,801.0,800.5,789.0,1279.0,127.0,1013475.0,790.5,5.0,816.0,1.0,817.0,1.0,818.0,16.0,,0.0,775.5,16.0,200.0,1.0,,0.0,,0.0,,0.0
2023-04-27 22:30:24.0,1682605824000000000,801.0,800.5,789.0,1279.0,127.0,1013475.0,789.0,5.0,816.0,1.0,817.0,1.0,818.0,16.0,,0.0,775.5,16.0,200.0,1.0,,0.0,,0.0,,0.0
2023-04-27 22:30:36.25,1682605836250000000,801.0,789.0,789.0,1274.0,132.0,1052925.0,816.0,1.0,817.0,1.0,818.0,16.0,,0.0,,0.0,775.5,16.0,200.0,1.0,,0.0,,0.0,,0.0
2023-04-27 22:30:36.5,1682605836500000000,801.0,789.0,789.0,1274.0,132.0,1052925.0,815.5,10.0,816.0,1.0,817.0,1.0,818.0,16.0,,0.0,775.5,16.0,200.0,1.0,,0.0,,0.0,,0.0
2023-04-27 22:30:36.75,1682605836750000000,801.0,789.0,789.0,1274.0,132.0,1052925.0,815.0,1.0,815.5,10.0,816.0,1.0,818.0,16.0,,0.0,775.5,16.0,200.0,1.0,,0.0,,0.0,,0.0
2023-04-27 22:30:37.0,1682605837000000000,801.0,789.0,789.0,1274.0,132.0,1052925.0,815.0,1.0,816.0,1.0,818.0,16.0,,0.0,,0.0,775.5,16.0,200.0,1.0,,0.0,,0.0,,0.0
2023-04-27 22:30:37.25,1682605837250000000,801.0,789.0,789.0,1274.0,132.0,1052925.0,814.5,10.0,815.0,1.0,816.0,1.0,818.0,16.0,,0.0,775.5,16.0,200.0,1.0,,0.0,,0.0,,0.0
2023-04-27 22:30:37.75,1682605837750000000,801.0,789.0,789.0,1274.0,132.0,1052925.0,814.0,1.0,814.5,10.0,815.0,1.0,818.0,16.0,,0.0,775.5,16.0,200.0,1.0,,0.0,,0.0,,0.0
2023-04-27 22:30:38.0,1682605838000000000,801.0,789.0,789.0,1274.0,132.0,1052925.0,814.0,1.0,815.0,1.0,818.0,16.0,,0.0,,0.0,775.5,16.0,200.0,1.0,,0.0,,0.0,,0.0
2023-04-27 22:30:38.25,1682605838250000000,801.0,789.0,789.0,1274.0,132.0,1052925.0,813.5,10.0,814.0,1.0,815.0,1.0,818.0,16.0,,0.0,775.5,16.0,200.0,1.0,,0.0,,0.0,,0.0
2023-04-27 22:30:38.75,1682605838750000000,801.0,789.0,789.0,1274.0,132.0,1052925.0,813.0,1.0,813.5,10.0,814.0,1.0,815.0,1.0,818.0,16.0,775.5,16.0,200.0,1.0,,0.0,,0.0,,0.0
2023-04-27 22:30:39.0,1682605839000000000,801.0,789.0,789.0,1274.0,132.0,1052925.0,813.0,1.0,814.0,1.0,815.0,1.0,818.0,16.0,,0.0,775.5,16.0,200.0,1.0,,0.0,,0.0,,0.0
2023-04-27 22:30:39.25,1682605839250000000,801.0,789.0,789.0,1274.0,132.0,1052925.0,812.5,10.0,813.0,1.0,814.0,1.0,815.0,1.0,818.0,16.0,775.5,16.0,200.0,1.0,,0.0,,0.0,,0.0
2023-04-27 22:30:39.75,1682605839750000000,801.0,789.0,789.0,1274.0,132.0,1052925.0,812.0,1.0,812.5,10.0,813.0,1.0,814.0,1.0,815.0,1.0,775.5,16.0,200.0,1.0,,0.0,,0.0,,0.0
2023-04-27 22:30:40.0,1682605840000000000,801.0,789.0,789.0,1274.0,132.0,1052925.0,812.0,1.0,813.0,1.0,814.0,1.0,815.0,1.0,818.0,16.0,775.5,16.0,200.0,1.0,,0.0,,0.0,,0.0
2023-04-27 22:30:40.25,1682605840250000000,801.0,789.0,789.0,1274.0,132.0,1052925.0,811.5,10.0,812.0,1.0,813.0,1.0,814.0,1.0,815.0,1.0,775.5,16.0,200.0,1.0,,0.0,,0.0,,0.0
2023-04-27 22:30:40.75,1682605840750000000,801.0,789.0,789.0,1274.0,132.0,1052925.0,811.0,1.0,811.5,10.0,812.0,1.0,813.0,1.0,814.0,1.0,775.5,16.0,200.0,1.0,,0.0,,0.0,,0.0
2023-04-27 22:30:41.0,1682605841000000000,801.0,789.0,789.0,1274.0,132.0,1052925.0,811.0,1.0,812.0,1.0,813.0,1.0,814.0,1.0,815.0,1.0,775.5,16.0,200.0,1.0,,0.0,,0.0,,0.0
2023-04-27 22:30:41.25,1682605841250000000,801.0,789.0,789.0,1274.0,132.0,1052925.0,810.5,10.0,811.0,1.0,812.0,1.0,813.0,1.0,814.0,1.0,775.5,16.0,200.0,1.0,,0.0,,0.0,,0.0
2023-04-27 22:30:41.75,1682605841750000000,801.0,789.0,789.0,1274.0,132.0,1052925.0,810.0,1.0,810.5,10.0,811.0,1.0,812.0,1.0,813.0,1.0,775.5,16.0,200.0,1.0,,0.0,,0.0,,0.0
2023-04-27 22:30:42.0,1682605842000000000,801.0,789.0,789.0,1274.0,132.0,1052925.0,810.0,1.0,811.0,1.0,812.0,1.0,813.0,1.0,814.0,1.0,775.5,16.0,200.0,1.0,,0.0,,0.0,,0.0
2023-04-27 22:30:42.25,1682605842250000000,801.0,789.0,789.0,1274.0,132.0,1052925.0,809.5,10.0,810.0,1.0,811.0,1.0,812.0,1.0,813.0,1.0,775.5,16.0,200.0,1.0,,0.0,,0.0,,0.0
2023-04-27 22:30:42.75,1682605842750000000,801.0,789.0,789.0,1274.0,132.0,1052925.0,809.0,1.0,809.5,10.0,810.0,1.0,811.0,1.0,812.0,1.0,775.5,16.0,200.0,1.0,,0.0,,0.0,,0.0
2023-04-27 22:30:43.0,1682605843000000000,801.0,789.0,789.0,1274.0,132.0,1052925.0,809.0,1.0,810.0,1.0,811.0,1.0,812.0,1.0,813.0,1.0,775.5,16.0,200.0,1.0,,0.0,,0.0,,0.0
2023-04-27 22:30:43.25,1682605843250000000,801.0,789.0,789.0,1274.0,132.0,1052925.0,808.5,10.0,809.0,1.0,810.0,1.0,811.0,1.0,812.0,1.0,775.5,16.0,200.0,1.0,,0.0,,0.0,,0.0
2023-04-27 22:30:43.75,1682605843750000000,801.0,789.0,789.0,1274.0,132.0,1052925.0,808.0,1.0,808.5,10.0,809.0,1.0,810.0,1.0,811.0,1.0,775.5,16.0,200.0,1.0,,0.0,,0.0,,0.0
2023-04-27 22:30:44.0,1682605844000000000,801.0,789.0,789.0,1274.0,132.0,1052925.0,808.0,1.0,809.0,1.0,810.0,1.0,811.0,1.0,812.0,1.0,775.5,16.0,200.0,1.0,,0.0,,0.0,,0.0
2023-04-27 22:30:44.25,1682605844250000000,801.0,789.0,789.0,1274.0,132.0,1052925.0,807.5,10.0,808.0,1.0,809.0,1.0,810.0,1.0,811.0,1.0,775.5,16.0,200.0,1.0,,0.0,,0.0,,0.0
2023-04-27 22:30:44.75,1682605844750000000,801.0,789.0,789.0,1274.0,132.0,1052925.0,807.0,1.0,807.5,10.0,808.0,1.0,809.0,1.0,810.0,1.0,775.5,16.0,200.0,1.0,,0.0,,0.0,,0.0
2023-04-27 22:30:45.0,1682605845000000000,801.0,789.0,789.0,1274.0,132.0,1052925.0,807.0,1.0,808.0,1.0,809.0,1.0,810.0,1.0,811.0,1.0,775.5,16.0,200.0,1.0,,0.0,,0.0,,0.0
2023-04-27 22:30:45.25,1682605845250000000,801.0,789.0,789.0,1274.0,132.0,1052925.0,806.5,10.0,807.0,1.0,808.0,1.0,809.0,1.0,810.0,1.0,775.5,16.0,200.0,1.0,,0.0,,0.0,,0.0
2023-04-27 22:30:45.75,1682605845750000000,801.0,789.0,789.0,1274.0,132.0,1052925.0,806.0,1.0,806.5,10.0,807.0,1.0,808.0,1.0,809.0,1.0,775.5,16.0,200.0,1.0,,0.0,,0.0,,0.0
2023-04-27 22:30:46.0,1682605846000000000,801.0,789.0,789.0,1274.0,132.0,1052925.0,806.0,1.0,807.0,1.0,808.0,1.0,809.0,1.0,810.0,1.0,775.5,16.0,200.0,1.0,,0.0,,0.0,,0.0
2023-04-27 22:30:46.25,1682605846250000000,801.0,789.0,789.0,1274.0,132.0,1052925.0,805.5,10.0,806.0,1.0,807.0,1.0,808.0,1.0,809.0,1.0,775.5,16.0,200.0,1.0,,0.0,,0.0,,0.0
2023-04-27 22:31:08.75,1682605868750000000,801.0,789.0,789.0,1274.0,132.0,1052925.0,805.5,10.0,806.0,1.0,807.0,1.0,808.0,1.0,809.0,1.0,643.5,16.0,200.0,1.0,,0.0,,0.0,,0.0
2023-04-27 22:31:09.25,1682605869250000000,801.0,789.0,789.0,1274.0,132.0,1052925.0,805.0,1.0,805.5,10.0,806.0,1.0,807.0,1.0,808.0,1.0,645.0,1.0,644.0,1.0,643.5,16.0,200.0,1.0,,0.0
2023-04-27 22:31:09.5,1682605869500000000,801.0,789.0,789.0,1274.0,132.0,1052925.0,805.0,1.0,806.0,1.0,807.0,1.0,808.0,1.0,809.0,1.0,645.0,1.0,644.0,1.0,643.5,16.0,200.0,1.0,,0.0
2023-04-27 22:31:09.75,1682605869750000000,801.0,789.0,789.0,1274.0,132.0,1052925.0,804.5,10.0,805.0,1.0,806.0,1.0,807.0,1.0,808.0,1.0,702.0,16.0,645.0,1.0,644.0,1.0,200.0,1.0,,0.0
2023-04-27 22:31:10.25,1682605870250000000,801.0,789.0,789.0,1274.0,132.0,1052925.0,804.5,10.0,805.0,1.0,806.0,1.0,807.0,1.0,808.0,1.0,702.0,16.0,644.0,1.0,200.0,1.0,,0.0,,0.0
2023-04-27 22:32:10.0,1682605930000000000,801.0,789.0,789.0,1274.0,132.0,1052925.0,779.0,5.0,804.5,10.0,805.0,1.0,806.0,1.0,807.0,1.0,702.0,16.0,644.0,1.0,200.0,1.0,,0.0,,0.0
2023-04-27 22:32:10.25,1682605930250000000,801.0,789.0,789.0,1274.0,132.0,1052925.0,779.0,5.0,805.0,1.0,806.0,1.0,807.0,1.0,808.0,1.0,702.0,16.0,644.0,1.0,200.0,1.0,,0.0,,0.0
2023-04-27 22:32:15.5,1682605935500000000,801.0,789.0,789.0,1274.0,132.0,1052925.0,777.0,5.0,805.0,1.0,806.0,1.0,807.0,1.0,808.0,1.0,702.0,16.0,644.0,1.0,200.0,1.0,,0.0,,0.0
2023-04-27 22:32:21.75,1682605941750000000,801.0,789.0,789.0,1274.0,132.0,1052925.0,775.5,5.0,805.0,1.0,806.0,1.0,807.0,1.0,808.0,1.0,702.0,16.0,644.0,1.0,200.0,1.0,,0.0,,0.0
2023-04-27 22:32:30.75,1682605950750000000,801.0,789.0,789.0,1274.0,132.0,1052925.0,774.0,5.0,805.0,1.0,806.0,1.0,807.0,1.0,808.0,1.0,702.0,16.0,644.0,1.0,200.0,1.0,,0.0,,0.0
2023-04-27 22:32:50.25,1682605970250000000,801.0,789.0,789.0,1274.0,132.0,1052925.0,772.5,5.0,805.0,1.0,806.0,1.0,807.0,1.0,808.0,1.0,702.0,16.0,644.0,1.0,200.0,1.0,,0.0,,0.0
2023-04-27 22:32:53.25,1682605973250000000,801.0,772.5,772.5,1269.0,137.0,1091550.0,805.0,1.0,806.0,1.0,807.0,1.0,808.0,1.0,809.0,1.0,702.0,16.0,644.0,1.0,200.0,1.0,,0.0,,0.0
2023-04-27 22:32:53.5,1682605973500000000,801.0,772.5,772.5,1269.0,137.0,1091550.0,804.5,10.0,805.0,1.0,806.0,1.0,807.0,1.0,808.0,1.0,702.5,1.0,702.0,16.0,644.0,1.0,200.0,1.0,,0.0
2023-04-27 22:32:53.75,1682605973750000000,801.0,772.5,772.5,1269.0,137.0,1091550.0,804.5,10.0,805.0,1.0,806.0,1.0,807.0,1.0,808.0,1.0,744.0,16.0,702.5,1.0,644.0,1.0,200.0,1.0,,0.0
2023-04-27 22:32:54.0,1682605974000000000,801.0,772.5,772.5,1269.0,137.0,1091550.0,804.0,1.0,804.5,10.0,805.0,1.0,806.0,1.0,807.0,1.0,744.5,1.0,744.0,16.0,702.5,1.0,200.0,1.0,,0.0
2023-04-27 22:32:54.25,1682605974250000000,801.0,772.5,772.5,1269.0,137.0,1091550.0,804.0,1.0,805.0,1.0,806.0,1.0,807.0,1.0,808.0,1.0,744.5,1.0,744.0,16.0,702.5,1.0,200.0,1.0,,0.0
2023-04-27 22:32:54.5,1682605974500000000,801.0,772.5,772.5,1269.0,137.0,1091550.0,803.5,10.0,804.0,1.0,805.0,1.0,806.0,1.0,807.0,1.0,744.5,1.0,744.0,16.0,702.5,1.0,200.0,1.0,,0.0
2023-04-27 22:32:55.0,1682605975000000000,801.0,772.5,772.5,1269.0,137.0,1091550.0,803.0,1.0,803.5,10.0,804.0,1.0,805.0,1.0,806.0,1.0,744.5,1.0,744.0,16.0,702.5,1.0,200.0,1.0,,0.0
2023-04-27 22:32:55.25,1682605975250000000,801.0,772.5,772.5,1269.0,137.0,1091550.0,803.0,1.0,804.0,1.0,805.0,1.0,806.0,1.0,807.0,1.0,744.5,1.0,744.0,16.0,702.5,1.0,200.0,1.0,,0.0
2023-04-27 22:32:55.5,1682605975500000000,801.0,772.5,772.5,1269.0,137.0,1091550.0,802.5,10.0,803.0,1.0,804.0,1.0,805.0,1.0,806.0,1.0,744.5,1.0,744.0,16.0,702.5,1.0,200.0,1.0,,0.0
2023-04-27 22:32:56.0,1682605976000000000,801.0,772.5,772.5,1269.0,137.0,1091550.0,802.0,1.0,802.5,10.0,803.0,1.0,804.0,1.0,805.0,1.0,744.5,1.0,744.0,16.0,702.5,1.0,200.0,1.0,,0.0
2023-04-27 22:32:56.25,1682605976250000000,801.0,772.5,772.5,1269.0,137.0,1091550.0,802.0,1.0,803.0,1.0,804.0,1.0,805.0,1.0,806.0,1.0,744.5,1.0,744.0,16.0,702.5,1.0,200.0,1.0,,0.0
2023-04-27 22:32:56.5,1682605976500000000,801.0,772.5,772.5,1269.0,137.0,1091550.0,801.5,10.0,802.0,1.0,803.0,1.0,804.0,1.0,805.0,1.0,744.5,1.0,744.0,16.0,702.5,1.0,200.0,1.0,,0.0
2023-04-27 22:32:57.0,1682605977000000000,801.0,772.5,772.5,1269.0,137.0,1091550.0,801.0,1.0,801.5,10.0,802.0,1.0,803.0,1.0,804.0,1.0,744.5,1.0,744.0,16.0,702.5,1.0,200.0,1.0,,0.0
2023-04-27 22:32:57.25,1682605977250000000,801.0,772.5,772.5,1269.0,137.0,1091550.0,801.0,1.0,802.0,1.0,803.0,1.0,804.0,1.0,805.0,1.0,744.5,1.0,744.0,16.0,702.5,1.0,200.0,1.0,,0.0
2023-04-27 22:32:57.5,1682605977500000000,801.0,772.5,772.5,1269.0,137.0,1091550.0,800.5,10.0,801.0,1.0,802.0,1.0,803.0,1.0,804.0,1.0,744.5,1.0,744.0,16.0,702.5,1.0,200.0,1.0,,0.0
2023-04-27 22:32:58.0,1682605978000000000,801.0,772.5,772.5,1269.0,137.0,1091550.0,800.0,1.0,800.5,10.0,801.0,1.0,802.0,1.0,803.0,1.0,744.5,1.0,744.0,16.0,702.5,1.0,200.0,1.0,,0.0
2023-04-27 22:32:58.25,1682605978250000000,801.0,772.5,772.5,1269.0,137.0,1091550.0,800.0,1.0,801.0,1.0,802.0,1.0,803.0,1.0,804.0,1.0,744.5,1.0,744.0,16.0,702.5,1.0,200.0,1.0,,0.0
2023-04-27 22:32:58.5,1682605978500000000,801.0,772.5,772.5,1269.0,137.0,1091550.0,799.5,10.0,800.0,1.0,801.0,1.0,802.0,1.0,803.0,1.0,744.5,1.0,744.0,16.0,702.5,1.0,200.0,1.0,,0.0
2023-04-27 22:32:59.0,1682605979000000000,801.0,772.5,772.5,1269.0,137.0,1091550.0,799.0,1.0,799.5,10.0,800.0,1.0,801.0,1.0,802.0,1.0,744.5,1.0,744.0,16.0,702.5,1.0,200.0,1.0,,0.0
2023-04-27 22:32:59.25,1682605979250000000,801.0,772.5,772.5,1269.0,137.0,1091550.0,799.0,1.0,800.0,1.0,801.0,1.0,802.0,1.0,803.0,1.0,744.5,1.0,744.0,16.0,702.5,1.0,200.0,1.0,,0.0
2023-04-27 22:32:59.5,1682605979500000000,801.0,772.5,772.5,1269.0,137.0,1091550.0,798.5,10.0,799.0,1.0,800.0,1.0,801.0,1.0,802.0,1.0,744.5,1.0,744.0,16.0,702.5,1.0,200.0,1.0,,0.0
2023-04-27 22:33:00.0,1682605980000000000,801.0,772.5,772.5,1269.0,137.0,1091550.0,798.0,1.0,798.5,10.0,799.0,1.0,800.0,1.0,801.0,1.0,744.5,1.0,744.0,16.0,702.5,1.0,200.0,1.0,,0.0
2023-04-27 22:33:00.25,1682605980250000000,801.0,772.5,772.5,1269.0,137.0,1091550.0,798.0,1.0,799.0,1.0,800.0,1.0,801.0,1.0,802.0,1.0,744.5,1.0,744.0,16.0,702.5,1.0,200.0,1.0,,0.0
2023-04-27 22:33:00.5,1682605980500000000,801.0,772.5,772.5,1269.0,137.0,1091550.0,797.5,10.0,798.0,1.0,799.0,1.0,800.0,1.0,801.0,1.0,744.5,1.0,744.0,16.0,702.5,1.0,200.0,1.0,,0.0
2023-04-27 22:33:01.0,1682605981000000000,801.0,772.5,772.5,1269.0,137.0,1091550.0,797.0,1.0,797.5,10.0,798.0,1.0,799.0,1.0,800.0,1.0,744.5,1.0,744.0,16.0,702.5,1.0,200.0,1.0,,0.0
2023-04-27 22:33:01.25,1682605981250000000,801.0,772.5,772.5,1269.0,137.0,1091550.0,797.0,1.0,798.0,1.0,799.0,1.0,800.0,1.0,801.0,1.0,744.5,1.0,744.0,16.0,702.5,1.0,200.0,1.0,,0.0
2023-04-27 22:33:01.5,1682605981500000000,801.0,772.5,772.5,1269.0,137.0,1091550.0,796.5,10.0,797.0,1.0,798.0,1.0,799.0,1.0,800.0,1.0,744.5,1.0,744.0,16.0,702.5,1.0,200.0,1.0,,0.0
2023-04-27 22:33:02.0,1682605982000000000,801.0,772.5,772.5,1269.0,137.0,1091550.0,796.0,1.0,796.5,10.0,797.0,1.0,798.0,1.0,799.0,1.0,744.5,1.0,744.0,16.0,702.5,1.0,200.0,1.0,,0.0
2023-04-27 22:33:02.25,1682605982250000000,801.0,772.5,772.5,1269.0,137.0,1091550.0,796.0,1.0,797.0,1.0,798.0,1.0,799.0,1.0,800.0,1.0,744.5,1.0,744.0,16.0,702.5,1.0,200.0,1.0,,0.0
2023-04-27 22:33:02.5,1682605982500000000,801.0,772.5,772.5,1269.0,137.0,1091550.0,795.5,10.0,796.0,1.0,797.0,1.0,798.0,1.0,799.0,1.0,744.5,1.0,744.0,16.0,702.5,1.0,200.0,1.0,,0.0
2023-04-27 22:33:03.0,1682605983000000000,801.0,772.5,772.5,1269.0,137.0,1091550.0,795.0,1.0,795.5,10.0,796.0,1.0,797.0,1.0,798.0,1.0,744.5,1.0,744.0,16.0,702.5,1.0,200.0,1.0,,0.0
2023-04-27 22:33:03.25,1682605983250000000,801.0,772.5,772.5,1269.0,137.0,1091550.0,795.0,1.0,796.0,1.0,797.0,1.0,798.0,1.0,799.0,1.0,744.5,1.0,744.0,16.0,702.5,1.0,200.0,1.0,,0.0
2023-04-27 22:33:03.5,1682605983500000000,801.0,772.5,772.5,1269.0,137.0,1091550.0,794.5,10.0,795.0,1.0,796.0,1.0,797.0,1.0,798.0,1.0,744.5,1.0,744.0,16.0,702.5,1.0,200.0,1.0,,0.0
2023-04-27 22:33:04.0,1682605984000000000,801.0,772.5,772.5,1269.0,137.0,1091550.0,794.0,1.0,794.5,10.0,795.0,1.0,796.0,1.0,797.0,1.0,744.5,1.0,744.0,16.0,702.5,1.0,200.0,1.0,,0.0
2023-04-27 22:33:04.25,1682605984250000000,801.0,772.5,772.5,1269.0,137.0,1091550.0,794.0,1.0,795.0,1.0,796.0,1.0,797.0,1.0,798.0,1.0,744.5,1.0,744.0,16.0,702.5,1.0,200.0,1.0,,0.0
2023-04-27 22:33:04.5,1682605984500000000,801.0,772.5,772.5,1269.0,137.0,1091550.0,793.5,10.0,794.0,1.0,795.0,1.0,796.0,1.0,797.0,1.0,744.5,1.0,744.0,16.0,702.5,1.0,200.0,1.0,,0.0
2023-04-27 22:33:06.25,1682605986250000000,801.0,772.5,772.5,1269.0,137.0,1091550.0,772.5,5.0,793.5,10.0,794.0,1.0,795.0,1.0,796.0,1.0,744.5,1.0,744.0,16.0,702.5,1.0,200.0,1.0,,0.0
2023-04-27 22:33:06.5,1682605986500000000,801.0,772.5,772.5,1269.0,137.0,1091550.0,772.5,5.0,794.0,1.0,795.0,1.0,796.0,1.0,797.0,1.0,744.5,1.0,744.0,16.0,702.5,1.0,200.0,1.0,,0.0
2023-04-27 22:33:11.5,1682605991500000000,801.0,772.5,772.5,1269.0,137.0,1091550.0,774.0,5.0,794.0,1.0,795.0,1.0,796.0,1.0,797.0,1.0,744.5,1.0,744.0,16.0,702.5,1.0,200.0,1.0,,0.0
2023-04-27 22:33:15.0,1682605995000000000,801.0,772.5,772.5,1269.0,137.0,1091550.0,772.5,5.0,794.0,1.0,795.0,1.0,796.0,1.0,797.0,1.0,744.5,1.0,744.0,16.0,702.5,1.0,200.0,1.0,,0.0
2023-04-27 22:33:23.75,1682606003750000000,801.0,772.5,772.5,1269.0,137.0,1091550.0,771.0,5.0,794.0,1.0,795.0,1.0,796.0,1.0,797.0,1.0,744.5,1.0,744.0,16.0,702.5,1.0,200.0,1.0,,0.0
2023-04-27 22:33:26.0,1682606006000000000,801.0,772.5,772.5,1269.0,137.0,1091550.0,769.5,5.0,794.0,1.0,795.0,1.0,796.0,1.0,797.0,1.0,744.5,1.0,744.0,16.0,702.5,1.0,200.0,1.0,,0.0
2023-04-27 22:33:35.5,1682606015500000000,801.0,772.5,772.5,1269.0,137.0,1091550.0,768.0,5.0,794.0,1.0,795.0,1.0,796.0,1.0,797.0,1.0,744.5,1.0,744.0,16.0,702.5,1.0,200.0,1.0,,0.0
2023-04-27 22:33:42.5,1682606022500000000,801.0,772.5,772.5,1269.0,137.0,1091550.0,769.5,5.0,794.0,1.0,795.0,1.0,796.0,1.0,797.0,1.0,744.5,1.0,744.0,16.0,702.5,1.0,200.0,1.0,,0.0
2023-04-27 22:33:48.0,1682606028000000000,801.0,772.5,772.5,1269.0,137.0,1091550.0,771.0,5.0,794.0,1.0,795.0,1.0,796.0,1.0,797.0,1.0,744.5,1.0,744.0,16.0,702.5,1.0,200.0,1.0,,0.0
2023-04-27 22:33:51.75,1682606031750000000,801.0,772.5,772.5,1269.0,137.0,1091550.0,772.5,5.0,794.0,1.0,795.0,1.0,796.0,1.0,797.0,1.0,744.5,1.0,744.0,16.0,702.5,1.0,200.0,1.0,,0.0
2023-04-27 22:33:53.75,1682606033750000000,801.0,772.5,772.5,1269.0,137.0,1091550.0,771.0,5.0,794.0,1.0,795.0,1.0,796.0,1.0,797.0,1.0,744.5,1.0,744.0,16.0,702.5,1.0,200.0,1.0,,0.0
2023-04-27 22:33:56.25,1682606036250000000,801.0,772.5,772.5,1269.0,137.0,1091550.0,772.5,5.0,794.0,1.0,795.0,1.0,796.0,1.0,797.0,1.0,744.5,1.0,744.0,16.0,702.5,1.0,200.0,1.0,,0.0
2023-04-27 22:34:02.75,1682606042750000000,801.0,772.5,772.5,1269.0,137.0,1091550.0,770.5,5.0,794.0,1.0,795.0,1.0,796.0,1.0,797.0,1.0,744.5,1.0,744.0,16.0,702.5,1.0,200.0,1.0,,0.0
2023-04-27 22:34:08.25,1682606048250000000,801.0,772.5,772.5,1269.0,137.0,1091550.0,769.0,5.0,794.0,1.0,795.0,1.0,796.0,1.0,797.0,1.0,744.5,1.0,744.0,16.0,702.5,1.0,200.0,1.0,,0.0
2023-04-27 22:34:11.5,1682606051500000000,801.0,772.5,772.5,1269.0,137.0,1091550.0,767.0,5.0,794.0,1.0,795.0,1.0,796.0,1.0,797.0,1.0,744.5,1.0,744.0,16.0,702.5,1.0,200.0,1.0,,0.0
2023-04-27 22:34:13.25,1682606053250000000,801.0,772.5,772.5,1269.0,137.0,1091550.0,764.5,5.0,794.0,1.0,795.0,1.0,796.0,1.0,797.0,1.0,744.5,1.0,744.0,16.0,702.5,1.0,200.0,1.0,,0.0
2023-04-27 22:34:13.5,1682606053500000000,801.0,772.5,772.5,1269.0,137.0,1091550.0,763.0,5.0,794.0,1.0,795.0,1.0,796.0,1.0,797.0,1.0,744.5,1.0,744.0,16.0,702.5,1.0,200.0,1.0,,0.0
2023-04-27 22:34:14.25,1682606054250000000,801.0,772.5,772.5,1269.0,137.0,1091550.0,765.5,5.0,794.0,1.0,795.0,1.0,796.0,1.0,797.0,1.0,744.5,1.0,744.0,16.0,702.5,1.0,200.0,1.0,,0.0
2023-04-27 22:34:15.0,1682606055000000000,801.0,772.5,772.5,1269.0,137.0,1091550.0,764.0,5.0,794.0,1.0,795.0,1.0,796.0,1.0,797.0,1.0,744.5,1.0,744.0,16.0,702.5,1.0,200.0,1.0,,0.0
2023-04-27 22:34:16.25,1682606056250000000,801.0,764.0,764.0,1264.0,142.0,1129750.0,794.0,1.0,795.0,1.0,796.0,1.0,797.0,1.0,797.5,16.0,744.5,1.0,744.0,16.0,702.5,1.0,200.0,1.0,,0.0
2023-04-27 22:34:16.5,1682606056500000000,801.0,764.0,764.0,1264.0,142.0,1129750.0,793.5,10.0,794.0,1.0,795.0,1.0,796.0,1.0,797.0,1.0,744.5,1.0,744.0,16.0,702.5,1.0,200.0,1.0,,0.0
2023-04-27 22:34:17.0,1682606057000000000,801.0,764.0,764.0,1264.0,142.0,1129750.0,793.0,1.0,793.5,10.0,794.0,1.0,795.0,1.0,796.0,1.0,744.5,1.0,744.0,16.0,702.5,1.0,200.0,1.0,,0.0
2023-04-27 22:34:17.25,1682606057250000000,801.0,764.0,764.0,1264.0,142.0,1129750.0,793.0,1.0,794.0,1.0,795.0,1.0,796.0,1.0,797.0,1.0,744.5,1.0,744.0,16.0,702.5,1.0,200.0,1.0,,0.0
2023-04-27 22:34:17.5,1682606057500000000,801.0,764.0,764.0,1264.0,142.0,1129750.0,792.5,10.0,793.0,1.0,794.0,1.0,795.0,1.0,796.0,1.0,744.5,1.0,744.0,16.0,702.5,1.0,200.0,1.0,,0.0
2023-04-27 22:34:18.0,1682606058000000000,801.0,764.0,764.0,1264.0,142.0,1129750.0,792.0,1.0,792.5,10.0,793.0,1.0,794.0,1.0,795.0,1.0,744.5,1.0,744.0,16.0,702.5,1.0,200.0,1.0,,0.0
2023-04-27 22:34:18.25,1682606058250000000,801.0,764.0,764.0,1264.0,142.0,1129750.0,792.0,1.0,793.0,1.0,794.0,1.0,795.0,1.0,796.0,1.0,744.5,1.0,744.0,16.0,702.5,1.0,200.0,1.0,,0.0
2023-04-27 22:34:18.5,1682606058500000000,801.0,764.0,764.0,1264.0,142.0,1129750.0,791.5,10.0,792.0,1.0,793.0,1.0,794.0,1.0,795.0,1.0,744.5,1.0,744.0,16.0,702.5,1.0,200.0,1.0,,0.0
2023-04-27 22:34:19.0,1682606059000000000,801.0,764.0,764.0,1264.0,142.0,1129750.0,791.0,1.0,791.5,10.0,792.0,1.0,793.0,1.0,794.0,1.0,744.5,1.0,744.0,16.0,702.5,1.0,200.0,1.0,,0.0
2023-04-27 22:34:19.25,1682606059250000000,801.0,764.0,764.0,1264.0,142.0,1129750.0,791.0,1.0,792.0,1.0,793.0,1.0,794.0,1.0,795.0,1.0,744.5,1.0,744.0,16.0,702.5,1.0,200.0,1.0,,0.0
2023-04-27 22:34:19.5,1682606059500000000,801.0,764.0,764.0,1264.0,142.0,1129750.0,790.5,10.0,791.0,1.0,792.0,1.0,793.0,1.0,794.0,1.0,744.5,1.0,744.0,16.0,702.5,1.0,200.0,1.0,,0.0
2023-04-27 22:34:20.0,1682606060000000000,801.0,764.0,764.0,1264.0,142.0,1129750.0,790.0,1.0,790.5,10.0,791.0,1.0,792.0,1.0,793.0,1.0,744.5,1.0,744.0,16.0,702.5,1.0,200.0,1.0,,0.0
2023-04-27 22:34:20.25,1682606060250000000,801.0,764.0,764.0,1264.0,142.0,1129750.0,790.0,1.0,791.0,1.0,792.0,1.0,793.0,1.0,794.0,1.0,744.5,1.0,744.0,16.0,702.5,1.0,200.0,1.0,,0.0
2023-04-27 22:34:20.5,1682606060500000000,801.0,764.0,764.0,1264.0,142.0,1129750.0,789.5,10.0,790.0,1.0,791.0,1.0,792.0,1.0,793.0,1.0,744.5,1.0,744.0,16.0,702.5,1.0,200.0,1.0,,0.0
2023-04-27 22:34:21.0,1682606061000000000,801.0,764.0,764.0,1264.0,142.0,1129750.0,789.0,1.0,789.5,10.0,790.0,1.0,791.0,1.0,792.0,1.0,744.5,1.0,744.0,16.0,702.5,1.0,200.0,1.0,,0.0
2023-04-27 22:34:21.25,1682606061250000000,801.0,764.0,764.0,1264.0,142.0,1129750.0,789.0,1.0,790.0,1.0,791.0,1.0,792.0,1.0,793.0,1.0,744.5,1.0,744.0,16.0,702.5,1.0,200.0,1.0,,0.0
2023-04-27 22:34:21.5,1682606061500000000,801.0,764.0,764.0,1264.0,142.0,1129750.0,788.5,10.0,789.0,1.0,790.0,1.0,791.0,1.0,792.0,1.0,744.5,1.0,744.0,16.0,702.5,1.0,200.0,1.0,,0.0
2023-04-27 22:34:22.0,1682606062000000000,801.0,764.0,764.0,1264.0,142.0,1129750.0,788.0,1.0,788.5,10.0,789.0,1.0,790.0,1.0,791.0,1.0,744.5,1.0,744.0,16.0,702.5,1.0,200.0,1.0,,0.0
2023-04-27 22:34:22.25,1682606062250000000,801.0,764.0,764.0,1264.0,142.0,1129750.0,788.0,1.0,789.0,1.0,790.0,1.0,791.0,1.0,792.0,1.0,744.5,1.0,744.0,16.0,702.5,1.0,200.0,1.0,,0.0
2023-04-27 22:34:22.5,1682606062500000000,801.0,764.0,764.0,1264.0,142.0,1129750.0,787.5,10.0,788.0,1.0,789.0,1.0,790.0,1.0,791.0,1.0,744.5,1.0,744.0,16.0,702.5,1.0,200.0,1.0,,0.0
2023-04-27 22:34:23.0,1682606063000000000,801.0,764.0,764.0,1264.0,142.0,1129750.0,787.0,1.0,787.5,10.0,788.0,1.0,789.0,1.0,790.0,1.0,744.5,1.0,744.0,16.0,702.5,1.0,200.0,1.0,,0.0
2023-04-27 22:34:23.25,1682606063250000000,801.0,764.0,764.0,1264.0,142.0,1129750.0,787.0,1.0,788.0,1.0,789.0,1.0,790.0,1.0,791.0,1.0,744.5,1.0,744.0,16.0,702.5,1.0,200.0,1.0,,0.0
2023-04-27 22:34:23.5,1682606063500000000,801.0,764.0,764.0,1264.0,142.0,1129750.0,786.5,10.0,787.0,1.0,788.0,1.0,789.0,1.0,790.0,1.0,744.5,1.0,744.0,16.0,702.5,1.0,200.0,1.0,,0.0
2023-04-27 22:34:24.0,1682606064000000000,801.0,764.0,764.0,1264.0,142.0,1129750.0,786.0,1.0,786.5,10.0,787.0,1.0,788.0,1.0,789.0,1.0,744.5,1.0,744.0,16.0,702.5,1.0,200.0,1.0,,0.0
2023-04-27 22:34:24.25,1682606064250000000,801.0,764.0,764.0,1264.0,142.0,1129750.0,786.0,1.0,787.0,1.0,788.0,1.0,789.0,1.0,790.0,1.0,744.5,1.0,744.0,16.0,702.5,1.0,200.0,1.0,,0.0
2023-04-27 22:34:24.5,1682606064500000000,801.0,764.0,764.0,1264.0,142.0,1129750.0,785.5,10.0,786.0,1.0,787.0,1.0,788.0,1.0,789.0,1.0,744.5,1.0,744.0,16.0,702.5,1.0,200.0,1.0,,0.0
2023-04-27 22:34:25.0,1682606065000000000,801.0,764.0,764.0,1264.0,142.0,1129750.0,785.0,1.0,785.5,10.0,786.0,1.0,787.0,1.0,788.0,1.0,744.5,1.0,744.0,16.0,702.5,1.0,200.0,1.0,,0.0
2023-04-27 22:34:25.25,1682606065250000000,801.0,764.0,764.0,1264.0,142.0,1129750.0,785.0,1.0,786.0,1.0,787.0,1.0,788.0,1.0,789.0,1.0,744.5,1.0,744.0,16.0,702.5,1.0,200.0,1.0,,0.0
2023-04-27 22:34:25.5,1682606065500000000,801.0,764.0,764.0,1264.0,142.0,1129750.0,784.5,10.0,785.0,1.0,786.0,1.0,787.0,1.0,788.0,1.0,744.5,1.0,744.0,16.0,702.5,1.0,200.0,1.0,,0.0
2023-04-27 22:34:26.0,1682606066000000000,801.0,764.0,764.0,1264.0,142.0,1129750.0,784.0,1.0,784.5,10.0,785.0,1.0,786.0,1.0,787.0,1.0,744.5,1.0,744.0,16.0,702.5,1.0,200.0,1.0,,0.0
2023-04-27 22:34:26.25,1682606066250000000,801.0,764.0,764.0,1264.0,142.0,1129750.0,784.0,1.0,785.0,1.0,786.0,1.0,787.0,1.0,788.0,1.0,744.5,1.0,744.0,16.0,702.5,1.0,200.0,1.0,,0.0
2023-04-27 22:34:26.5,1682606066500000000,801.0,764.0,764.0,1264.0,142.0,1129750.0,783.5,10.0,784.0,1.0,785.0,1.0,786.0,1.0,787.0,1.0,744.5,1.0,744.0,16.0,702.5,1.0,200.0,1.0,,0.0
2023-04-27 22:34:27.0,1682606067000000000,801.0,764.0,764.0,1264.0,142.0,1129750.0,783.0,1.0,783.5,10.0,784.0,1.0,785.0,1.0,786.0,1.0,744.5,1.0,744.0,16.0,702.5,1.0,200.0,1.0,,0.0
2023-04-27 22:34:27.25,1682606067250000000,801.0,764.0,764.0,1264.0,142.0,1129750.0,783.0,1.0,784.0,1.0,785.0,1.0,786.0,1.0,787.0,1.0,744.5,1.0,744.0,16.0,702.5,1.0,200.0,1.0,,0.0
2023-04-27 22:34:27.5,1682606067500000000,801.0,764.0,764.0,1264.0,142.0,1129750.0,782.5,10.0,783.0,1.0,784.0,1.0,785.0,1.0,786.0,1.0,744.5,1.0,744.0,16.0,702.5,1.0,200.0,1.0,,0.0
2023-04-27 22:34:28.5,1682606068500000000,801.0,764.0,764.0,1264.0,142.0,1129750.0,782.0,1.0,782.5,10.0,783.0,1.0,784.0,1.0,785.0,1.0,744.5,1.0,744.0,16.0,702.5,1.0,200.0,1.0,,0.0
2023-04-27 22:34:28.75,1682606068750000000,801.0,764.0,764.0,1264.0,142.0,1129750.0,782.0,1.0,783.0,1.0,784.0,1.0,785.0,1.0,786.0,1.0,744.5,1.0,744.0,16.0,702.5,1.0,200.0,1.0,,0.0
2023-04-27 22:34:29.0,1682606069000000000,801.0,764.0,764.0,1264.0,142.0,1129750.0,781.5,10.0,782.0,1.0,783.0,1.0,784.0,1.0,785.0,1.0,744.5,1.0,744.0,16.0,702.5,1.0,200.0,1.0,,0.0
2023-04-27 22:34:38.5,1682606078500000000,801.0,764.0,764.0,1264.0,142.0,1129750.0,781.0,1.0,781.5,10.0,782.0,1.0,783.0,1.0,784.0,1.0,744.5,1.0,744.0,16.0,702.5,1.0,200.0,1.0,,0.0
2023-04-27 22:34:38.75,1682606078750000000,801.0,764.0,764.0,1264.0,142.0,1129750.0,781.0,1.0,782.0,1.0,783.0,1.0,784.0,1.0,785.0,1.0,744.5,1.0,744.0,16.0,702.5,1.0,200.0,1.0,,0.0
2023-04-27 22:34:39.0,1682606079000000000,801.0,764.0,764.0,1264.0,142.0,1129750.0,780.5,10.0,781.0,1.0,782.0,1.0,783.0,1.0,784.0,1.0,744.5,1.0,744.0,16.0,702.5,1.0,200.0,1.0,,0.0
2023-04-27 22:34:40.5,1682606080500000000,801.0,764.0,764.0,1264.0,142.0,1129750.0,780.0,1.0,780.5,10.0,781.0,1.0,782.0,1.0,783.0,1.0,744.5,1.0,744.0,16.0,702.5,1.0,200.0,1.0,,0.0
2023-04-27 22:34:40.75,1682606080750000000,801.0,764.0,764.0,1264.0,142.0,1129750.0,780.0,1.0,781.0,1.0,782.0,1.0,783.0,1.0,784.0,1.0,744.5,1.0,744.0,16.0,702.5,1.0,200.0,1.0,,0.0
2023-04-27 22:34:41.0,1682606081000000000,801.0,764.0,764.0,1264.0,142.0,1129750.0,779.5,10.0,780.0,1.0,781.0,1.0,782.0,1.0,783.0,1.0,744.5,1.0,744.0,16.0,702.5,1.0,200.0,1.0,,0.0
2023-04-27 22:34:50.0,1682606090000000000,801.0,764.0,764.0,1264.0,142.0,1129750.0,779.5,10.0,780.0,1.0,781.0,1.0,782.0,1.0,783.0,1.0,744.0,16.0,702.5,1.0,200.0,1.0,,0.0,,0.0
2023-04-27 22:34:52.5,1682606092500000000,801.0,764.0,764.0,1264.0,142.0,1129750.0,779.0,1.0,779.5,10.0,780.0,1.0,781.0,1.0,782.0,1.0,744.0,16.0,702.5,1.0,200.0,1.0,,0.0,,0.0
2023-04-27 22:34:52.75,1682606092750000000,801.0,764.0,764.0,1264.0,142.0,1129750.0,779.0,1.0,780.0,1.0,781.0,1.0,782.0,1.0,783.0,1.0,744.0,16.0,702.5,1.0,200.0,1.0,,0.0,,0.0
2023-04-27 22:34:53.0,1682606093000000000,801.0,764.0,764.0,1264.0,142.0,1129750.0,778.5,10.0,779.0,1.0,780.0,1.0,781.0,1.0,782.0,1.0,744.0,16.0,702.5,1.0,200.0,1.0,,0.0,,0.0
2023-04-27 22:35:03.5,1682606103500000000,801.0,764.0,764.0,1264.0,142.0,1129750.0,778.5,10.0,780.0,1.0,781.0,1.0,782.0,1.0,783.0,1.0,744.0,16.0,702.5,1.0,200.0,1.0,,0.0,,0.0
2023-04-27 22:35:05.5,1682606105500000000,801.0,764.0,764.0,1264.0,142.0,1129750.0,778.5,10.0,781.0,1.0,782.0,1.0,783.0,1.0,784.0,1.0,744.5,1.0,744.0,16.0,702.5,1.0,200.0,1.0,,0.0
2023-04-27 22:35:06.5,1682606106500000000,801.0,764.0,764.0,1264.0,142.0,1129750.0,778.5,10.0,782.0,1.0,783.0,1.0,784.0,1.0,785.0,1.0,744.5,1.0,744.0,16.0,702.5,1.0,200.0,1.0,,0.0
2023-04-27 22:35:09.0,1682606109000000000,801.0,764.0,764.0,1264.0,142.0,1129750.0,771.0,5.0,778.5,10.0,782.0,1.0,783.0,1.0,784.0,1.0,744.5,1.0,744.0,16.0,702.5,1.0,200.0,1.0,,0.0
2023-04-27 22:35:09.25,1682606109250000000,801.0,764.0,764.0,1264.0,142.0,1129750.0,771.0,5.0,782.0,1.0,783.0,1.0,784.0,1.0,785.0,1.0,744.5,1.0,744.0,16.0,702.5,1.0,200.0,1.0,,0.0
2023-04-27 22:35:14.5,1682606114500000000,801.0,764.0,764.0,1264.0,142.0,1129750.0,769.5,5.0,782.0,1.0,783.0,1.0,784.0,1.0,785.0,1.0,744.5,1.0,744.0,16.0,702.5,1.0,200.0,1.0,,0.0
2023-04-27 22:35:14.75,1682606114750000000,801.0,764.0,764.0,1264.0,142.0,1129750.0,771.0,5.0,782.0,1.0,783.0,1.0,784.0,1.0,785.0,1.0,744.5,1.0,744.0,16.0,702.5,1.0,200.0,1.0,,0.0
2023-04-27 22:35:16.5,1682606116500000000,801.0,764.0,764.0,1264.0,142.0,1129750.0,771.0,5.0,783.0,1.0,784.0,1.0,785.0,1.0,786.0,1.0,744.5,1.0,744.0,16.0,702.5,1.0,200.0,1.0,,0.0
2023-04-27 22:35:21.0,1682606121000000000,801.0,764.0,764.0,1264.0,142.0,1129750.0,772.5,5.0,783.0,1.0,784.0,1.0,785.0,1.0,786.0,1.0,744.5,1.0,744.0,16.0,702.5,1.0,200.0,1.0,,0.0
2023-04-27 22:35:23.5,1682606123500000000,801.0,764.0,764.0,1264.0,142.0,1129750.0,771.0,5.0,783.0,1.0,784.0,1.0,785.0,1.0,786.0,1.0,744.5,1.0,744.0,16.0,702.5,1.0,200.0,1.0,,0.0
2023-04-27 22:35:33.5,1682606133500000000,801.0,764.0,764.0,1264.0,142.0,1129750.0,769.5,5.0,783.0,1.0,784.0,1.0,785.0,1.0,786.0,1.0,744.5,1.0,744.0,16.0,702.5,1.0,200.0,1.0,,0.0
2023-04-27 22:35:49.5,1682606149500000000,801.0,764.0,764.0,1264.0,142.0,1129750.0,768.0,5.0,783.0,1.0,784.0,1.0,785.0,1.0,786.0,1.0,744.5,1.0,744.0,16.0,702.5,1.0,200.0,1.0,,0.0
2023-04-27 22:35:56.0,1682606156000000000,801.0,764.0,764.0,1264.0,142.0,1129750.0,766.0,5.0,783.0,1.0,784.0,1.0,785.0,1.0,786.0,1.0,744.5,1.0,744.0,16.0,702.5,1.0,200.0,1.0,,0.0
2023-04-27 22:35:57.5,1682606157500000000,801.0,764.0,764.0,1264.0,142.0,1129750.0,764.5,5.0,783.0,1.0,784.0,1.0,785.0,1.0,786.0,1.0,744.5,1.0,744.0,16.0,702.5,1.0,200.0,1.0,,0.0
2023-04-27 22:36:00.5,1682606160500000000,801.0,764.5,764.0,1259.0,147.0,1167975.0,783.0,1.0,784.0,1.0,785.0,1.0,786.0,1.0,787.0,1.0,744.5,1.0,744.0,16.0,702.5,1.0,200.0,1.0,,0.0
2023-04-27 22:36:00.75,1682606160750000000,801.0,764.5,764.0,1259.0,147.0,1167975.0,782.5,10.0,783.0,1.0,784.0,1.0,785.0,1.0,786.0,1.0,744.5,1.0,744.0,16.0,702.5,1.0,200.0,1.0,,0.0
2023-04-27 22:36:01.25,1682606161250000000,801.0,764.5,764.0,1259.0,147.0,1167975.0,767.5,5.0,782.5,10.0,783.0,1.0,784.0,1.0,785.0,1.0,744.5,1.0,744.0,16.0,702.5,1.0,200.0,1.0,,0.0
2023-04-27 22:36:01.5,1682606161500000000,801.0,764.5,764.0,1259.0,147.0,1167975.0,767.5,5.0,782.0,1.0,783.0,1.0,784.0,1.0,785.0,1.0,744.5,1.0,744.0,16.0,702.5,1.0,200.0,1.0,,0.0
2023-04-27 22:36:09.75,1682606169750000000,801.0,764.5,764.0,1259.0,147.0,1167975.0,766.0,5.0,782.0,1.0,783.0,1.0,784.0,1.0,785.0,1.0,744.5,1.0,744.0,16.0,702.5,1.0,200.0,1.0,,0.0
2023-04-27 22:36:11.0,1682606171000000000,801.0,764.5,764.0,1259.0,147.0,1167975.0,766.0,5.0,782.0,1.0,783.0,1.0,784.0,1.0,785.0,1.0,744.0,16.0,702.5,1.0,200.0,1.0,,0.0,,0.0
2023-04-27 22:36:12.75,1682606172750000000,801.0,764.5,764.0,1259.0,147.0,1167975.0,764.5,5.0,782.0,1.0,783.0,1.0,784.0,1.0,785.0,1.0,744.0,16.0,702.5,1.0,200.0,1.0,,0.0,,0.0
2023-04-27 22:36:27.0,1682606187000000000,801.0,764.5,764.0,1259.0,147.0,1167975.0,766.0,5.0,782.0,1.0,783.0,1.0,784.0,1.0,785.0,1.0,744.0,16.0,702.5,1.0,200.0,1.0,,0.0,,0.0
2023-04-27 22:36:32.75,1682606192750000000,801.0,764.5,764.0,1259.0,147.0,1167975.0,767.5,5.0,782.0,1.0,783.0,1.0,784.0,1.0,785.0,1.0,744.0,16.0,702.5,1.0,200.0,1.0,,0.0,,0.0
2023-04-27 22:36:36.0,1682606196000000000,801.0,764.5,764.0,1259.0,147.0,1167975.0,766.0,5.0,782.0,1.0,783.0,1.0,784.0,1.0,785.0,1.0,744.0,16.0,702.5,1.0,200.0,1.0,,0.0,,0.0
2023-04-27 22:36:42.5,1682606202500000000,801.0,764.5,764.0,1259.0,147.0,1167975.0,764.5,5.0,782.0,1.0,783.0,1.0,784.0,1.0,785.0,1.0,744.0,16.0,702.5,1.0,200.0,1.0,,0.0,,0.0
2023-04-27 22:36:48.0,1682606208000000000,801.0,764.5,764.0,1259.0,147.0,1167975.0,766.0,5.0,782.0,1.0,783.0,1.0,784.0,1.0,785.0,1.0,744.0,16.0,702.5,1.0,200.0,1.0,,0.0,,0.0
2023-04-27 22:36:54.0,1682606214000000000,801.0,764.5,764.0,1259.0,147.0,1167975.0,764.5,5.0,782.0,1.0,783.0,1.0,784.0,1.0,785.0,1.0,744.0,16.0,702.5,1.0,200.0,1.0,,0.0,,0.0
2023-04-27 22:36:57.75,1682606217750000000,801.0,764.5,764.0,1259.0,147.0,1167975.0,766.0,5.0,782.0,1.0,783.0,1.0,784.0,1.0,785.0,1.0,744.0,16.0,702.5,1.0,200.0,1.0,,0.0,,0.0
2023-04-27 22:37:03.5,1682606223500000000,801.0,764.5,764.0,1259.0,147.0,1167975.0,767.5,5.0,782.0,1.0,783.0,1.0,784.0,1.0,785.0,1.0,744.0,16.0,702.5,1.0,200.0,1.0,,0.0,,0.0
2023-04-27 22:37:08.0,1682606228000000000,801.0,764.5,764.0,1259.0,147.0,1167975.0,769.5,5.0,782.0,1.0,783.0,1.0,784.0,1.0,785.0,1.0,744.0,16.0,702.5,1.0,200.0,1.0,,0.0,,0.0
2023-04-27 22:37:12.25,1682606232250000000,801.0,764.5,764.0,1259.0,147.0,1167975.0,771.0,5.0,782.0,1.0,783.0,1.0,784.0,1.0,785.0,1.0,744.0,16.0,702.5,1.0,200.0,1.0,,0.0,,0.0
2023-04-27 22:37:14.0,1682606234000000000,801.0,764.5,764.0,1259.0,147.0,1167975.0,771.0,5.0,783.0,1.0,784.0,1.0,785.0,1.0,786.0,1.0,744.0,16.0,702.5,1.0,200.0,1.0,,0.0,,0.0
2023-04-27 22:37:14.75,1682606234750000000,801.0,764.5,764.0,1259.0,147.0,1167975.0,772.5,5.0,783.0,1.0,784.0,1.0,785.0,1.0,786.0,1.0,744.0,16.0,702.5,1.0,200.0,1.0,,0.0,,0.0
2023-04-27 22:37:15.25,1682606235250000000,801.0,764.5,764.0,1259.0,147.0,1167975.0,771.0,5.0,783.0,1.0,784.0,1.0,785.0,1.0,786.0,1.0,744.0,16.0,702.5,1.0,200.0,1.0,,0.0,,0.0
2023-04-27 22:37:23.5,1682606243500000000,801.0,764.5,764.0,1259.0,147.0,1167975.0,771.0,5.0,784.0,1.0,785.0,1.0,786.0,1.0,787.0,1.0,744.0,16.0,702.5,1.0,200.0,1.0,,0.0,,0.0
2023-04-27 22:37:46.0,1682606266000000000,801.0,764.5,764.0,1259.0,147.0,1167975.0,772.5,5.0,784.0,1.0,785.0,1.0,786.0,1.0,787.0,1.0,744.0,16.0,702.5,1.0,200.0,1.0,,0.0,,0.0
2023-04-27 22:37:52.5,1682606272500000000,801.0,764.5,764.0,1259.0,147.0,1167975.0,771.0,5.0,784.0,1.0,785.0,1.0,786.0,1.0,787.0,1.0,744.0,16.0,702.5,1.0,200.0,1.0,,0.0,,0.0
2023-04-27 22:38:10.5,1682606290500000000,801.0,764.5,764.0,1259.0,147.0,1167975.0,769.5,5.0,784.0,1.0,785.0,1.0,786.0,1.0,787.0,1.0,744.0,16.0,702.5,1.0,200.0,1.0,,0.0,,0.0
2023-04-27 22:38:11.25,1682606291250000000,801.0,764.5,764.0,1259.0,147.0,1167975.0,769.5,5.0,770.0,1.0,784.0,1.0,785.0,1.0,786.0,1.0,744.0,16.0,702.5,1.0,200.0,1.0,,0.0,,0.0
2023-04-27 22:38:13.25,1682606293250000000,801.0,764.5,764.0,1259.0,147.0,1167975.0,768.0,5.0,770.0,1.0,784.0,1.0,785.0,1.0,786.0,1.0,744.0,16.0,702.5,1.0,200.0,1.0,,0.0,,0.0
2023-04-27 22:38:14.5,1682606294500000000,801.0,764.5,764.0,1259.0,147.0,1167975.0,766.5,5.0,770.0,1.0,784.0,1.0,785.0,1.0,786.0,1.0,744.0,16.0,702.5,1.0,200.0,1.0,,0.0,,0.0
2023-04-27 22:38:15.5,1682606295500000000,801.0,764.5,764.0,1259.0,147.0,1167975.0,765.0,5.0,770.0,1.0,784.0,1.0,785.0,1.0,786.0,1.0,744.0,16.0,702.5,1.0,200.0,1.0,,0.0,,0.0
2023-04-27 22:38:21.25,1682606301250000000,801.0,764.5,764.0,1259.0,147.0,1167975.0,763.5,5.0,770.0,1.0,784.0,1.0,785.0,1.0,786.0,1.0,744.0,16.0,702.5,1.0,200.0,1.0,,0.0,,0.0
2023-04-27 22:38:30.75,1682606310750000000,801.0,764.5,764.0,1259.0,147.0,1167975.0,761.5,5.0,770.0,1.0,784.0,1.0,785.0,1.0,786.0,1.0,744.0,16.0,702.5,1.0,200.0,1.0,,0.0,,0.0
2023-04-27 22:38:35.0,1682606315000000000,801.0,764.5,764.0,1259.0,147.0,1167975.0,759.5,5.0,770.0,1.0,784.0,1.0,785.0,1.0,786.0,1.0,744.0,16.0,702.5,1.0,200.0,1.0,,0.0,,0.0
2023-04-27 22:38:35.25,1682606315250000000,801.0,764.5,764.0,1259.0,147.0,1167975.0,757.5,5.0,770.0,1.0,784.0,1.0,785.0,1.0,786.0,1.0,744.0,16.0,702.5,1.0,200.0,1.0,,0.0,,0.0
2023-04-27 22:38:35.5,1682606315500000000,801.0,757.5,757.5,1254.0,152.0,1205850.0,770.0,1.0,784.0,1.0,785.0,1.0,786.0,1.0,787.0,1.0,744.0,16.0,702.5,1.0,200.0,1.0,,0.0,,0.0
2023-04-27 22:38:35.75,1682606315750000000,801.0,757.5,757.5,1254.0,152.0,1205850.0,769.5,10.0,770.0,1.0,784.0,1.0,785.0,1.0,786.0,1.0,744.0,16.0,702.5,1.0,200.0,1.0,,0.0,,0.0
2023-04-27 22:38:55.25,1682606335250000000,801.0,757.5,757.5,1254.0,152.0,1205850.0,769.0,1.0,769.5,10.0,784.0,1.0,785.0,1.0,786.0,1.0,744.0,16.0,702.5,1.0,200.0,1.0,,0.0,,0.0
2023-04-27 22:38:55.5,1682606335500000000,801.0,757.5,757.5,1254.0,152.0,1205850.0,769.0,1.0,784.0,1.0,785.0,1.0,786.0,1.0,787.0,1.0,744.0,16.0,702.5,1.0,200.0,1.0,,0.0,,0.0
2023-04-27 22:38:55.75,1682606335750000000,801.0,757.5,757.5,1254.0,152.0,1205850.0,768.5,10.0,769.0,1.0,784.0,1.0,785.0,1.0,786.0,1.0,744.0,16.0,702.5,1.0,200.0,1.0,,0.0,,0.0
2023-04-27 22:39:13.0,1682606353000000000,801.0,757.5,757.5,1254.0,152.0,1205850.0,768.0,1.0,768.5,10.0,784.0,1.0,785.0,1.0,786.0,1.0,744.0,16.0,702.5,1.0,200.0,1.0,,0.0,,0.0
2023-04-27 22:39:13.25,1682606353250000000,801.0,757.5,757.5,1254.0,152.0,1205850.0,768.0,1.0,784.0,1.0,785.0,1.0,786.0,1.0,787.0,1.0,744.0,16.0,702.5,1.0,200.0,1.0,,0.0,,0.0
2023-04-27 22:39:13.5,1682606353500000000,801.0,757.5,757.5,1254.0,152.0,1205850.0,767.5,10.0,768.0,1.0,784.0,1.0,785.0,1.0,786.0,1.0,744.0,16.0,702.5,1.0,200.0,1.0,,0.0,,0.0
2023-04-27 22:39:15.5,1682606355500000000,801.0,757.5,757.5,1254.0,152.0,1205850.0,768.0,1.0,784.0,1.0,785.0,1.0,786.0,1.0,787.0,1.0,744.0,16.0,702.5,1.0,200.0,1.0,,0.0,,0.0
2023-04-27 22:39:15.75,1682606355750000000,801.0,757.5,757.5,1254.0,152.0,1205850.0,768.0,11.0,784.0,1.0,785.0,1.0,786.0,1.0,787.0,1.0,744.0,16.0,702.5,1.0,200.0,1.0,,0.0,,0.0
2023-04-27 22:39:16.25,1682606356250000000,801.0,757.5,757.5,1254.0,152.0,1205850.0,768.0,1.0,784.0,1.0,785.0,1.0,786.0,1.0,787.0,1.0,744.0,16.0,702.5,1.0,200.0,1.0,,0.0,,0.0
2023-04-27 22:39:31.5,1682606371500000000,801.0,757.5,757.5,1254.0,152.0,1205850.0,765.0,5.0,768.0,1.0,784.0,1.0,785.0,1.0,786.0,1.0,744.0,16.0,702.5,1.0,200.0,1.0,,0.0,,0.0
2023-04-27 22:39:32.75,1682606372750000000,801.0,757.5,757.5,1254.0,152.0,1205850.0,763.5,5.0,768.0,1.0,784.0,1.0,785.0,1.0,786.0,1.0,744.0,16.0,702.5,1.0,200.0,1.0,,0.0,,0.0
2023-04-27 22:39:43.25,1682606383250000000,801.0,757.5,757.5,1254.0,152.0,1205850.0,765.5,5.0,768.0,1.0,784.0,1.0,785.0,1.0,786.0,1.0,744.0,16.0,702.5,1.0,200.0,1.0,,0.0,,0.0
2023-04-27 22:39:45.5,1682606385500000000,801.0,757.5,757.5,1254.0,152.0,1205850.0,767.5,5.0,768.0,1.0,784.0,1.0,785.0,1.0,786.0,1.0,744.0,16.0,702.5,1.0,200.0,1.0,,0.0,,0.0
2023-04-27 22:39:56.75,1682606396750000000,801.0,757.5,757.5,1254.0,152.0,1205850.0,766.0,5.0,768.0,1.0,784.0,1.0,785.0,1.0,786.0,1.0,744.0,16.0,702.5,1.0,200.0,1.0,,0.0,,0.0
2023-04-27 22:40:09.5,1682606409500000000,801.0,757.5,757.5,1254.0,152.0,1205850.0,767.5,5.0,768.0,1.0,784.0,1.0,785.0,1.0,786.0,1.0,744.0,16.0,702.5,1.0,200.0,1.0,,0.0,,0.0
2023-04-27 22:40:11.25,1682606411250000000,801.0,757.5,757.5,1254.0,152.0,1205850.0,768.0,1.0,769.5,5.0,784.0,1.0,785.0,1.0,786.0,1.0,744.0,16.0,702.5,1.0,200.0,1.0,,0.0,,0.0
2023-04-27 22:40:32.0,1682606432000000000,801.0,768.0,757.5,1254.0,153.0,1213530.0,769.5,5.0,784.0,1.0,785.0,1.0,786.0,1.0,787.0,1.0,744.0,16.0,702.5,1.0,200.0,1.0,,0.0,,0.0
2023-04-27 22:40:32.25,1682606432250000000,801.0,768.0,757.5,1254.0,153.0,1213530.0,771.5,5.0,784.0,1.0,785.0,1.0,786.0,1.0,787.0,1.0,744.0,16.0,702.5,1.0,200.0,1.0,,0.0,,0.0
2023-04-27 22:40:32.5,1682606432500000000,801.0,768.0,757.5,1254.0,153.0,1213530.0,771.5,5.0,784.0,1.0,785.0,1.0,786.0,1.0,787.0,1.0,744.5,1.0,744.0,16.0,702.5,1.0,200.0,1.0,,0.0
2023-04-27 22:40:33.25,1682606433250000000,801.0,768.0,757.5,1254.0,153.0,1213530.0,770.0,5.0,784.0,1.0,785.0,1.0,786.0,1.0,787.0,1.0,744.5,1.0,744.0,16.0,702.5,1.0,200.0,1.0,,0.0
2023-04-27 22:40:37.0,1682606437000000000,801.0,768.0,757.5,1254.0,153.0,1213530.0,768.5,5.0,784.0,1.0,785.0,1.0,786.0,1.0,787.0,1.0,744.5,1.0,744.0,16.0,702.5,1.0,200.0,1.0,,0.0
2023-04-27 22:40:45.25,1682606445250000000,801.0,768.0,757.5,1254.0,153.0,1213530.0,767.0,5.0,784.0,1.0,785.0,1.0,786.0,1.0,787.0,1.0,744.5,1.0,744.0,16.0,702.5,1.0,200.0,1.0,,0.0
2023-04-27 22:41:01.25,1682606461250000000,801.0,768.0,757.5,1254.0,153.0,1213530.0,768.5,5.0,784.0,1.0,785.0,1.0,786.0,1.0,787.0,1.0,744.5,1.0,744.0,16.0,702.5,1.0,200.0,1.0,,0.0
2023-04-27 22:41:03.5,1682606463500000000,801.0,768.0,757.5,1254.0,153.0,1213530.0,766.5,5.0,784.0,1.0,785.0,1.0,786.0,1.0,787.0,1.0,744.5,1.0,744.0,16.0,702.5,1.0,200.0,1.0,,0.0
2023-04-27 22:41:26.75,1682606486750000000,801.0,768.0,757.5,1254.0,153.0,1213530.0,764.5,5.0,784.0,1.0,785.0,1.0,786.0,1.0,787.0,1.0,744.5,1.0,744.0,16.0,702.5,1.0,200.0,1.0,,0.0
2023-04-27 22:41:29.0,1682606489000000000,801.0,768.0,757.5,1254.0,153.0,1213530.0,764.5,5.0,784.0,1.0,785.0,1.0,786.0,1.0,787.0,1.0,744.0,16.0,702.5,1.0,200.0,1.0,,0.0,,0.0
2023-04-27 22:41:30.0,1682606490000000000,801.0,768.0,757.5,1254.0,153.0,1213530.0,763.0,5.0,784.0,1.0,785.0,1.0,786.0,1.0,787.0,1.0,744.0,16.0,702.5,1.0,200.0,1.0,,0.0,,0.0
2023-04-27 22:41:36.25,1682606496250000000,801.0,768.0,757.5,1254.0,153.0,1213530.0,765.0,5.0,784.0,1.0,785.0,1.0,786.0,1.0,787.0,1.0,744.0,16.0,702.5,1.0,200.0,1.0,,0.0,,0.0
2023-04-27 22:41:38.5,1682606498500000000,801.0,768.0,757.5,1254.0,153.0,1213530.0,763.5,5.0,784.0,1.0,785.0,1.0,786.0,1.0,787.0,1.0,744.0,16.0,702.5,1.0,200.0,1.0,,0.0,,0.0
2023-04-27 22:41:40.0,1682606500000000000,801.0,768.0,757.5,1254.0,153.0,1213530.0,763.5,5.0,784.0,1.0,785.0,1.0,786.0,1.0,787.0,1.0,745.5,1.0,744.0,16.0,702.5,1.0,200.0,1.0,,0.0
2023-04-27 22:41:40.25,1682606500250000000,801.0,768.0,757.5,1254.0,153.0,1213530.0,762.0,5.0,784.0,1.0,785.0,1.0,786.0,1.0,787.0,1.0,745.5,1.0,744.0,16.0,702.5,1.0,200.0,1.0,,0.0
2023-04-27 22:42:05.0,1682606525000000000,801.0,768.0,757.5,1254.0,153.0,1213530.0,760.5,5.0,784.0,1.0,785.0,1.0,786.0,1.0,787.0,1.0,745.5,1.0,744.0,16.0,702.5,1.0,200.0,1.0,,0.0
2023-04-27 22:42:13.25,1682606533250000000,801.0,768.0,757.5,1254.0,153.0,1213530.0,759.0,5.0,784.0,1.0,785.0,1.0,786.0,1.0,787.0,1.0,745.5,1.0,744.0,16.0,702.5,1.0,200.0,1.0,,0.0
2023-04-27 22:42:24.25,1682606544250000000,801.0,768.0,757.5,1254.0,153.0,1213530.0,757.5,5.0,784.0,1.0,785.0,1.0,786.0,1.0,787.0,1.0,745.5,1.0,744.0,16.0,702.5,1.0,200.0,1.0,,0.0
2023-04-27 22:42:25.5,1682606545500000000,801.0,768.0,757.5,1254.0,153.0,1213530.0,756.0,5.0,784.0,1.0,785.0,1.0,786.0,1.0,787.0,1.0,745.5,1.0,744.0,16.0,702.5,1.0,200.0,1.0,,0.0
2023-04-27 22:42:28.0,1682606548000000000,801.0,768.0,757.5,1254.0,153.0,1213530.0,754.5,5.0,784.0,1.0,785.0,1.0,786.0,1.0,787.0,1.0,745.5,1.0,744.0,16.0,702.5,1.0,200.0,1.0,,0.0
2023-04-27 22:42:30.75,1682606550750000000,801.0,768.0,757.5,1254.0,153.0,1213530.0,756.0,5.0,784.0,1.0,785.0,1.0,786.0,1.0,787.0,1.0,745.5,1.0,744.0,16.0,702.5,1.0,200.0,1.0,,0.0
2023-04-27 22:42:32.25,1682606552250000000,801.0,768.0,757.5,1254.0,153.0,1213530.0,754.5,5.0,784.0,1.0,785.0,1.0,786.0,1.0,787.0,1.0,745.5,1.0,744.0,16.0,702.5,1.0,200.0,1.0,,0.0
2023-04-27 22:42:35.0,1682606555000000000,801.0,768.0,757.5,1254.0,153.0,1213530.0,754.5,5.0,784.0,1.0,785.0,1.0,786.0,1.0,787.0,1.0,747.0,1.0,744.0,16.0,702.5,1.0,200.0,1.0,,0.0
2023-04-27 22:42:43.75,1682606563750000000,801.0,768.0,757.5,1254.0,153.0,1213530.0,756.5,5.0,784.0,1.0,785.0,1.0,786.0,1.0,787.0,1.0,747.0,1.0,744.0,16.0,702.5,1.0,200.0,1.0,,0.0
2023-04-27 22:42:53.5,1682606573500000000,801.0,768.0,757.5,1254.0,153.0,1213530.0,755.0,5.0,784.0,1.0,785.0,1.0,786.0,1.0,787.0,1.0,747.0,1.0,744.0,16.0,702.5,1.0,200.0,1.0,,0.0
2023-04-27 22:42:55.25,1682606575250000000,801.0,768.0,757.5,1254.0,153.0,1213530.0,756.5,5.0,784.0,1.0,785.0,1.0,786.0,1.0,787.0,1.0,747.0,1.0,744.0,16.0,702.5,1.0,200.0,1.0,,0.0
2023-04-27 22:43:05.75,1682606585750000000,801.0,768.0,757.5,1254.0,153.0,1213530.0,754.5,5.0,784.0,1.0,785.0,1.0,786.0,1.0,787.0,1.0,747.0,1.0,744.0,16.0,702.5,1.0,200.0,1.0,,0.0
2023-04-27 22:43:07.75,1682606587750000000,801.0,768.0,757.5,1254.0,153.0,1213530.0,752.5,5.0,784.0,1.0,785.0,1.0,786.0,1.0,787.0,1.0,747.0,1.0,720.5,16.0,702.5,1.0,200.0,1.0,,0.0
2023-04-27 22:43:12.25,1682606592250000000,801.0,768.0,757.5,1254.0,153.0,1213530.0,751.0,5.0,784.0,1.0,785.0,1.0,786.0,1.0,787.0,1.0,747.0,1.0,720.5,16.0,702.5,1.0,200.0,1.0,,0.0
2023-04-27 22:43:13.75,1682606593750000000,801.0,747.0,747.0,1254.0,154.0,1221000.0,749.5,5.0,777.5,16.0,784.0,1.0,785.0,1.0,786.0,1.0,720.5,16.0,702.5,1.0,200.0,1.0,,0.0,,0.0
