datetime,datetime_nano,highest,last_price,lowest,open_interest,volume,amount,ask_price1,ask_volume1,ask_price2,ask_volume2,ask_price3,ask_volume3,ask_price4,ask_volume4,ask_price5,ask_volume5,bid_price1,bid_volume1,bid_price2,bid_volume2,bid_price3,bid_volume3,bid_price4,bid_volume4,bid_price5,bid_volume5
2023-04-27 20:56:00.75,1682600160750000000,,,,7220.0,0.0,0.0,,0.0,,0.0,,0.0,,0.0,,0.0,,0.0,,0.0,,0.0,,0.0,,0.0
2023-04-27 20:59:00.0,1682600340000000000,,,,7220.0,0.0,0.0,268.0,1.0,298.0,1.0,444.0,1.0,790.0,2.0,793.0,17.0,263.0,1.0,262.0,1.0,261.0,1.0,260.0,1.0,259.0,1.0
2023-04-27 21:00:00.25,1682600400250000000,298.0,298.0,268.0,7218.0,2.0,5660.0,330.0,20.0,444.0,1.0,790.0,2.0,793.0,17.0,,0.0,294.0,79.0,263.5,20.0,263.0,1.0,262.0,1.0,261.0,1.0
2023-04-27 21:00:00.75,1682600400750000000,298.0,298.0,268.0,7218.0,2.0,5660.0,330.0,20.0,444.0,1.0,790.0,2.0,793.0,17.0,,0.0,294.0,79.0,268.5,1.0,263.5,20.0,263.0,1.0,262.0,1.0
2023-04-27 21:00:01.5,1682600401500000000,298.0,298.0,268.0,7218.0,2.0,5660.0,443.5,20.0,444.0,1.0,790.0,2.0,793.0,17.0,,0.0,294.0,79.0,284.0,20.0,268.5,1.0,263.0,1.0,262.0,1.0
2023-04-27 21:00:02.0,1682600402000000000,298.0,298.0,268.0,7218.0,2.0,5660.0,334.5,20.0,444.0,1.0,790.0,2.0,793.0,17.0,,0.0,294.0,79.0,283.5,20.0,268.5,1.0,263.0,1.0,262.0,1.0
2023-04-27 21:00:02.25,1682600402250000000,298.0,298.0,268.0,7218.0,2.0,5660.0,334.5,20.0,444.0,1.0,790.0,2.0,793.0,17.0,,0.0,294.0,79.0,283.5,20.0,274.0,4.0,268.5,1.0,268.0,1.0
2023-04-27 21:00:02.5,1682600402500000000,298.0,298.0,268.0,7218.0,2.0,5660.0,334.5,20.0,444.0,1.0,790.0,2.0,793.0,17.0,,0.0,295.5,1.0,294.0,79.0,286.5,24.0,283.5,20.0,274.0,4.0
2023-04-27 21:00:03.0,1682600403000000000,298.0,298.0,268.0,7218.0,2.0,5660.0,334.5,20.0,443.0,1.0,444.0,1.0,790.0,2.0,793.0,17.0,295.5,1.0,294.0,79.0,286.5,24.0,283.5,20.0,274.0,4.0
2023-04-27 21:00:03.25,1682600403250000000,298.0,298.0,268.0,7218.0,2.0,5660.0,331.5,10.0,334.5,20.0,443.0,1.0,444.0,1.0,790.0,2.0,295.5,1.0,294.0,79.0,286.5,24.0,283.5,20.0,276.5,10.0
2023-04-27 21:00:03.5,1682600403500000000,298.0,298.0,268.0,7218.0,2.0,5660.0,330.0,24.0,331.5,10.0,334.5,22.0,443.0,1.0,444.0,1.0,295.5,1.0,294.0,79.0,286.5,24.0,283.5,20.0,274.0,4.0
2023-04-27 21:00:04.25,1682600404250000000,298.0,298.0,268.0,7218.0,2.0,5660.0,330.0,24.0,331.0,20.0,334.5,2.0,443.0,1.0,444.0,1.0,294.0,79.0,286.5,24.0,279.5,10.0,278.0,20.0,274.0,4.0
2023-04-27 21:00:04.5,1682600404500000000,298.0,298.0,268.0,7218.0,2.0,5660.0,329.5,20.0,330.0,24.0,334.5,2.0,443.0,1.0,444.0,1.0,294.0,79.0,286.5,24.0,285.5,20.0,279.5,10.0,274.0,4.0
2023-04-27 21:00:04.75,1682600404750000000,298.0,298.0,268.0,7218.0,2.0,5660.0,327.0,10.0,329.5,10.0,330.0,24.0,330.5,20.0,334.5,2.0,294.0,79.0,286.5,24.0,280.0,20.0,274.0,4.0,268.0,5.0
2023-04-27 21:00:05.0,1682600405000000000,298.0,298.0,268.0,7218.0,2.0,5660.0,327.0,10.0,329.5,30.0,330.0,24.0,334.5,2.0,443.0,1.0,294.0,79.0,286.5,24.0,286.0,20.0,274.0,4.0,268.0,5.0
2023-04-27 21:00:05.25,1682600405250000000,298.0,298.0,268.0,7218.0,2.0,5660.0,328.0,20.0,330.0,24.0,334.5,2.0,443.0,1.0,444.0,1.0,294.0,79.0,286.5,24.0,277.5,20.0,274.0,4.0,268.0,5.0
2023-04-27 21:00:05.5,1682600405500000000,298.0,298.0,268.0,7218.0,2.0,5660.0,324.0,10.0,327.5,10.0,328.0,20.0,330.0,24.0,334.5,2.0,286.5,24.0,277.5,20.0,274.0,4.0,268.0,5.0,263.0,21.0
2023-04-27 21:00:05.75,1682600405750000000,298.0,298.0,268.0,7218.0,2.0,5660.0,324.0,10.0,328.0,20.0,330.0,24.0,334.5,2.0,443.0,1.0,286.5,24.0,277.5,20.0,274.0,4.0,268.0,5.0,263.0,21.0
2023-04-27 21:00:06.0,1682600406000000000,298.0,298.0,268.0,7218.0,2.0,5660.0,323.5,10.0,324.0,10.0,328.0,20.0,330.0,24.0,334.5,2.0,286.5,24.0,277.5,20.0,274.0,4.0,268.0,5.0,263.0,21.0
2023-04-27 21:00:06.75,1682600406750000000,298.0,298.0,268.0,7218.0,2.0,5660.0,320.5,10.0,323.5,10.0,328.0,20.0,330.0,24.0,334.5,2.0,286.5,24.0,277.5,20.0,274.0,4.0,268.0,5.0,263.0,21.0
2023-04-27 21:00:07.0,1682600407000000000,298.0,298.0,268.0,7218.0,2.0,5660.0,320.5,10.0,328.0,20.0,330.0,24.0,334.5,2.0,443.0,1.0,286.5,24.0,277.5,20.0,274.0,4.0,268.0,5.0,263.0,21.0
2023-04-27 21:00:08.0,1682600408000000000,298.0,298.0,268.0,7218.0,2.0,5660.0,320.5,10.0,323.5,20.0,330.0,24.0,334.5,2.0,443.0,1.0,286.5,24.0,274.0,4.0,273.0,20.0,268.0,5.0,263.0,21.0
2023-04-27 21:00:08.5,1682600408500000000,298.0,298.0,268.0,7218.0,2.0,5660.0,313.5,24.0,320.5,10.0,323.5,20.0,334.5,2.0,443.0,1.0,286.5,24.0,274.0,4.0,273.0,20.0,268.0,5.0,263.0,21.0
2023-04-27 21:00:08.75,1682600408750000000,298.0,298.0,268.0,7218.0,2.0,5660.0,310.5,10.0,313.0,20.0,313.5,24.0,334.5,2.0,443.0,1.0,286.5,24.0,279.5,20.0,274.0,4.0,268.0,5.0,263.0,21.0
2023-04-27 21:00:09.0,1682600409000000000,298.0,298.0,268.0,7218.0,2.0,5660.0,310.5,10.0,313.0,20.0,313.5,24.0,334.5,2.0,443.0,1.0,286.5,24.0,279.5,20.0,274.0,4.0,271.0,10.0,268.0,5.0
2023-04-27 21:00:09.25,1682600409250000000,298.0,298.0,268.0,7218.0,2.0,5660.0,310.5,10.0,313.5,24.0,324.0,20.0,334.5,2.0,443.0,1.0,286.5,24.0,274.0,4.0,273.0,20.0,271.0,10.0,268.0,5.0
2023-04-27 21:00:10.25,1682600410250000000,298.0,298.0,268.0,7218.0,2.0,5660.0,310.5,10.0,324.0,20.0,334.5,2.0,443.0,1.0,444.0,1.0,274.0,4.0,273.0,20.0,271.0,10.0,268.0,5.0,263.0,21.0
2023-04-27 21:00:10.5,1682600410500000000,298.0,298.0,268.0,7218.0,2.0,5660.0,310.5,10.0,324.0,20.0,334.5,2.0,443.0,1.0,444.0,1.0,274.0,14.0,273.0,20.0,268.0,5.0,263.0,21.0,262.0,1.0
2023-04-27 21:00:10.75,1682600410750000000,298.0,298.0,268.0,7218.0,2.0,5660.0,310.5,10.0,324.0,20.0,334.5,2.0,443.0,1.0,444.0,1.0,274.0,4.0,273.5,10.0,273.0,20.0,268.0,5.0,263.0,21.0
2023-04-27 21:00:11.0,1682600411000000000,298.0,298.0,268.0,7218.0,2.0,5660.0,310.5,10.0,316.5,16.0,324.0,20.0,334.5,2.0,443.0,1.0,274.0,4.0,273.0,30.0,268.0,5.0,265.5,16.0,263.0,21.0
2023-04-27 21:00:12.0,1682600412000000000,298.0,298.0,268.0,7218.0,2.0,5660.0,310.5,10.0,316.5,16.0,324.0,20.0,334.5,2.0,443.0,1.0,274.0,4.0,273.0,20.0,271.0,10.0,268.0,5.0,265.5,16.0
2023-04-27 21:00:15.5,1682600415500000000,298.0,298.0,268.0,7218.0,2.0,5660.0,310.5,10.0,316.5,16.0,324.0,20.0,334.5,2.0,443.0,1.0,274.0,4.0,273.0,20.0,270.5,10.0,268.0,5.0,265.5,16.0
2023-04-27 21:00:16.25,1682600416250000000,298.0,298.0,268.0,7218.0,2.0,5660.0,310.5,10.0,316.5,16.0,318.0,20.0,334.5,2.0,443.0,1.0,274.0,4.0,269.5,10.0,268.0,25.0,265.5,16.0,263.0,21.0
2023-04-27 21:00:16.5,1682600416500000000,298.0,298.0,268.0,7218.0,2.0,5660.0,310.5,10.0,316.5,16.0,318.0,20.0,334.5,2.0,443.0,1.0,274.0,4.0,269.0,10.0,268.0,25.0,265.5,16.0,263.0,21.0
2023-04-27 21:00:16.75,1682600416750000000,298.0,298.0,268.0,7218.0,2.0,5660.0,310.5,10.0,316.5,16.0,318.0,20.0,334.5,2.0,443.0,1.0,274.0,4.0,268.5,10.0,268.0,25.0,265.5,16.0,263.0,21.0
2023-04-27 21:00:17.0,1682600417000000000,298.0,298.0,268.0,7218.0,2.0,5660.0,310.5,10.0,316.5,16.0,318.0,20.0,334.5,2.0,443.0,1.0,274.0,4.0,268.0,25.0,267.5,10.0,265.5,16.0,263.0,21.0
2023-04-27 21:00:18.25,1682600418250000000,298.0,298.0,268.0,7218.0,2.0,5660.0,310.5,10.0,316.5,16.0,318.0,20.0,334.5,2.0,443.0,1.0,274.0,4.0,268.0,25.0,267.0,10.0,265.5,16.0,263.0,21.0
2023-04-27 21:00:25.75,1682600425750000000,298.0,298.0,268.0,7218.0,2.0,5660.0,310.5,10.0,316.5,16.0,318.0,20.0,334.5,2.0,443.0,1.0,274.0,4.0,268.0,21.0,267.0,10.0,265.5,16.0,263.0,21.0
2023-04-27 21:00:26.0,1682600426000000000,298.0,298.0,268.0,7218.0,2.0,5660.0,310.5,10.0,316.5,16.0,318.0,20.0,334.5,2.0,443.0,1.0,274.0,4.0,271.0,10.0,268.0,21.0,265.5,16.0,263.0,21.0
2023-04-27 21:00:29.75,1682600429750000000,298.0,298.0,268.0,7218.0,2.0,5660.0,310.5,10.0,316.5,16.0,318.0,20.0,334.5,2.0,443.0,1.0,274.0,4.0,270.5,10.0,268.0,21.0,265.5,16.0,263.0,21.0
2023-04-27 21:00:30.0,1682600430000000000,298.0,298.0,268.0,7218.0,2.0,5660.0,310.5,10.0,316.5,16.0,318.0,20.0,334.5,2.0,443.0,1.0,274.0,4.0,270.0,10.0,268.0,21.0,265.5,16.0,263.0,21.0
2023-04-27 21:00:37.0,1682600437000000000,298.0,298.0,268.0,7218.0,2.0,5660.0,310.5,10.0,316.5,16.0,318.0,20.0,334.5,2.0,443.0,1.0,274.0,4.0,269.5,10.0,268.0,21.0,265.5,16.0,263.0,21.0
2023-04-27 21:00:38.25,1682600438250000000,298.0,298.0,268.0,7218.0,2.0,5660.0,310.5,10.0,316.5,16.0,318.0,20.0,334.5,2.0,443.0,1.0,274.0,4.0,269.0,10.0,268.0,21.0,265.5,16.0,263.0,21.0
2023-04-27 21:00:39.5,1682600439500000000,298.0,298.0,268.0,7218.0,2.0,5660.0,310.5,10.0,316.5,16.0,318.0,20.0,334.5,2.0,443.0,1.0,274.0,4.0,268.5,10.0,268.0,21.0,265.5,16.0,263.0,21.0
2023-04-27 21:00:39.75,1682600439750000000,298.0,298.0,268.0,7218.0,2.0,5660.0,310.5,10.0,316.5,16.0,318.0,20.0,334.5,2.0,443.0,1.0,274.0,4.0,268.0,21.0,267.5,10.0,265.5,16.0,263.0,21.0
2023-04-27 21:00:40.0,1682600440000000000,298.0,298.0,268.0,7218.0,2.0,5660.0,310.5,20.0,316.5,16.0,318.0,20.0,334.5,2.0,443.0,1.0,274.0,4.0,268.0,21.0,266.5,10.0,265.5,16.0,263.0,21.0
2023-04-27 21:00:40.25,1682600440250000000,298.0,298.0,268.0,7218.0,2.0,5660.0,310.5,20.0,316.5,16.0,318.0,20.0,334.5,2.0,443.0,1.0,274.0,4.0,268.0,21.0,266.0,10.0,265.5,16.0,263.0,21.0
2023-04-27 21:00:40.75,1682600440750000000,298.0,298.0,268.0,7218.0,2.0,5660.0,310.5,10.0,316.5,16.0,318.0,20.0,334.5,2.0,443.0,1.0,274.0,4.0,268.0,21.0,266.0,10.0,265.5,16.0,263.0,21.0
2023-04-27 21:00:41.5,1682600441500000000,298.0,298.0,268.0,7218.0,2.0,5660.0,309.0,1.0,310.5,10.0,316.5,16.0,318.0,20.0,334.5,2.0,274.0,4.0,268.0,21.0,266.0,10.0,265.5,16.0,263.0,21.0
2023-04-27 21:00:41.75,1682600441750000000,298.0,298.0,268.0,7218.0,2.0,5660.0,306.0,10.0,309.0,1.0,316.5,16.0,318.0,20.0,334.5,2.0,274.0,4.0,268.0,21.0,266.0,10.0,265.5,16.0,263.0,21.0
2023-04-27 21:00:47.75,1682600447750000000,298.0,298.0,268.0,7218.0,2.0,5660.0,306.0,10.0,309.0,1.0,316.5,16.0,318.0,20.0,334.5,2.0,274.0,4.0,268.0,21.0,265.5,26.0,263.0,21.0,262.0,1.0
2023-04-27 21:00:50.5,1682600450500000000,298.0,298.0,268.0,7218.0,2.0,5660.0,306.0,10.0,309.0,1.0,312.0,20.0,316.5,16.0,334.5,2.0,274.0,4.0,268.0,1.0,265.5,16.0,264.5,10.0,263.5,20.0
2023-04-27 21:00:52.25,1682600452250000000,298.0,298.0,268.0,7218.0,2.0,5660.0,306.0,10.0,309.0,1.0,312.0,20.0,316.5,16.0,334.5,2.0,274.0,4.0,268.0,1.0,265.5,16.0,264.0,10.0,263.5,20.0
2023-04-27 21:00:57.0,1682600457000000000,298.0,298.0,268.0,7218.0,2.0,5660.0,306.0,10.0,312.0,20.0,316.5,16.0,334.5,2.0,443.0,1.0,274.0,4.0,268.0,1.0,265.5,16.0,264.0,10.0,263.5,20.0
2023-04-27 21:00:57.25,1682600457250000000,298.0,298.0,268.0,7218.0,2.0,5660.0,306.0,10.0,312.0,20.0,316.5,16.0,334.5,2.0,443.0,1.0,274.0,4.0,268.0,1.0,267.0,10.0,265.5,16.0,263.5,20.0
2023-04-27 21:01:00.5,1682600460500000000,298.0,298.0,268.0,7218.0,2.0,5660.0,306.0,10.0,316.5,16.0,317.5,20.0,334.5,2.0,443.0,1.0,274.0,4.0,269.0,20.0,268.0,1.0,267.0,10.0,265.5,16.0
2023-04-27 21:01:00.75,1682600460750000000,298.0,298.0,268.0,7218.0,2.0,5660.0,306.0,10.0,316.5,16.0,317.5,20.0,334.5,2.0,443.0,1.0,274.0,4.0,272.0,10.0,269.0,20.0,268.0,1.0,265.5,16.0
2023-04-27 21:01:04.25,1682600464250000000,298.0,274.0,268.0,7214.0,6.0,16620.0,306.0,10.0,306.5,9.0,316.5,16.0,317.5,20.0,334.5,2.0,276.0,9.0,272.0,10.0,269.0,20.0,268.0,1.0,265.5,16.0
2023-04-27 21:01:04.5,1682600464500000000,298.0,274.0,268.0,7214.0,6.0,16620.0,306.0,10.0,306.5,9.0,316.5,16.0,317.5,20.0,334.5,2.0,283.5,79.0,276.0,9.0,274.0,26.0,272.0,10.0,269.0,20.0
2023-04-27 21:01:04.75,1682600464750000000,298.0,274.0,268.0,7214.0,6.0,16620.0,306.0,10.0,306.5,9.0,316.5,16.0,317.5,20.0,334.5,2.0,283.5,79.0,276.0,9.0,275.0,10.0,274.0,26.0,269.0,20.0
2023-04-27 21:01:05.5,1682600465500000000,298.0,274.0,268.0,7214.0,6.0,16620.0,306.0,10.0,306.5,9.0,316.5,16.0,317.5,20.0,334.5,2.0,283.5,79.0,276.0,9.0,274.5,10.0,274.0,26.0,269.0,20.0
2023-04-27 21:01:06.5,1682600466500000000,298.0,274.0,268.0,7214.0,6.0,16620.0,306.5,9.0,313.5,10.0,316.5,16.0,317.5,20.0,334.5,2.0,283.5,79.0,276.0,9.0,274.5,10.0,274.0,26.0,269.0,20.0
2023-04-27 21:01:06.75,1682600466750000000,298.0,274.0,268.0,7214.0,6.0,16620.0,306.5,9.0,313.5,10.0,316.5,16.0,317.5,20.0,334.5,2.0,283.5,79.0,277.0,10.0,276.0,9.0,274.0,26.0,269.0,20.0
2023-04-27 21:01:07.25,1682600467250000000,298.0,274.0,268.0,7214.0,6.0,16620.0,306.5,9.0,313.5,10.0,316.5,16.0,317.5,20.0,334.5,2.0,283.5,79.0,276.5,10.0,276.0,9.0,274.0,26.0,269.0,20.0
2023-04-27 21:01:07.75,1682600467750000000,298.0,274.0,268.0,7214.0,6.0,16620.0,306.5,9.0,313.5,10.0,316.5,16.0,317.5,20.0,334.5,2.0,283.5,79.0,276.0,19.0,274.0,26.0,269.0,20.0,268.0,1.0
2023-04-27 21:01:08.25,1682600468250000000,298.0,274.0,268.0,7214.0,6.0,16620.0,306.5,9.0,313.5,10.0,316.5,16.0,317.5,20.0,334.5,2.0,283.5,79.0,276.0,9.0,275.5,10.0,274.0,26.0,269.0,20.0
2023-04-27 21:01:08.5,1682600468500000000,298.0,274.0,268.0,7214.0,6.0,16620.0,306.0,10.0,306.5,9.0,316.5,16.0,317.5,20.0,334.5,2.0,283.5,79.0,276.0,9.0,275.5,10.0,274.0,26.0,269.0,20.0
2023-04-27 21:01:08.75,1682600468750000000,298.0,274.0,268.0,7214.0,6.0,16620.0,306.0,30.0,306.5,19.0,316.5,16.0,334.5,2.0,443.0,1.0,287.0,10.0,283.5,79.0,279.5,20.0,276.0,9.0,275.5,10.0
2023-04-27 21:01:09.25,1682600469250000000,298.0,274.0,268.0,7214.0,6.0,16620.0,306.5,29.0,316.5,16.0,327.5,20.0,334.5,2.0,443.0,1.0,287.0,10.0,283.5,79.0,276.0,9.0,275.5,10.0,274.0,26.0
2023-04-27 21:01:09.5,1682600469500000000,298.0,274.0,268.0,7214.0,6.0,16620.0,306.5,9.0,307.0,20.0,313.5,10.0,316.5,16.0,334.5,2.0,283.5,79.0,280.0,20.0,276.0,9.0,275.5,10.0,274.0,26.0
2023-04-27 21:01:09.75,1682600469750000000,298.0,274.0,268.0,7214.0,6.0,16620.0,306.5,9.0,307.0,10.0,316.5,16.0,329.0,20.0,334.5,2.0,283.5,79.0,276.5,10.0,276.0,9.0,274.0,26.0,272.0,20.0
2023-04-27 21:01:10.0,1682600470000000000,298.0,274.0,268.0,7214.0,6.0,16620.0,306.5,9.0,307.0,10.0,316.5,16.0,329.0,20.0,334.5,2.0,283.5,79.0,276.0,9.0,274.5,10.0,274.0,26.0,272.0,20.0
2023-04-27 21:01:10.25,1682600470250000000,298.0,274.0,268.0,7214.0,6.0,16620.0,305.0,10.0,306.5,9.0,316.5,16.0,329.0,20.0,334.5,2.0,283.5,79.0,276.0,9.0,274.5,10.0,274.0,26.0,272.0,20.0
2023-04-27 21:01:10.75,1682600470750000000,298.0,274.0,268.0,7214.0,6.0,16620.0,306.0,10.0,306.5,9.0,316.5,16.0,329.0,20.0,334.5,2.0,283.5,79.0,276.0,9.0,274.5,10.0,274.0,26.0,272.0,20.0
2023-04-27 21:01:12.25,1682600472250000000,298.0,274.0,268.0,7214.0,6.0,16620.0,306.0,10.0,306.5,9.0,316.5,16.0,329.0,20.0,334.5,2.0,283.5,79.0,276.0,9.0,274.0,26.0,273.5,10.0,272.0,20.0
2023-04-27 21:01:17.25,1682600477250000000,298.0,274.0,268.0,7214.0,6.0,16620.0,306.0,10.0,306.5,9.0,316.5,16.0,329.0,20.0,334.5,2.0,283.5,79.0,276.0,9.0,274.0,26.0,273.0,10.0,272.0,20.0
2023-04-27 21:01:17.75,1682600477750000000,298.0,274.0,268.0,7214.0,6.0,16620.0,306.0,10.0,306.5,9.0,316.5,16.0,329.0,20.0,334.5,2.0,283.5,79.0,276.0,9.0,274.0,26.0,272.5,10.0,272.0,20.0
2023-04-27 21:01:26.75,1682600486750000000,298.0,274.0,268.0,7214.0,6.0,16620.0,306.5,19.0,316.5,16.0,329.0,20.0,334.5,2.0,443.0,1.0,283.5,79.0,276.0,9.0,274.0,26.0,272.5,10.0,272.0,20.0
2023-04-27 21:01:27.0,1682600487000000000,298.0,274.0,268.0,7214.0,6.0,16620.0,306.5,19.0,316.5,16.0,329.0,20.0,334.5,2.0,443.0,1.0,283.5,79.0,276.0,9.0,275.5,10.0,274.0,26.0,272.0,20.0
2023-04-27 21:01:28.0,1682600488000000000,298.0,274.0,268.0,7214.0,6.0,16620.0,306.5,19.0,316.5,16.0,329.0,20.0,334.5,2.0,443.0,1.0,283.5,79.0,276.0,9.0,275.0,10.0,274.0,26.0,272.0,20.0
2023-04-27 21:01:28.5,1682600488500000000,298.0,274.0,268.0,7214.0,6.0,16620.0,306.5,19.0,316.5,16.0,329.0,20.0,334.5,2.0,443.0,1.0,283.5,79.0,276.0,9.0,274.5,10.0,274.0,26.0,272.0,20.0
2023-04-27 21:01:28.75,1682600488750000000,298.0,274.0,268.0,7214.0,6.0,16620.0,306.5,19.0,316.5,16.0,329.0,20.0,334.5,2.0,443.0,1.0,283.5,79.0,276.0,9.0,274.0,36.0,272.0,20.0,268.0,1.0
2023-04-27 21:01:32.25,1682600492250000000,298.0,274.0,268.0,7214.0,6.0,16620.0,306.5,19.0,316.5,16.0,334.5,2.0,341.5,20.0,443.0,1.0,283.5,79.0,276.0,9.0,274.0,36.0,270.5,20.0,268.0,1.0
2023-04-27 21:01:33.0,1682600493000000000,298.0,274.0,268.0,7214.0,6.0,16620.0,306.5,19.0,316.5,16.0,334.5,2.0,341.5,20.0,443.0,1.0,283.5,79.0,276.0,9.0,274.0,36.0,270.5,20.0,268.0,2.0
2023-04-27 21:01:34.25,1682600494250000000,298.0,274.0,268.0,7214.0,6.0,16620.0,289.5,10.0,306.5,19.0,316.5,16.0,334.5,2.0,341.5,20.0,285.5,10.0,283.5,79.0,276.0,9.0,274.0,36.0,270.5,20.0
2023-04-27 21:01:34.5,1682600494500000000,298.0,289.5,268.0,7224.0,16.0,45570.0,306.5,19.0,316.5,16.0,334.5,2.0,341.5,20.0,443.0,1.0,283.5,79.0,276.0,9.0,274.0,36.0,270.5,20.0,268.0,2.0
2023-04-27 21:01:34.75,1682600494750000000,298.0,289.5,268.0,7224.0,16.0,45570.0,306.5,19.0,316.5,16.0,334.5,2.0,341.5,20.0,443.0,1.0,283.5,79.0,276.0,9.0,274.0,36.0,270.5,20.0,269.0,1.0
2023-04-27 21:01:36.5,1682600496500000000,298.0,289.5,268.0,7224.0,16.0,45570.0,306.5,19.0,316.5,16.0,334.5,2.0,341.5,20.0,443.0,1.0,283.5,79.0,276.0,9.0,274.0,36.0,270.5,20.0,270.0,1.0
2023-04-27 21:01:37.5,1682600497500000000,298.0,289.5,268.0,7224.0,16.0,45570.0,306.5,19.0,316.5,16.0,334.5,2.0,341.5,20.0,443.0,1.0,283.5,79.0,276.0,9.0,274.0,26.0,273.5,10.0,270.5,20.0
2023-04-27 21:01:37.75,1682600497750000000,298.0,289.5,268.0,7224.0,16.0,45570.0,306.0,1.0,306.5,19.0,316.5,16.0,334.5,2.0,341.5,20.0,283.5,79.0,276.0,9.0,274.0,26.0,273.5,10.0,270.5,20.0
2023-04-27 21:01:38.0,1682600498000000000,298.0,289.5,268.0,7224.0,16.0,45570.0,304.5,10.0,306.0,1.0,306.5,9.0,316.5,16.0,334.5,2.0,283.5,79.0,276.0,9.0,274.0,26.0,273.5,10.0,270.5,20.0
2023-04-27 21:01:38.5,1682600498500000000,298.0,289.5,268.0,7224.0,16.0,45570.0,304.5,10.0,306.0,1.0,306.5,9.0,316.5,16.0,334.5,2.0,283.5,79.0,276.0,9.0,274.0,26.0,273.0,10.0,270.5,20.0
2023-04-27 21:01:38.75,1682600498750000000,298.0,289.5,268.0,7224.0,16.0,45570.0,304.5,10.0,306.0,1.0,306.5,9.0,316.5,16.0,334.5,2.0,283.5,79.0,276.0,9.0,274.0,26.0,273.0,10.0,271.0,1.0
2023-04-27 21:01:40.75,1682600500750000000,298.0,289.5,268.0,7224.0,16.0,45570.0,304.5,10.0,306.0,1.0,306.5,9.0,316.5,16.0,334.5,2.0,283.5,79.0,276.0,9.0,274.0,26.0,273.0,10.0,272.0,1.0
2023-04-27 21:01:41.25,1682600501250000000,298.0,289.5,268.0,7224.0,16.0,45570.0,304.5,10.0,306.0,1.0,306.5,9.0,316.5,16.0,334.5,2.0,283.5,79.0,276.0,9.0,274.0,26.0,272.5,10.0,272.0,1.0
2023-04-27 21:01:41.5,1682600501500000000,298.0,289.5,268.0,7224.0,16.0,45570.0,304.5,10.0,306.0,1.0,306.5,9.0,316.5,16.0,334.5,2.0,283.5,79.0,276.0,9.0,274.0,26.0,272.0,1.0,271.0,1.0
2023-04-27 21:01:41.75,1682600501750000000,298.0,289.5,268.0,7224.0,16.0,45570.0,304.5,10.0,306.0,1.0,306.5,9.0,316.5,16.0,334.5,2.0,283.5,79.0,276.0,9.0,274.0,26.0,272.0,1.0,271.5,10.0
2023-04-27 21:01:42.0,1682600502000000000,298.0,289.5,268.0,7224.0,16.0,45570.0,303.5,1.0,304.5,10.0,306.0,1.0,306.5,9.0,316.5,16.0,283.5,79.0,276.0,9.0,274.0,26.0,272.0,1.0,271.0,1.0
2023-04-27 21:01:42.25,1682600502250000000,298.0,289.5,268.0,7224.0,16.0,45570.0,301.0,10.0,303.5,1.0,306.0,1.0,306.5,9.0,316.5,16.0,283.5,79.0,276.0,9.0,274.0,26.0,272.0,1.0,271.0,1.0
2023-04-27 21:01:42.5,1682600502500000000,298.0,289.5,268.0,7224.0,16.0,45570.0,301.0,10.0,303.5,1.0,306.0,1.0,306.5,9.0,316.5,16.0,283.5,79.0,276.0,9.0,274.0,26.0,273.0,1.0,272.0,1.0
2023-04-27 21:01:43.5,1682600503500000000,298.0,289.5,268.0,7224.0,16.0,45570.0,301.5,10.0,303.5,1.0,306.0,1.0,306.5,9.0,316.5,16.0,283.5,79.0,276.0,9.0,274.0,26.0,273.0,1.0,272.0,1.0
2023-04-27 21:01:44.0,1682600504000000000,298.0,289.5,268.0,7224.0,16.0,45570.0,301.5,10.0,303.5,1.0,306.0,1.0,306.5,9.0,316.5,16.0,290.0,5.0,283.5,79.0,276.0,9.0,274.0,26.0,273.0,1.0
2023-04-27 21:01:44.25,1682600504250000000,298.0,289.5,268.0,7224.0,16.0,45570.0,301.5,10.0,303.5,1.0,306.0,1.0,306.5,9.0,316.5,16.0,290.0,5.0,283.5,79.0,276.0,9.0,274.0,27.0,273.0,1.0
2023-04-27 21:01:45.75,1682600505750000000,298.0,289.5,268.0,7224.0,16.0,45570.0,301.5,10.0,303.5,1.0,306.0,1.0,306.5,9.0,316.5,16.0,290.0,5.0,283.5,79.0,276.0,9.0,275.0,1.0,274.0,27.0
2023-04-27 21:01:47.0,1682600507000000000,298.0,290.0,268.0,7224.0,21.0,60070.0,301.5,10.0,303.5,1.0,306.0,1.0,306.5,9.0,316.5,16.0,283.5,79.0,276.0,9.0,275.0,1.0,274.0,27.0,273.0,1.0
2023-04-27 21:01:49.0,1682600509000000000,298.0,290.0,268.0,7224.0,21.0,60070.0,301.5,10.0,302.5,20.0,303.5,1.0,306.0,1.0,306.5,9.0,276.0,9.0,275.0,1.0,274.0,27.0,273.0,1.0,272.0,1.0
2023-04-27 21:01:49.75,1682600509750000000,298.0,290.0,268.0,7224.0,21.0,60070.0,301.5,10.0,303.5,1.0,306.0,1.0,306.5,9.0,316.5,16.0,276.0,9.0,275.0,1.0,274.0,27.0,273.0,1.0,272.0,1.0
2023-04-27 21:01:56.25,1682600516250000000,298.0,290.0,268.0,7224.0,21.0,60070.0,301.5,10.0,303.5,21.0,306.0,1.0,306.5,9.0,316.5,16.0,276.0,9.0,275.0,1.0,274.0,27.0,273.0,1.0,272.0,1.0
2023-04-27 21:01:56.5,1682600516500000000,298.0,290.0,268.0,7224.0,21.0,60070.0,301.5,10.0,303.5,1.0,306.0,1.0,306.5,9.0,316.5,16.0,276.0,9.0,275.0,1.0,274.0,27.0,273.0,1.0,272.0,1.0
2023-04-27 21:01:56.75,1682600516750000000,298.0,290.0,268.0,7224.0,21.0,60070.0,301.5,10.0,303.5,1.0,305.0,20.0,306.0,1.0,306.5,9.0,276.0,9.0,275.0,1.0,274.0,27.0,273.0,1.0,272.0,1.0
2023-04-27 21:01:57.0,1682600517000000000,298.0,290.0,268.0,7224.0,21.0,60070.0,301.5,10.0,303.5,1.0,305.0,20.0,306.0,1.0,306.5,9.0,276.0,11.0,275.0,1.0,274.0,27.0,273.0,1.0,272.0,1.0
2023-04-27 21:01:57.25,1682600517250000000,298.0,290.0,268.0,7224.0,21.0,60070.0,301.5,10.0,303.5,1.0,306.0,1.0,306.5,9.0,316.5,16.0,276.0,11.0,275.0,1.0,274.0,27.0,273.0,1.0,272.0,1.0
2023-04-27 21:02:06.75,1682600526750000000,298.0,290.0,268.0,7224.0,21.0,60070.0,302.0,10.0,303.5,1.0,306.0,1.0,306.5,9.0,316.5,16.0,276.0,11.0,275.0,1.0,274.0,27.0,273.0,1.0,272.0,1.0
2023-04-27 21:02:07.0,1682600527000000000,298.0,290.0,268.0,7224.0,21.0,60070.0,302.5,10.0,303.5,1.0,306.0,1.0,306.5,9.0,316.5,16.0,276.0,12.0,275.0,1.0,274.0,27.0,273.0,1.0,272.0,11.0
2023-04-27 21:02:07.25,1682600527250000000,298.0,290.0,268.0,7224.0,21.0,60070.0,302.5,13.0,303.5,1.0,306.0,1.0,306.5,9.0,316.5,16.0,276.0,12.0,275.5,3.0,275.0,1.0,274.0,27.0,273.0,1.0
2023-04-27 21:02:07.5,1682600527500000000,298.0,290.0,268.0,7224.0,21.0,60070.0,302.5,3.0,303.0,10.0,303.5,1.0,306.0,1.0,306.5,9.0,276.0,12.0,275.5,3.0,275.0,1.0,274.0,27.0,273.0,1.0
2023-04-27 21:02:07.75,1682600527750000000,298.0,290.0,268.0,7224.0,21.0,60070.0,302.5,3.0,303.5,11.0,306.0,1.0,306.5,9.0,316.5,16.0,276.0,12.0,275.5,3.0,275.0,1.0,274.0,27.0,273.0,1.0
2023-04-27 21:02:08.0,1682600528000000000,298.0,290.0,268.0,7224.0,21.0,60070.0,302.5,3.0,303.0,6.0,303.5,11.0,306.0,1.0,306.5,9.0,276.0,12.0,275.5,9.0,275.0,1.0,274.0,27.0,273.0,1.0
2023-04-27 21:02:08.5,1682600528500000000,298.0,290.0,268.0,7224.0,21.0,60070.0,302.5,3.0,303.0,6.0,303.5,11.0,304.5,3.0,306.0,1.0,277.0,3.0,276.0,12.0,275.5,9.0,275.0,1.0,274.0,27.0
2023-04-27 21:02:08.75,1682600528750000000,298.0,290.0,268.0,7224.0,21.0,60070.0,299.5,1.0,302.5,3.0,303.0,16.0,303.5,1.0,304.5,3.0,277.0,3.0,276.0,12.0,275.5,9.0,275.0,1.0,274.0,27.0
2023-04-27 21:02:09.0,1682600529000000000,298.0,290.0,268.0,7224.0,21.0,60070.0,299.5,1.0,300.0,6.0,303.0,13.0,303.5,1.0,304.5,3.0,277.0,3.0,276.5,3.0,276.0,12.0,275.5,3.0,275.0,1.0
2023-04-27 21:02:09.5,1682600529500000000,298.0,290.0,268.0,7224.0,21.0,60070.0,299.5,1.0,300.0,6.0,303.0,13.0,303.5,1.0,304.5,3.0,277.0,4.0,276.5,3.0,276.0,12.0,275.5,3.0,275.0,1.0
2023-04-27 21:02:14.25,1682600534250000000,298.0,290.0,268.0,7224.0,21.0,60070.0,299.5,1.0,300.0,6.0,302.5,3.0,303.0,13.0,303.5,1.0,277.0,4.0,276.5,3.0,276.0,12.0,275.5,3.0,275.0,4.0
2023-04-27 21:02:15.0,1682600535000000000,298.0,290.0,268.0,7224.0,21.0,60070.0,297.0,3.0,299.5,1.0,300.0,6.0,302.5,3.0,303.0,13.0,280.5,3.0,277.0,4.0,276.5,3.0,276.0,12.0,275.5,3.0
2023-04-27 21:02:15.25,1682600535250000000,298.0,290.0,268.0,7224.0,21.0,60070.0,295.0,3.0,297.0,6.0,299.5,1.0,300.0,3.0,302.5,3.0,280.5,3.0,279.5,3.0,278.0,1.0,277.0,4.0,276.0,12.0
2023-04-27 21:02:15.5,1682600535500000000,298.0,290.0,268.0,7224.0,21.0,60070.0,295.0,6.0,295.5,6.0,297.0,3.0,299.5,1.0,302.5,3.0,280.5,3.0,280.0,3.0,279.5,3.0,278.0,1.0,277.0,4.0
2023-04-27 21:02:17.25,1682600537250000000,298.0,290.0,268.0,7224.0,21.0,60070.0,295.0,6.0,295.5,6.0,296.0,3.0,297.0,3.0,299.5,1.0,280.5,3.0,280.0,3.0,279.5,6.0,278.0,1.0,277.0,4.0
2023-04-27 21:02:18.25,1682600538250000000,298.0,290.0,268.0,7224.0,21.0,60070.0,295.0,9.0,295.5,6.0,296.0,3.0,297.0,3.0,299.5,1.0,280.5,6.0,280.0,3.0,279.5,6.0,278.0,1.0,277.0,4.0
2023-04-27 21:02:18.5,1682600538500000000,298.0,290.0,268.0,7224.0,21.0,60070.0,295.0,9.0,295.5,6.0,296.0,3.0,296.5,3.0,297.0,3.0,280.5,6.0,280.0,3.0,279.5,6.0,279.0,3.0,278.0,1.0
2023-04-27 21:02:22.25,1682600542250000000,298.0,290.0,268.0,7224.0,21.0,60070.0,289.5,1.0,295.0,9.0,295.5,6.0,296.0,3.0,296.5,3.0,280.5,6.0,280.0,3.0,279.5,6.0,279.0,3.0,278.0,1.0
2023-04-27 21:02:22.5,1682600542500000000,298.0,290.0,268.0,7224.0,21.0,60070.0,289.5,1.0,290.0,9.0,295.0,6.0,296.0,3.0,296.5,3.0,280.5,6.0,280.0,6.0,279.5,3.0,279.0,3.0,278.0,1.0
2023-04-27 21:02:25.0,1682600545000000000,298.0,290.0,268.0,7224.0,21.0,60070.0,289.5,1.0,290.0,9.0,293.5,10.0,295.0,6.0,296.0,3.0,280.5,6.0,280.0,6.0,279.5,3.0,279.0,3.0,278.0,1.0
2023-04-27 21:02:26.0,1682600546000000000,298.0,290.0,268.0,7224.0,21.0,60070.0,289.5,1.0,290.0,9.0,293.5,10.0,295.0,6.0,296.0,3.0,280.5,3.0,280.0,6.0,279.5,3.0,279.0,3.0,278.0,1.0
2023-04-27 21:02:26.25,1682600546250000000,298.0,290.0,268.0,7224.0,21.0,60070.0,289.5,1.0,290.0,9.0,293.5,10.0,295.0,3.0,296.0,3.0,280.5,3.0,280.0,6.0,279.5,3.0,279.0,3.0,278.0,1.0
2023-04-27 21:02:27.5,1682600547500000000,298.0,290.0,268.0,7224.0,21.0,60070.0,289.0,3.0,289.5,1.0,290.0,9.0,293.5,10.0,295.0,3.0,280.5,3.0,280.0,6.0,279.5,3.0,279.0,3.0,278.0,1.0
2023-04-27 21:02:27.75,1682600547750000000,298.0,290.0,268.0,7224.0,21.0,60070.0,289.0,3.0,289.5,1.0,290.0,9.0,293.5,10.0,295.0,3.0,284.0,1.0,280.5,3.0,280.0,6.0,279.5,3.0,279.0,3.0
2023-04-27 21:02:28.0,1682600548000000000,298.0,290.0,268.0,7224.0,21.0,60070.0,289.0,3.0,289.5,1.0,290.0,3.0,293.5,10.0,295.0,3.0,284.0,1.0,280.5,3.0,280.0,3.0,279.5,3.0,279.0,3.0
2023-04-27 21:02:28.25,1682600548250000000,298.0,290.0,268.0,7224.0,21.0,60070.0,289.0,3.0,289.5,1.0,290.0,3.0,295.0,3.0,296.0,13.0,284.0,1.0,280.5,3.0,280.0,3.0,279.5,3.0,279.0,3.0
2023-04-27 21:02:28.75,1682600548750000000,298.0,284.0,268.0,7225.0,22.0,62910.0,289.0,3.0,289.5,1.0,290.0,3.0,295.0,3.0,296.0,13.0,280.5,3.0,280.0,3.0,279.5,3.0,279.0,3.0,278.5,10.0
2023-04-27 21:02:29.0,1682600549000000000,298.0,284.0,268.0,7225.0,22.0,62910.0,289.0,3.0,289.5,1.0,290.0,3.0,295.0,3.0,296.0,13.0,284.0,47.0,280.5,3.0,280.0,3.0,279.5,3.0,279.0,3.0
2023-04-27 21:02:29.25,1682600549250000000,298.0,284.0,268.0,7225.0,22.0,62910.0,289.0,3.0,289.5,1.0,290.0,3.0,295.0,3.0,296.0,3.0,284.0,47.0,281.0,10.0,280.5,3.0,280.0,3.0,279.5,3.0
2023-04-27 21:02:29.5,1682600549500000000,298.0,284.0,268.0,7225.0,22.0,62910.0,289.0,3.0,289.5,1.0,290.0,3.0,295.0,3.0,296.5,3.0,284.0,47.0,281.0,10.0,280.5,3.0,280.0,3.0,279.0,3.0
2023-04-27 21:02:30.5,1682600550500000000,298.0,284.0,268.0,7225.0,22.0,62910.0,289.0,3.0,289.5,1.0,290.0,3.0,295.0,3.0,298.5,10.0,284.0,47.0,281.0,10.0,280.5,3.0,280.0,3.0,278.0,1.0
2023-04-27 21:02:30.75,1682600550750000000,298.0,284.0,268.0,7225.0,22.0,62910.0,289.0,3.0,289.5,1.0,290.0,3.0,298.5,10.0,303.0,10.0,284.0,47.0,281.0,10.0,280.0,3.0,278.0,1.0,277.0,1.0
2023-04-27 21:02:31.0,1682600551000000000,298.0,284.0,268.0,7225.0,22.0,62910.0,289.0,3.0,289.5,1.0,290.0,3.0,303.0,20.0,306.5,9.0,284.0,47.0,283.5,10.0,280.0,3.0,278.0,1.0,277.0,1.0
2023-04-27 21:02:33.5,1682600553500000000,298.0,284.0,268.0,7225.0,22.0,62910.0,289.5,1.0,290.0,3.0,303.0,20.0,306.5,9.0,316.5,16.0,284.0,47.0,283.5,10.0,280.0,3.0,278.0,1.0,277.0,1.0
2023-04-27 21:02:34.0,1682600554000000000,298.0,284.0,268.0,7225.0,22.0,62910.0,289.5,1.0,303.0,20.0,306.5,9.0,316.5,16.0,334.5,2.0,284.0,47.0,283.5,10.0,278.0,1.0,277.0,1.0,276.0,12.0
2023-04-27 21:02:38.25,1682600558250000000,298.0,284.0,268.0,7225.0,22.0,62910.0,289.5,1.0,303.0,20.0,306.5,9.0,312.0,20.0,316.5,16.0,284.0,47.0,283.5,10.0,278.0,1.0,277.0,1.0,276.0,12.0
2023-04-27 21:02:38.75,1682600558750000000,298.0,284.0,268.0,7225.0,22.0,62910.0,289.5,1.0,303.0,20.0,306.5,9.0,316.5,16.0,334.5,2.0,284.0,47.0,283.5,10.0,278.0,1.0,277.0,1.0,276.0,12.0
2023-04-27 21:02:39.25,1682600559250000000,298.0,284.0,268.0,7225.0,22.0,62910.0,289.5,1.0,290.0,1.0,303.0,20.0,306.5,9.0,316.5,16.0,284.0,47.0,283.5,10.0,278.0,1.0,277.0,1.0,276.0,12.0
2023-04-27 21:02:41.75,1682600561750000000,298.0,284.0,268.0,7225.0,22.0,62910.0,289.5,1.0,290.0,1.0,303.0,20.0,306.5,9.0,310.5,20.0,284.0,47.0,283.5,10.0,278.0,1.0,277.0,1.0,276.0,12.0
2023-04-27 21:02:43.0,1682600563000000000,298.0,284.0,268.0,7225.0,22.0,62910.0,289.5,1.0,290.0,1.0,303.0,20.0,306.5,9.0,310.5,20.0,284.0,47.0,281.5,10.0,278.0,1.0,277.0,1.0,276.0,12.0
2023-04-27 21:02:43.5,1682600563500000000,298.0,284.0,268.0,7225.0,22.0,62910.0,289.5,1.0,290.0,1.0,303.0,20.0,306.5,9.0,316.5,16.0,284.0,47.0,281.5,10.0,278.0,1.0,277.0,1.0,276.0,12.0
2023-04-27 21:02:44.25,1682600564250000000,298.0,284.0,268.0,7225.0,22.0,62910.0,289.5,1.0,290.0,1.0,295.0,1.0,303.0,20.0,306.5,9.0,284.0,47.0,281.5,10.0,278.0,1.0,277.0,1.0,276.0,12.0
2023-04-27 21:02:44.75,1682600564750000000,298.0,284.0,268.0,7225.0,22.0,62910.0,289.5,1.0,290.0,1.0,295.0,1.0,296.0,10.0,303.0,20.0,284.0,47.0,281.5,10.0,278.0,1.0,277.0,1.0,276.0,12.0
2023-04-27 21:02:45.0,1682600565000000000,298.0,284.0,268.0,7225.0,22.0,62910.0,289.5,1.0,290.0,1.0,295.0,1.0,296.0,20.0,303.0,10.0,284.0,47.0,281.5,10.0,278.0,1.0,277.0,1.0,276.0,12.0
2023-04-27 21:02:45.5,1682600565500000000,298.0,289.5,268.0,7225.0,23.0,65805.0,290.0,1.0,295.0,1.0,296.0,20.0,303.0,10.0,306.5,9.0,284.0,47.0,281.5,10.0,278.0,1.0,277.0,1.0,276.0,12.0
2023-04-27 21:02:46.5,1682600566500000000,298.0,289.5,268.0,7225.0,23.0,65805.0,290.0,1.0,295.0,1.0,296.0,20.0,303.0,10.0,306.5,9.0,284.0,47.0,283.0,10.0,278.0,1.0,277.0,1.0,276.0,12.0
2023-04-27 21:02:48.0,1682600568000000000,298.0,289.5,268.0,7225.0,23.0,65805.0,290.0,1.0,295.0,1.0,296.0,20.0,303.0,10.0,306.5,9.0,289.0,1.0,284.0,47.0,283.0,10.0,278.0,1.0,277.0,1.0
2023-04-27 21:02:48.25,1682600568250000000,298.0,289.0,268.0,7225.0,24.0,68695.0,290.0,1.0,295.0,1.0,296.0,20.0,303.0,10.0,306.5,9.0,284.0,47.0,283.0,10.0,278.0,1.0,277.0,1.0,276.0,12.0
2023-04-27 21:02:49.25,1682600569250000000,298.0,289.0,268.0,7225.0,24.0,68695.0,295.0,1.0,296.0,20.0,303.0,10.0,306.5,9.0,316.5,16.0,284.0,47.0,283.0,10.0,278.0,1.0,277.0,1.0,276.0,12.0
2023-04-27 21:02:49.75,1682600569750000000,298.0,289.0,268.0,7225.0,24.0,68695.0,295.0,11.0,296.0,20.0,303.0,10.0,306.5,9.0,316.5,16.0,284.0,57.0,283.0,10.0,278.0,1.0,277.0,1.0,276.0,12.0
2023-04-27 21:02:50.25,1682600570250000000,298.0,289.0,268.0,7225.0,24.0,68695.0,295.0,11.0,296.0,20.0,303.0,10.0,306.5,9.0,316.5,16.0,288.0,1.0,284.0,57.0,283.0,10.0,278.0,1.0,277.0,1.0
2023-04-27 21:02:50.5,1682600570500000000,298.0,289.0,268.0,7225.0,24.0,68695.0,295.0,11.0,296.0,20.0,303.0,10.0,306.5,9.0,316.5,16.0,288.0,1.0,286.5,10.0,284.0,47.0,283.0,10.0,278.0,1.0
2023-04-27 21:02:51.0,1682600571000000000,298.0,289.0,268.0,7225.0,24.0,68695.0,295.0,11.0,296.0,20.0,303.0,10.0,306.5,9.0,316.5,16.0,288.0,1.0,286.0,10.0,284.0,47.0,283.0,10.0,278.0,1.0
2023-04-27 21:02:51.5,1682600571500000000,298.0,288.0,268.0,7225.0,25.0,71575.0,295.0,11.0,296.0,20.0,303.0,10.0,306.5,9.0,316.5,16.0,286.0,10.0,284.0,47.0,283.0,10.0,278.0,1.0,277.0,1.0
2023-04-27 21:02:52.0,1682600572000000000,298.0,288.0,268.0,7225.0,25.0,71575.0,295.0,11.0,296.0,20.0,303.0,10.0,306.5,9.0,316.5,16.0,284.0,57.0,283.0,10.0,278.0,1.0,277.0,1.0,276.0,12.0
2023-04-27 21:02:52.5,1682600572500000000,298.0,288.0,268.0,7225.0,25.0,71575.0,295.0,11.0,296.0,20.0,303.0,10.0,306.5,9.0,316.5,16.0,284.0,47.0,283.5,10.0,283.0,10.0,278.0,1.0,277.0,1.0
2023-04-27 21:02:54.5,1682600574500000000,298.0,288.0,268.0,7225.0,25.0,71575.0,295.0,21.0,296.0,10.0,303.0,10.0,306.5,9.0,316.5,16.0,284.5,10.0,284.0,57.0,278.0,1.0,277.0,1.0,276.0,12.0
2023-04-27 21:02:54.75,1682600574750000000,298.0,288.0,268.0,7225.0,25.0,71575.0,295.0,21.0,296.0,10.0,303.0,10.0,306.5,9.0,316.5,16.0,284.0,47.0,283.5,10.0,282.5,10.0,278.0,1.0,277.0,1.0
2023-04-27 21:02:55.0,1682600575000000000,298.0,288.0,268.0,7225.0,25.0,71575.0,295.0,21.0,296.0,10.0,303.0,10.0,306.5,9.0,316.5,16.0,284.0,47.0,283.5,20.0,278.0,1.0,277.0,1.0,276.0,12.0
2023-04-27 21:02:56.25,1682600576250000000,298.0,288.0,268.0,7225.0,25.0,71575.0,295.0,21.0,296.0,10.0,303.0,10.0,306.5,9.0,316.5,16.0,284.5,10.0,284.0,47.0,283.5,10.0,278.0,1.0,277.0,1.0
2023-04-27 21:02:58.25,1682600578250000000,298.0,288.0,268.0,7225.0,25.0,71575.0,295.0,31.0,296.0,10.0,303.0,10.0,306.5,9.0,316.5,16.0,284.5,10.0,284.0,47.0,283.5,10.0,282.0,10.0,278.0,1.0
2023-04-27 21:02:58.75,1682600578750000000,298.0,288.0,268.0,7225.0,25.0,71575.0,295.0,31.0,296.0,10.0,303.0,10.0,306.5,9.0,316.5,16.0,284.5,20.0,284.0,47.0,282.0,10.0,278.0,1.0,277.0,1.0
2023-04-27 21:02:59.75,1682600579750000000,298.0,288.0,268.0,7225.0,25.0,71575.0,295.0,21.0,296.0,20.0,303.0,10.0,306.5,9.0,316.5,16.0,284.5,20.0,284.0,47.0,278.0,1.0,277.0,1.0,276.0,12.0
2023-04-27 21:03:01.25,1682600581250000000,298.0,288.0,268.0,7225.0,25.0,71575.0,295.0,21.0,296.0,20.0,303.5,10.0,306.5,9.0,316.5,16.0,284.5,20.0,284.0,47.0,278.0,1.0,277.0,1.0,276.0,12.0
2023-04-27 21:03:03.0,1682600583000000000,298.0,288.0,268.0,7225.0,25.0,71575.0,295.0,21.0,296.0,10.0,301.0,10.0,304.5,10.0,306.5,9.0,284.5,20.0,284.0,47.0,278.0,1.0,277.0,1.0,276.0,12.0
2023-04-27 21:03:03.5,1682600583500000000,298.0,288.0,268.0,7225.0,25.0,71575.0,295.0,21.0,296.0,10.0,301.0,10.0,305.0,10.0,306.5,9.0,284.5,20.0,284.0,47.0,278.0,1.0,277.0,1.0,276.0,12.0
2023-04-27 21:03:03.75,1682600583750000000,298.0,288.0,268.0,7225.0,25.0,71575.0,295.0,11.0,296.0,10.0,301.0,10.0,305.0,10.0,306.5,9.0,284.5,10.0,284.0,47.0,278.0,1.0,277.0,1.0,276.0,12.0
2023-04-27 21:03:04.0,1682600584000000000,298.0,288.0,268.0,7225.0,25.0,71575.0,295.0,1.0,296.0,20.0,301.0,10.0,305.0,10.0,306.5,9.0,284.0,57.0,278.0,1.0,277.0,1.0,276.0,12.0,275.5,30.0
2023-04-27 21:03:04.25,1682600584250000000,298.0,288.0,268.0,7225.0,25.0,71575.0,295.0,1.0,296.0,10.0,301.0,10.0,305.0,10.0,306.5,9.0,284.0,47.0,278.0,1.0,277.0,1.0,276.0,12.0,275.5,30.0
2023-04-27 21:03:06.0,1682600586000000000,298.0,288.0,268.0,7225.0,25.0,71575.0,295.0,1.0,296.0,20.0,301.0,10.0,306.0,10.0,306.5,9.0,284.0,57.0,278.0,1.0,277.0,1.0,276.0,12.0,275.5,40.0
2023-04-27 21:03:06.75,1682600586750000000,298.0,288.0,268.0,7225.0,25.0,71575.0,295.0,1.0,296.0,20.0,301.0,10.0,306.0,10.0,306.5,9.0,284.0,57.0,278.0,1.0,277.0,1.0,276.0,12.0,275.5,30.0
2023-04-27 21:03:11.0,1682600591000000000,298.0,288.0,268.0,7225.0,25.0,71575.0,295.0,1.0,296.0,20.0,301.0,10.0,306.0,10.0,306.5,9.0,284.0,57.0,278.0,1.0,277.0,1.0,276.0,12.0,275.5,10.0
2023-04-27 21:03:12.0,1682600592000000000,298.0,288.0,268.0,7225.0,25.0,71575.0,295.0,1.0,296.0,20.0,301.0,10.0,306.0,10.0,306.5,9.0,284.0,57.0,280.0,1.0,278.0,1.0,277.0,1.0,276.0,12.0
2023-04-27 21:03:20.75,1682600600750000000,298.0,288.0,268.0,7225.0,25.0,71575.0,295.0,1.0,296.0,20.0,301.0,10.0,306.0,10.0,306.5,9.0,284.0,57.0,280.0,1.0,279.0,1.0,278.0,1.0,277.0,1.0
2023-04-27 21:03:22.0,1682600602000000000,298.0,288.0,268.0,7225.0,25.0,71575.0,295.0,2.0,296.0,20.0,301.0,10.0,306.0,10.0,306.5,9.0,284.0,57.0,280.0,1.0,279.0,1.0,278.0,1.0,277.0,1.0
2023-04-27 21:03:34.75,1682600614750000000,298.0,288.0,268.0,7225.0,25.0,71575.0,295.0,2.0,296.0,20.0,301.0,10.0,306.0,10.0,306.5,9.0,284.0,57.0,280.0,1.0,279.0,1.0,278.0,2.0,277.0,1.0
2023-04-27 21:03:41.25,1682600621250000000,298.0,288.0,268.0,7225.0,25.0,71575.0,294.0,1.0,295.0,2.0,296.0,20.0,301.0,10.0,306.0,10.0,284.0,57.0,280.0,1.0,279.0,1.0,278.0,2.0,277.0,1.0
2023-04-27 21:03:42.75,1682600622750000000,298.0,294.0,268.0,7224.0,26.0,74515.0,295.0,2.0,296.0,20.0,301.0,10.0,306.0,10.0,306.5,9.0,284.0,57.0,280.0,1.0,279.0,1.0,278.0,2.0,277.0,1.0
2023-04-27 21:03:43.5,1682600623500000000,298.0,294.0,268.0,7224.0,26.0,74515.0,295.0,2.0,296.0,20.0,301.0,10.0,305.0,1.0,306.0,10.0,284.0,57.0,280.0,1.0,279.0,1.0,278.0,2.0,277.0,1.0
2023-04-27 21:03:44.25,1682600624250000000,298.0,295.0,268.0,7224.0,28.0,80415.0,296.0,20.0,301.0,10.0,305.0,1.0,306.0,10.0,306.5,9.0,284.0,57.0,280.0,1.0,279.0,1.0,278.0,2.0,277.0,1.0
2023-04-27 21:03:44.5,1682600624500000000,298.0,295.0,268.0,7224.0,28.0,80415.0,296.0,10.0,300.0,10.0,301.0,10.0,305.0,1.0,306.0,10.0,284.0,57.0,280.0,1.0,279.0,1.0,278.0,12.0,277.0,1.0
2023-04-27 21:03:44.75,1682600624750000000,298.0,295.0,268.0,7224.0,28.0,80415.0,300.0,20.0,301.0,10.0,305.0,1.0,306.0,10.0,306.5,9.0,284.0,57.0,280.0,1.0,279.0,1.0,278.0,12.0,277.0,1.0
2023-04-27 21:03:45.0,1682600625000000000,298.0,295.0,268.0,7224.0,28.0,80415.0,300.0,10.0,300.5,10.0,301.0,10.0,305.0,1.0,306.0,10.0,284.0,57.0,280.0,1.0,279.0,1.0,278.5,10.0,278.0,2.0
2023-04-27 21:03:45.25,1682600625250000000,298.0,295.0,268.0,7224.0,28.0,80415.0,300.5,20.0,301.0,10.0,305.0,1.0,306.0,10.0,306.5,9.0,284.0,57.0,280.0,1.0,279.0,1.0,278.5,10.0,278.0,2.0
2023-04-27 21:03:45.5,1682600625500000000,298.0,295.0,268.0,7224.0,28.0,80415.0,300.5,10.0,301.0,20.0,305.0,1.0,306.0,10.0,306.5,9.0,284.0,57.0,280.0,1.0,279.0,11.0,278.0,2.0,277.0,2.0
2023-04-27 21:03:45.75,1682600625750000000,298.0,295.0,268.0,7224.0,28.0,80415.0,301.0,30.0,305.0,1.0,306.0,10.0,306.5,9.0,316.5,16.0,284.0,57.0,280.0,1.0,279.0,11.0,278.0,2.0,277.0,2.0
2023-04-27 21:03:46.0,1682600626000000000,298.0,295.0,268.0,7224.0,28.0,80415.0,301.0,20.0,301.5,10.0,305.0,1.0,306.0,10.0,306.5,9.0,284.0,57.0,280.0,1.0,279.5,10.0,279.0,1.0,278.0,2.0
2023-04-27 21:03:46.5,1682600626500000000,298.0,295.0,268.0,7224.0,28.0,80415.0,301.0,20.0,301.5,10.0,305.0,1.0,306.5,19.0,316.5,16.0,284.0,57.0,280.0,1.0,279.5,10.0,279.0,1.0,278.0,2.0
2023-04-27 21:03:46.75,1682600626750000000,298.0,295.0,268.0,7224.0,28.0,80415.0,301.0,10.0,301.5,10.0,305.0,1.0,306.0,10.0,306.5,19.0,284.0,57.0,280.0,11.0,279.5,10.0,279.0,1.0,278.0,2.0
2023-04-27 21:03:47.0,1682600627000000000,298.0,295.0,268.0,7224.0,28.0,80415.0,301.5,20.0,305.0,1.0,306.0,10.0,306.5,19.0,316.5,16.0,284.0,57.0,280.0,11.0,279.5,10.0,279.0,1.0,278.0,2.0
2023-04-27 21:03:47.25,1682600627250000000,298.0,295.0,268.0,7224.0,28.0,80415.0,294.0,10.0,302.0,10.0,305.0,1.0,306.0,10.0,306.5,9.0,290.5,10.0,284.0,47.0,280.0,21.0,279.0,1.0,278.0,2.0
2023-04-27 21:03:47.5,1682600627500000000,298.0,294.0,268.0,7234.0,38.0,109815.0,302.0,10.0,305.0,1.0,306.0,10.0,306.5,9.0,313.5,10.0,284.0,47.0,280.0,21.0,279.0,1.0,278.0,2.0,277.0,2.0
2023-04-27 21:03:47.75,1682600627750000000,298.0,294.0,268.0,7234.0,38.0,109815.0,302.5,10.0,305.0,1.0,306.0,10.0,306.5,9.0,313.5,10.0,284.0,47.0,280.5,10.0,280.0,11.0,279.0,1.0,278.0,2.0
2023-04-27 21:03:48.0,1682600628000000000,298.0,294.0,268.0,7234.0,38.0,109815.0,303.0,10.0,305.0,1.0,306.0,10.0,306.5,9.0,313.5,10.0,284.0,47.0,281.0,10.0,280.0,11.0,279.0,1.0,278.0,2.0
2023-04-27 21:03:48.25,1682600628250000000,298.0,294.0,268.0,7234.0,38.0,109815.0,304.0,10.0,305.0,1.0,306.0,10.0,306.5,9.0,313.5,10.0,284.0,47.0,281.5,10.0,280.0,11.0,279.0,1.0,278.0,2.0
2023-04-27 21:03:48.5,1682600628500000000,298.0,294.0,268.0,7234.0,38.0,109815.0,304.5,10.0,305.0,1.0,306.0,10.0,306.5,9.0,313.5,10.0,284.0,47.0,282.0,10.0,280.0,11.0,279.0,1.0,278.0,2.0
2023-04-27 21:03:48.75,1682600628750000000,298.0,294.0,268.0,7234.0,38.0,109815.0,305.0,11.0,306.0,10.0,306.5,9.0,313.5,10.0,316.5,16.0,284.0,47.0,282.5,10.0,280.0,11.0,279.0,1.0,278.0,2.0
2023-04-27 21:03:49.0,1682600629000000000,298.0,294.0,268.0,7234.0,38.0,109815.0,305.0,1.0,305.5,10.0,306.0,10.0,306.5,9.0,313.5,10.0,284.0,47.0,283.0,10.0,280.0,11.0,279.0,1.0,278.0,2.0
2023-04-27 21:03:53.25,1682600633250000000,298.0,294.0,268.0,7234.0,38.0,109815.0,305.5,10.0,306.0,10.0,306.5,9.0,313.5,10.0,316.5,16.0,284.0,47.0,283.0,10.0,280.0,11.0,279.0,1.0,278.0,2.0
2023-04-27 21:03:53.5,1682600633500000000,298.0,294.0,268.0,7234.0,38.0,109815.0,306.0,10.0,306.5,9.0,313.5,10.0,316.5,16.0,334.5,2.0,284.0,47.0,280.0,11.0,279.0,1.0,278.0,2.0,277.0,2.0
2023-04-27 21:03:53.75,1682600633750000000,298.0,294.0,268.0,7234.0,38.0,109815.0,306.0,10.0,306.5,9.0,313.5,10.0,316.5,16.0,334.5,2.0,284.0,47.0,280.0,11.0,279.0,1.0,278.0,2.0,277.5,10.0
2023-04-27 21:04:00.0,1682600640000000000,298.0,294.0,268.0,7234.0,38.0,109815.0,301.0,10.0,301.5,10.0,306.5,9.0,313.5,10.0,316.5,16.0,284.5,10.0,284.0,57.0,280.0,1.0,279.0,1.0,278.0,2.0
2023-04-27 21:04:00.25,1682600640250000000,298.0,294.0,268.0,7234.0,38.0,109815.0,301.0,10.0,301.5,20.0,306.5,10.0,313.5,10.0,316.5,16.0,284.5,10.0,284.0,57.0,280.0,1.0,279.5,10.0,279.0,1.0
2023-04-27 21:04:00.75,1682600640750000000,298.0,294.0,268.0,7234.0,38.0,109815.0,301.0,10.0,301.5,20.0,306.5,10.0,313.5,10.0,316.5,16.0,284.5,10.0,284.0,57.0,280.0,1.0,279.5,30.0,279.0,1.0
2023-04-27 21:04:01.0,1682600641000000000,298.0,294.0,268.0,7234.0,38.0,109815.0,301.0,10.0,301.5,20.0,306.5,10.0,313.5,10.0,316.5,16.0,284.5,10.0,284.0,57.0,280.0,1.0,279.5,10.0,279.0,1.0
2023-04-27 21:04:02.25,1682600642250000000,298.0,294.0,268.0,7234.0,38.0,109815.0,301.0,10.0,301.5,20.0,306.5,10.0,313.5,10.0,316.5,16.0,284.5,10.0,284.0,57.0,281.0,1.0,280.0,1.0,279.5,10.0
2023-04-27 21:04:02.5,1682600642500000000,298.0,294.0,268.0,7234.0,38.0,109815.0,301.0,10.0,301.5,10.0,306.5,9.0,313.5,10.0,316.5,16.0,284.5,10.0,284.0,47.0,281.0,1.0,280.0,1.0,279.5,10.0
2023-04-27 21:04:03.75,1682600643750000000,298.0,294.0,268.0,7234.0,38.0,109815.0,295.0,10.0,301.0,10.0,301.5,10.0,306.5,9.0,313.5,10.0,290.5,10.0,284.5,10.0,284.0,47.0,281.0,1.0,280.0,1.0
2023-04-27 21:04:04.0,1682600644000000000,298.0,294.0,268.0,7234.0,38.0,109815.0,295.0,10.0,301.0,10.0,301.5,10.0,306.5,9.0,313.5,10.0,290.5,10.0,284.5,10.0,284.0,47.0,281.0,1.0,280.0,1.0
2023-04-27 21:04:04.25,1682600644250000000,298.0,294.0,268.0,7234.0,38.0,109815.0,294.0,10.0,301.0,10.0,301.5,10.0,306.5,9.0,313.5,10.0,290.5,10.0,284.5,10.0,284.0,47.0,281.0,1.0,280.0,1.0
2023-04-27 21:04:04.5,1682600644500000000,298.0,294.0,268.0,7244.0,48.0,139215.0,301.0,10.0,301.5,10.0,306.5,9.0,313.5,10.0,316.5,16.0,284.5,10.0,284.0,47.0,281.0,1.0,280.0,1.0,279.5,30.0
2023-04-27 21:04:04.75,1682600644750000000,298.0,294.0,268.0,7244.0,48.0,139215.0,301.0,10.0,301.5,10.0,306.5,9.0,313.5,10.0,316.5,16.0,284.5,10.0,284.0,47.0,281.0,1.0,280.0,1.0,279.5,10.0
2023-04-27 21:04:07.25,1682600647250000000,298.0,294.0,268.0,7244.0,48.0,139215.0,301.0,10.0,302.5,10.0,306.5,9.0,313.5,10.0,316.5,16.0,284.5,10.0,284.0,47.0,281.0,1.0,280.5,10.0,280.0,1.0
2023-04-27 21:04:07.5,1682600647500000000,298.0,294.0,268.0,7244.0,48.0,139215.0,301.0,10.0,302.5,10.0,306.5,9.0,313.5,10.0,316.5,16.0,284.5,10.0,284.0,47.0,281.5,20.0,281.0,1.0,280.5,10.0
2023-04-27 21:04:08.5,1682600648500000000,298.0,294.0,268.0,7244.0,48.0,139215.0,301.0,10.0,302.5,10.0,306.5,9.0,313.5,10.0,316.5,16.0,284.5,10.0,284.0,47.0,281.0,1.0,280.5,10.0,280.0,1.0
2023-04-27 21:04:09.0,1682600649000000000,298.0,294.0,268.0,7244.0,48.0,139215.0,301.0,10.0,302.5,10.0,306.5,9.0,313.5,10.0,316.5,16.0,284.5,10.0,284.0,47.0,281.0,1.0,280.5,10.0,280.0,11.0
2023-04-27 21:04:10.0,1682600650000000000,298.0,294.0,268.0,7244.0,48.0,139215.0,301.0,10.0,302.5,10.0,306.5,9.0,313.5,10.0,316.5,16.0,284.5,10.0,284.0,47.0,282.0,20.0,281.0,1.0,280.5,10.0
2023-04-27 21:04:10.5,1682600650500000000,298.0,294.0,268.0,7244.0,48.0,139215.0,301.0,10.0,302.5,10.0,306.5,9.0,313.5,10.0,316.5,16.0,284.5,10.0,284.0,47.0,281.0,1.0,280.5,10.0,280.0,11.0
2023-04-27 21:04:11.0,1682600651000000000,298.0,294.0,268.0,7244.0,48.0,139215.0,301.0,11.0,302.5,10.0,306.5,9.0,313.5,10.0,316.5,16.0,284.5,10.0,284.0,47.0,281.0,1.0,280.5,10.0,280.0,11.0
2023-04-27 21:04:11.25,1682600651250000000,298.0,294.0,268.0,7244.0,48.0,139215.0,301.0,11.0,302.5,10.0,306.5,9.0,313.5,10.0,316.5,16.0,285.0,1.0,284.5,10.0,284.0,47.0,281.0,1.0,280.5,10.0
2023-04-27 21:04:12.0,1682600652000000000,298.0,294.0,268.0,7244.0,48.0,139215.0,301.0,1.0,302.5,10.0,304.5,10.0,306.5,9.0,313.5,10.0,287.0,10.0,285.0,1.0,284.0,47.0,281.0,1.0,280.5,10.0
2023-04-27 21:04:12.25,1682600652250000000,298.0,294.0,268.0,7244.0,48.0,139215.0,301.0,1.0,302.5,10.0,304.5,10.0,306.5,9.0,313.5,10.0,287.0,10.0,285.0,1.0,284.0,47.0,281.0,11.0,280.5,10.0
2023-04-27 21:04:12.5,1682600652500000000,298.0,294.0,268.0,7244.0,48.0,139215.0,301.0,1.0,302.5,10.0,303.5,10.0,304.5,10.0,306.5,9.0,287.0,10.0,286.0,10.0,285.0,1.0,284.0,47.0,281.0,1.0
2023-04-27 21:04:12.75,1682600652750000000,298.0,294.0,268.0,7244.0,48.0,139215.0,301.0,1.0,302.5,10.0,303.5,10.0,304.5,10.0,306.5,9.0,287.0,10.0,286.0,10.0,285.0,1.0,284.0,47.0,283.0,20.0
2023-04-27 21:04:13.25,1682600653250000000,298.0,294.0,268.0,7244.0,48.0,139215.0,301.0,1.0,302.5,10.0,303.5,10.0,304.5,10.0,306.5,9.0,287.0,10.0,286.0,10.0,285.0,1.0,284.0,47.0,281.0,1.0
2023-04-27 21:04:13.5,1682600653500000000,298.0,294.0,268.0,7244.0,48.0,139215.0,301.0,1.0,302.5,10.0,303.5,10.0,304.5,10.0,306.5,9.0,287.0,10.0,286.0,10.0,285.0,1.0,284.0,47.0,283.0,20.0
2023-04-27 21:04:13.75,1682600653750000000,298.0,294.0,268.0,7244.0,48.0,139215.0,301.0,1.0,302.5,10.0,303.5,10.0,304.5,10.0,306.5,9.0,287.0,10.0,286.0,10.0,285.0,1.0,284.0,47.0,281.0,11.0
2023-04-27 21:04:14.0,1682600654000000000,298.0,294.0,268.0,7244.0,48.0,139215.0,301.0,1.0,302.5,10.0,303.5,10.0,304.5,10.0,306.5,9.0,287.0,10.0,286.0,10.0,285.0,1.0,284.0,47.0,283.5,20.0
2023-04-27 21:04:15.75,1682600655750000000,298.0,294.0,268.0,7244.0,48.0,139215.0,302.5,10.0,303.5,10.0,304.5,10.0,306.5,9.0,313.5,10.0,287.0,10.0,286.0,10.0,285.0,1.0,284.0,47.0,283.5,20.0
2023-04-27 21:04:16.0,1682600656000000000,298.0,294.0,268.0,7244.0,48.0,139215.0,303.5,10.0,304.5,20.0,306.5,9.0,313.5,10.0,316.5,16.0,287.0,10.0,286.0,10.0,285.0,1.0,284.0,47.0,283.5,20.0
2023-04-27 21:04:16.25,1682600656250000000,298.0,294.0,268.0,7244.0,48.0,139215.0,304.5,30.0,306.5,9.0,313.5,10.0,316.5,16.0,334.0,20.0,287.0,20.0,285.0,1.0,284.0,47.0,283.5,20.0,282.0,10.0
2023-04-27 21:04:16.5,1682600656500000000,298.0,294.0,268.0,7244.0,48.0,139215.0,304.5,20.0,305.0,10.0,306.5,9.0,313.5,10.0,316.5,16.0,287.0,20.0,285.0,1.0,284.0,47.0,283.5,20.0,282.5,10.0
2023-04-27 21:04:18.5,1682600658500000000,298.0,294.0,268.0,7244.0,48.0,139215.0,304.5,20.0,305.0,10.0,306.5,9.0,313.5,10.0,316.5,16.0,294.0,9.0,287.0,20.0,285.0,1.0,284.0,47.0,283.5,20.0
2023-04-27 21:04:22.25,1682600662250000000,298.0,294.0,268.0,7244.0,48.0,139215.0,304.5,20.0,305.0,11.0,306.5,9.0,313.5,10.0,316.5,16.0,294.0,9.0,287.0,20.0,285.0,1.0,284.0,47.0,283.5,20.0
2023-04-27 21:04:23.5,1682600663500000000,298.0,294.0,268.0,7244.0,48.0,139215.0,304.5,20.0,305.0,1.0,306.5,9.0,307.0,10.0,314.5,10.0,294.0,9.0,287.5,20.0,287.0,20.0,285.0,1.0,284.5,10.0
2023-04-27 21:04:25.0,1682600665000000000,298.0,294.0,268.0,7244.0,48.0,139215.0,304.5,20.0,305.0,1.0,306.5,9.0,307.0,10.0,316.5,16.0,294.0,9.0,287.5,20.0,287.0,20.0,285.0,1.0,284.5,10.0
2023-04-27 21:04:25.25,1682600665250000000,298.0,294.0,268.0,7244.0,48.0,139215.0,304.5,20.0,305.0,1.0,306.5,9.0,307.0,10.0,315.0,10.0,294.0,9.0,287.5,20.0,287.0,20.0,285.0,1.0,284.5,20.0
2023-04-27 21:04:26.25,1682600666250000000,298.0,294.0,268.0,7244.0,48.0,139215.0,304.5,10.0,305.0,1.0,306.5,9.0,307.0,10.0,308.0,10.0,294.0,9.0,290.5,10.0,287.5,20.0,287.0,10.0,285.0,1.0
2023-04-27 21:04:26.5,1682600666500000000,298.0,294.0,268.0,7244.0,48.0,139215.0,305.0,1.0,306.5,19.0,307.0,10.0,308.0,10.0,315.0,10.0,294.0,9.0,290.5,20.0,287.5,20.0,285.0,1.0,284.5,20.0
2023-04-27 21:04:27.0,1682600667000000000,298.0,294.0,268.0,7244.0,48.0,139215.0,305.0,1.0,306.5,19.0,307.0,10.0,308.0,10.0,316.5,16.0,294.0,9.0,290.5,20.0,287.5,20.0,285.0,1.0,284.5,20.0
2023-04-27 21:04:27.25,1682600667250000000,298.0,294.0,268.0,7244.0,48.0,139215.0,305.0,1.0,306.5,19.0,307.0,10.0,308.0,10.0,315.0,10.0,294.0,9.0,290.5,20.0,287.5,20.0,285.0,1.0,284.5,20.0
2023-04-27 21:04:27.5,1682600667500000000,298.0,294.0,268.0,7244.0,48.0,139215.0,305.0,1.0,306.5,19.0,307.0,10.0,308.0,10.0,315.0,10.0,295.0,1.0,294.0,9.0,290.5,20.0,287.5,20.0,284.5,10.0
2023-04-27 21:04:27.75,1682600667750000000,298.0,294.0,268.0,7244.0,48.0,139215.0,305.0,1.0,306.5,19.0,307.0,10.0,308.0,10.0,315.0,10.0,295.0,1.0,294.0,19.0,290.5,10.0,287.5,20.0,284.5,20.0
2023-04-27 21:04:28.0,1682600668000000000,298.0,294.0,268.0,7244.0,48.0,139215.0,305.0,1.0,306.5,19.0,307.0,10.0,308.0,10.0,316.5,16.0,295.0,1.0,294.0,19.0,290.5,10.0,287.5,20.0,284.5,20.0
2023-04-27 21:04:28.25,1682600668250000000,298.0,294.0,268.0,7244.0,48.0,139215.0,305.0,1.0,306.5,19.0,307.0,10.0,308.0,10.0,316.0,10.0,295.0,1.0,294.0,19.0,290.5,10.0,287.5,20.0,284.5,20.0
2023-04-27 21:04:28.5,1682600668500000000,298.0,294.0,268.0,7244.0,48.0,139215.0,305.0,1.0,306.5,19.0,307.0,10.0,308.0,10.0,316.5,16.0,295.0,1.0,294.0,19.0,290.5,10.0,287.5,20.0,284.5,20.0
2023-04-27 21:04:28.75,1682600668750000000,298.0,294.0,268.0,7244.0,48.0,139215.0,305.0,1.0,306.5,19.0,307.0,10.0,308.0,10.0,316.5,26.0,295.0,1.0,294.0,19.0,290.5,10.0,287.5,20.0,284.5,20.0
2023-04-27 21:04:29.0,1682600669000000000,298.0,294.0,268.0,7244.0,48.0,139215.0,305.0,1.0,306.5,19.0,307.0,10.0,308.0,10.0,316.5,16.0,295.0,1.0,294.0,19.0,290.5,10.0,287.5,20.0,284.5,20.0
2023-04-27 21:04:29.5,1682600669500000000,298.0,294.0,268.0,7244.0,48.0,139215.0,306.5,19.0,307.0,10.0,308.0,10.0,316.5,16.0,334.5,2.0,295.0,1.0,294.0,19.0,290.5,10.0,287.5,20.0,284.5,20.0
2023-04-27 21:04:29.75,1682600669750000000,298.0,294.0,268.0,7244.0,48.0,139215.0,306.5,9.0,307.0,10.0,308.0,10.0,311.0,10.0,316.5,16.0,295.0,1.0,294.0,19.0,290.5,10.0,288.0,10.0,287.5,20.0
2023-04-27 21:04:30.0,1682600670000000000,298.0,294.0,268.0,7244.0,48.0,139215.0,306.5,9.0,308.0,20.0,311.0,10.0,316.5,16.0,331.5,10.0,295.0,1.0,294.0,19.0,290.5,10.0,288.0,10.0,287.5,20.0
2023-04-27 21:04:35.25,1682600675250000000,298.0,294.0,268.0,7244.0,48.0,139215.0,306.5,9.0,307.5,1.0,308.0,20.0,311.0,10.0,316.5,16.0,295.0,1.0,294.0,19.0,290.5,10.0,288.0,10.0,287.5,20.0
2023-04-27 21:04:59.25,1682600699250000000,298.0,294.0,268.0,7244.0,48.0,139215.0,306.5,9.0,307.5,1.0,308.0,20.0,311.0,10.0,316.5,16.0,295.0,1.0,294.0,19.0,290.5,10.0,288.0,10.0,287.0,20.0
2023-04-27 21:04:59.5,1682600699500000000,298.0,294.0,268.0,7244.0,48.0,139215.0,306.5,9.0,307.5,1.0,308.0,20.0,311.0,10.0,313.5,10.0,295.0,1.0,294.0,19.0,290.5,10.0,288.0,10.0,287.0,20.0
2023-04-27 21:05:00.5,1682600700500000000,298.0,294.0,268.0,7244.0,48.0,139215.0,306.5,19.0,307.5,1.0,308.0,20.0,311.0,10.0,313.5,10.0,295.0,11.0,294.0,19.0,290.5,10.0,288.0,10.0,287.0,20.0
2023-04-27 21:05:00.75,1682600700750000000,298.0,294.0,268.0,7244.0,48.0,139215.0,306.5,29.0,307.5,1.0,308.0,10.0,311.0,10.0,313.5,10.0,295.0,21.0,294.0,9.0,290.5,10.0,288.0,10.0,287.0,20.0
2023-04-27 21:05:02.25,1682600702250000000,298.0,294.0,268.0,7244.0,48.0,139215.0,304.5,10.0,306.5,29.0,307.0,10.0,307.5,1.0,313.5,10.0,295.0,11.0,294.0,19.0,287.0,30.0,284.5,10.0,284.0,47.0
2023-04-27 21:05:02.5,1682600702500000000,298.0,294.0,268.0,7244.0,48.0,139215.0,304.5,20.0,306.5,19.0,307.0,10.0,307.5,1.0,313.5,10.0,295.0,11.0,294.0,19.0,287.0,30.0,284.5,10.0,284.0,47.0
2023-04-27 21:05:03.75,1682600703750000000,298.0,294.0,268.0,7244.0,48.0,139215.0,304.5,30.0,306.5,9.0,307.0,10.0,307.5,1.0,313.5,10.0,295.0,21.0,294.0,9.0,287.0,30.0,284.5,10.0,284.0,47.0
2023-04-27 21:05:04.75,1682600704750000000,298.0,294.0,268.0,7244.0,48.0,139215.0,304.5,30.0,306.5,9.0,307.0,10.0,307.5,1.0,313.5,10.0,295.0,11.0,294.0,19.0,287.0,30.0,284.5,10.0,284.0,47.0
2023-04-27 21:05:05.0,1682600705000000000,298.0,294.0,268.0,7244.0,48.0,139215.0,304.5,30.0,306.5,9.0,307.0,10.0,313.5,10.0,316.5,16.0,295.0,11.0,294.0,19.0,287.0,30.0,284.5,10.0,284.0,47.0
2023-04-27 21:05:06.0,1682600706000000000,298.0,294.0,268.0,7244.0,48.0,139215.0,304.5,30.0,306.5,9.0,307.0,10.0,313.5,10.0,316.5,16.0,295.0,21.0,294.0,9.0,287.0,30.0,284.5,10.0,284.0,47.0
2023-04-27 21:05:06.25,1682600706250000000,298.0,294.0,268.0,7244.0,48.0,139215.0,304.5,30.0,306.5,9.0,307.0,10.0,313.5,10.0,316.5,16.0,295.0,21.0,294.0,11.0,287.0,30.0,284.5,10.0,284.0,47.0
2023-04-27 21:05:09.0,1682600709000000000,298.0,294.0,268.0,7244.0,48.0,139215.0,304.5,30.0,305.0,1.0,306.5,9.0,307.0,10.0,313.5,10.0,295.0,21.0,294.0,11.0,287.0,30.0,284.5,10.0,284.0,47.0
2023-04-27 21:05:09.25,1682600709250000000,298.0,294.0,268.0,7244.0,48.0,139215.0,304.5,30.0,305.0,1.0,306.5,9.0,307.0,11.0,313.5,10.0,295.0,21.0,294.0,11.0,287.0,30.0,284.5,10.0,284.0,47.0
2023-04-27 21:05:11.5,1682600711500000000,298.0,294.0,268.0,7244.0,48.0,139215.0,304.5,30.0,305.0,1.0,306.5,9.0,307.0,11.0,313.5,10.0,295.0,11.0,294.0,21.0,287.0,30.0,284.5,10.0,284.0,47.0
2023-04-27 21:05:13.25,1682600713250000000,298.0,294.0,268.0,7244.0,48.0,139215.0,304.5,30.0,305.0,1.0,306.5,9.0,307.0,11.0,313.5,10.0,295.0,11.0,294.0,21.0,287.0,10.0,286.5,20.0,284.5,10.0
2023-04-27 21:05:14.0,1682600714000000000,298.0,294.0,268.0,7244.0,48.0,139215.0,304.5,30.0,305.0,1.0,306.5,9.0,307.0,11.0,313.5,10.0,295.0,11.0,294.0,11.0,293.0,10.0,287.0,10.0,286.5,20.0
2023-04-27 21:05:15.25,1682600715250000000,298.0,294.0,268.0,7244.0,48.0,139215.0,304.5,30.0,305.0,1.0,306.5,9.0,307.0,11.0,313.5,10.0,295.0,1.0,294.5,10.0,294.0,11.0,293.0,10.0,287.0,10.0
2023-04-27 21:05:15.5,1682600715500000000,298.0,294.0,268.0,7244.0,48.0,139215.0,304.5,30.0,305.0,1.0,306.5,9.0,307.0,11.0,313.5,10.0,295.0,1.0,294.0,21.0,293.0,10.0,287.0,10.0,286.5,20.0
2023-04-27 21:05:16.0,1682600716000000000,298.0,294.0,268.0,7244.0,48.0,139215.0,304.5,30.0,305.0,1.0,306.5,9.0,307.0,11.0,313.5,10.0,295.0,1.0,294.0,21.0,291.5,10.0,287.0,10.0,286.5,20.0
2023-04-27 21:05:16.5,1682600716500000000,298.0,294.0,268.0,7244.0,48.0,139215.0,304.5,30.0,305.0,1.0,306.5,9.0,307.0,11.0,313.5,10.0,295.0,1.0,294.0,21.0,292.5,10.0,287.0,10.0,286.5,20.0
2023-04-27 21:05:18.5,1682600718500000000,298.0,294.0,268.0,7244.0,48.0,139215.0,301.5,1.0,304.5,30.0,305.0,1.0,306.5,9.0,307.0,11.0,295.0,1.0,294.0,21.0,292.5,10.0,287.0,10.0,286.5,20.0
2023-04-27 21:05:19.0,1682600719000000000,298.0,294.0,268.0,7244.0,48.0,139215.0,301.5,11.0,304.5,20.0,305.0,1.0,306.5,9.0,307.0,11.0,295.0,1.0,294.5,10.0,294.0,11.0,292.5,10.0,287.0,10.0
2023-04-27 21:05:19.25,1682600719250000000,298.0,294.0,268.0,7244.0,48.0,139215.0,301.5,21.0,304.5,10.0,305.0,1.0,306.5,9.0,307.0,11.0,295.0,1.0,294.5,10.0,294.0,11.0,292.5,10.0,287.0,10.0
2023-04-27 21:05:20.25,1682600720250000000,298.0,295.0,268.0,7244.0,49.0,142165.0,301.5,21.0,304.5,10.0,305.0,1.0,306.5,9.0,307.0,11.0,294.0,21.0,292.5,10.0,287.0,10.0,284.5,10.0,284.0,47.0
2023-04-27 21:05:20.5,1682600720500000000,298.0,295.0,268.0,7244.0,49.0,142165.0,301.5,21.0,304.5,10.0,305.0,1.0,306.5,9.0,307.0,11.0,294.0,11.0,293.0,10.0,292.5,10.0,287.0,10.0,284.5,10.0
2023-04-27 21:05:20.75,1682600720750000000,298.0,295.0,268.0,7244.0,49.0,142165.0,301.5,31.0,305.0,1.0,306.5,9.0,307.0,11.0,313.5,10.0,294.0,11.0,293.0,10.0,292.5,10.0,284.5,10.0,284.0,47.0
2023-04-27 21:05:21.25,1682600721250000000,298.0,295.0,268.0,7244.0,49.0,142165.0,301.5,31.0,305.0,1.0,306.5,9.0,307.0,11.0,313.5,10.0,294.0,11.0,292.5,20.0,284.5,10.0,284.0,47.0,283.5,10.0
2023-04-27 21:05:22.5,1682600722500000000,298.0,295.0,268.0,7244.0,49.0,142165.0,301.5,31.0,305.0,1.0,306.5,9.0,307.0,11.0,313.5,10.0,294.0,11.0,292.5,10.0,292.0,10.0,284.5,10.0,284.0,47.0
2023-04-27 21:05:23.0,1682600723000000000,298.0,294.0,268.0,7244.0,60.0,174505.0,301.5,31.0,305.0,1.0,306.5,9.0,307.0,11.0,313.5,10.0,292.5,10.0,292.0,10.0,284.5,10.0,284.0,47.0,283.5,10.0
2023-04-27 21:05:23.25,1682600723250000000,298.0,294.0,268.0,7244.0,60.0,174505.0,301.5,31.0,302.0,10.0,305.0,1.0,306.5,9.0,307.0,1.0,292.0,10.0,290.5,10.0,284.0,47.0,283.5,10.0,283.0,21.0
2023-04-27 21:05:23.5,1682600723500000000,298.0,294.0,268.0,7244.0,60.0,174505.0,301.5,31.0,302.0,10.0,305.0,1.0,306.5,9.0,307.0,1.0,291.0,10.0,290.5,10.0,284.0,47.0,283.5,10.0,283.0,21.0
2023-04-27 21:05:24.5,1682600724500000000,298.0,294.0,268.0,7244.0,60.0,174505.0,301.5,31.0,302.0,10.0,305.0,1.0,306.5,9.0,307.0,1.0,291.0,10.0,290.5,10.0,284.0,47.0,283.5,10.0,283.0,1.0
2023-04-27 21:05:27.75,1682600727750000000,298.0,294.0,268.0,7244.0,60.0,174505.0,301.5,31.0,302.0,10.0,305.0,1.0,306.5,9.0,307.0,1.0,291.0,10.0,289.5,10.0,284.0,47.0,283.5,10.0,283.0,1.0
2023-04-27 21:05:28.25,1682600728250000000,298.0,294.0,268.0,7244.0,60.0,174505.0,301.5,31.0,303.0,10.0,305.0,1.0,306.5,9.0,307.0,1.0,291.0,10.0,289.5,10.0,284.0,47.0,283.5,10.0,283.0,1.0
2023-04-27 21:05:29.5,1682600729500000000,298.0,294.0,268.0,7244.0,60.0,174505.0,301.5,31.0,303.0,10.0,305.0,1.0,306.5,9.0,307.0,1.0,291.0,10.0,289.5,10.0,284.0,47.0,283.5,10.0,281.0,30.0
2023-04-27 21:05:32.0,1682600732000000000,298.0,291.0,268.0,7244.0,70.0,203605.0,301.5,31.0,303.0,10.0,305.0,1.0,306.5,9.0,307.0,1.0,289.5,10.0,284.0,47.0,283.5,10.0,281.0,30.0,278.0,1.0
2023-04-27 21:05:32.25,1682600732250000000,298.0,291.0,268.0,7244.0,70.0,203605.0,298.0,10.0,301.5,21.0,303.0,10.0,305.0,1.0,306.5,9.0,289.0,10.0,284.0,57.0,281.0,20.0,280.0,20.0,278.0,1.0
2023-04-27 21:05:32.5,1682600732500000000,298.0,291.0,268.0,7244.0,70.0,203605.0,298.0,30.0,301.5,1.0,303.0,10.0,305.0,1.0,306.5,9.0,288.5,10.0,287.0,10.0,284.0,47.0,281.0,20.0,280.0,20.0
2023-04-27 21:05:32.75,1682600732750000000,298.0,291.0,268.0,7244.0,70.0,203605.0,298.0,30.0,301.5,1.0,303.0,10.0,305.0,1.0,305.5,10.0,288.5,10.0,287.0,10.0,284.0,47.0,281.0,20.0,280.0,20.0
2023-04-27 21:05:33.25,1682600733250000000,298.0,291.0,268.0,7244.0,70.0,203605.0,298.0,30.0,301.5,1.0,303.0,10.0,305.0,1.0,306.5,9.0,288.5,10.0,287.0,10.0,284.0,47.0,281.0,20.0,280.0,20.0
2023-04-27 21:05:33.5,1682600733500000000,298.0,291.0,268.0,7244.0,70.0,203605.0,298.0,30.0,301.5,1.0,303.0,10.0,305.0,1.0,305.5,10.0,288.5,10.0,287.0,10.0,284.0,47.0,281.0,20.0,280.0,20.0
2023-04-27 21:05:35.5,1682600735500000000,298.0,291.0,268.0,7244.0,70.0,203605.0,298.0,30.0,301.5,1.0,303.0,10.0,305.0,1.0,305.5,10.0,288.0,10.0,287.0,10.0,284.0,47.0,281.0,20.0,280.0,20.0
2023-04-27 21:05:35.75,1682600735750000000,298.0,291.0,268.0,7244.0,70.0,203605.0,298.0,30.0,301.5,1.0,303.0,10.0,305.0,11.0,306.5,9.0,288.0,10.0,287.0,10.0,284.0,47.0,281.0,20.0,280.0,20.0
2023-04-27 21:05:37.0,1682600737000000000,298.0,291.0,268.0,7244.0,70.0,203605.0,298.0,30.0,301.5,1.0,303.0,10.0,305.0,1.0,305.5,10.0,288.0,10.0,287.0,10.0,284.0,47.0,281.0,20.0,278.0,1.0
2023-04-27 21:05:37.5,1682600737500000000,298.0,291.0,268.0,7244.0,70.0,203605.0,298.0,30.0,301.5,1.0,303.0,10.0,305.0,1.0,305.5,10.0,288.0,10.0,287.0,10.0,284.0,47.0,281.0,20.0,278.5,20.0
2023-04-27 21:05:38.25,1682600738250000000,298.0,291.0,268.0,7244.0,70.0,203605.0,298.0,30.0,301.5,1.0,303.0,10.0,305.0,1.0,305.5,10.0,288.0,20.0,284.0,47.0,281.0,20.0,278.5,20.0,278.0,1.0
2023-04-27 21:05:38.5,1682600738500000000,298.0,298.0,268.0,7248.0,74.0,215525.0,298.0,20.0,298.5,10.0,301.5,1.0,303.0,10.0,305.0,1.0,288.0,20.0,284.0,47.0,281.0,20.0,278.5,20.0,278.0,1.0
2023-04-27 21:05:38.75,1682600738750000000,298.0,298.0,268.0,7248.0,74.0,215525.0,297.5,76.0,298.0,20.0,298.5,10.0,301.5,1.0,303.0,10.0,293.5,2.0,288.0,20.0,284.0,47.0,281.0,20.0,278.5,20.0
2023-04-27 21:05:39.0,1682600739000000000,298.0,293.5,268.0,7248.0,76.0,221395.0,297.5,76.0,298.0,20.0,298.5,10.0,301.5,1.0,303.0,10.0,288.0,20.0,284.0,47.0,281.0,20.0,278.5,20.0,278.0,1.0
2023-04-27 21:05:39.25,1682600739250000000,298.0,293.5,268.0,7248.0,76.0,221395.0,297.0,10.0,297.5,76.0,298.0,10.0,298.5,10.0,301.5,1.0,288.0,20.0,284.0,47.0,281.0,20.0,278.5,20.0,278.0,1.0
2023-04-27 21:05:45.0,1682600745000000000,298.0,293.5,268.0,7248.0,76.0,221395.0,297.0,10.0,297.5,76.0,298.0,10.0,298.5,10.0,300.0,10.0,288.0,20.0,284.0,47.0,281.0,20.0,278.5,20.0,278.0,1.0
2023-04-27 21:05:45.25,1682600745250000000,298.0,293.5,268.0,7248.0,76.0,221395.0,297.0,10.0,297.5,76.0,298.0,10.0,298.5,10.0,300.0,10.0,288.0,10.0,287.5,10.0,284.0,47.0,281.0,20.0,278.5,20.0
2023-04-27 21:05:45.5,1682600745500000000,298.0,293.5,268.0,7248.0,76.0,221395.0,297.0,20.0,297.5,76.0,298.5,10.0,300.0,10.0,301.5,1.0,287.0,10.0,286.5,10.0,284.0,47.0,281.0,20.0,278.5,20.0
2023-04-27 21:05:45.75,1682600745750000000,298.0,293.5,268.0,7248.0,76.0,221395.0,295.0,10.0,297.0,20.0,297.5,76.0,300.0,10.0,301.5,1.0,286.5,20.0,284.0,47.0,281.0,10.0,278.5,20.0,278.0,11.0
2023-04-27 21:05:46.0,1682600746000000000,298.0,293.5,268.0,7248.0,76.0,221395.0,295.0,10.0,297.0,10.0,297.5,76.0,300.0,10.0,301.5,1.0,286.5,10.0,284.0,47.0,281.0,10.0,278.0,11.0,277.0,1.0
2023-04-27 21:05:46.25,1682600746250000000,298.0,293.5,268.0,7248.0,76.0,221395.0,295.0,20.0,297.5,76.0,300.0,10.0,301.5,1.0,303.0,10.0,286.5,10.0,284.0,47.0,281.0,10.0,278.0,11.0,277.0,1.0
2023-04-27 21:05:46.75,1682600746750000000,298.0,286.5,268.0,7248.0,86.0,250045.0,286.5,6.0,295.0,20.0,297.5,76.0,300.0,10.0,301.5,1.0,284.0,47.0,281.0,10.0,278.0,11.0,277.0,1.0,276.0,10.0
2023-04-27 21:05:47.0,1682600747000000000,298.0,286.5,268.0,7248.0,92.0,267235.0,295.0,30.0,297.5,76.0,300.0,10.0,301.5,1.0,303.0,10.0,286.5,10.0,284.0,57.0,281.0,10.0,278.0,11.0,277.0,1.0
2023-04-27 21:05:47.25,1682600747250000000,298.0,286.5,268.0,7248.0,92.0,267235.0,295.0,30.0,297.5,76.0,300.0,10.0,301.5,1.0,303.0,10.0,286.5,45.0,281.0,10.0,278.0,11.0,277.0,1.0,276.0,10.0
2023-04-27 21:05:48.75,1682600748750000000,298.0,286.5,268.0,7248.0,92.0,267235.0,295.0,30.0,297.5,76.0,300.0,10.0,301.5,1.0,303.0,10.0,286.5,45.0,281.0,10.0,278.0,11.0,277.5,20.0,277.0,1.0
2023-04-27 21:05:54.5,1682600754500000000,298.0,286.5,268.0,7249.0,93.0,270100.0,295.0,30.0,297.5,76.0,300.0,10.0,301.5,1.0,303.0,10.0,286.5,44.0,281.0,10.0,278.0,11.0,277.5,20.0,277.0,1.0
2023-04-27 21:05:54.75,1682600754750000000,298.0,286.5,268.0,7249.0,93.0,270100.0,295.0,30.0,297.5,76.0,300.0,10.0,301.5,1.0,303.0,10.0,287.0,31.0,286.5,19.0,281.0,10.0,278.0,11.0,277.5,20.0
2023-04-27 21:05:55.0,1682600755000000000,298.0,286.5,268.0,7249.0,93.0,270100.0,295.0,31.0,297.5,76.0,300.0,10.0,301.5,1.0,303.0,10.0,287.0,31.0,286.5,19.0,281.0,10.0,278.0,11.0,277.5,20.0
2023-04-27 21:05:56.0,1682600756000000000,298.0,286.5,268.0,7249.0,93.0,270100.0,295.0,31.0,297.5,76.0,300.0,10.0,301.5,1.0,303.0,10.0,287.0,31.0,286.5,19.0,281.0,10.0,280.0,20.0,278.0,11.0
2023-04-27 21:05:58.75,1682600758750000000,298.0,286.5,268.0,7249.0,93.0,270100.0,295.0,21.0,297.5,76.0,298.5,10.0,300.0,10.0,301.5,1.0,287.0,31.0,286.5,19.0,281.5,10.0,281.0,10.0,280.0,20.0
2023-04-27 21:05:59.5,1682600759500000000,298.0,286.5,268.0,7249.0,93.0,270100.0,295.0,21.0,297.5,76.0,298.5,10.0,300.0,10.0,303.0,10.0,287.0,31.0,286.5,19.0,281.5,10.0,281.0,10.0,280.0,20.0
2023-04-27 21:06:08.5,1682600768500000000,298.0,287.0,268.0,7249.0,103.0,298800.0,295.0,21.0,297.5,76.0,298.5,10.0,300.0,10.0,303.0,10.0,287.0,21.0,286.5,19.0,281.5,10.0,281.0,10.0,280.0,20.0
2023-04-27 21:06:09.0,1682600769000000000,298.0,287.0,268.0,7249.0,103.0,298800.0,295.0,11.0,295.5,10.0,297.5,76.0,298.5,10.0,300.0,10.0,287.0,31.0,286.5,10.0,281.5,10.0,281.0,10.0,280.0,20.0
2023-04-27 21:06:09.25,1682600769250000000,298.0,287.0,268.0,7249.0,103.0,298800.0,295.0,1.0,295.5,20.0,297.5,76.0,298.5,10.0,300.0,10.0,287.0,41.0,281.5,10.0,281.0,10.0,280.0,20.0,278.0,1.0
2023-04-27 21:06:09.5,1682600769500000000,298.0,287.0,268.0,7249.0,103.0,298800.0,295.0,1.0,295.5,20.0,297.5,76.0,298.5,10.0,300.0,10.0,287.0,41.0,281.5,10.0,281.0,10.0,280.0,20.0,278.5,10.0
2023-04-27 21:06:10.5,1682600770500000000,298.0,287.0,268.0,7249.0,103.0,298800.0,295.0,1.0,295.5,10.0,297.5,76.0,298.5,10.0,300.0,10.0,287.0,31.0,281.5,10.0,281.0,10.0,280.0,20.0,278.5,10.0
2023-04-27 21:06:10.75,1682600770750000000,298.0,287.0,268.0,7249.0,103.0,298800.0,295.0,1.0,297.5,86.0,298.5,10.0,300.0,10.0,303.0,10.0,287.0,31.0,281.5,10.0,281.0,10.0,280.0,20.0,278.5,10.0
2023-04-27 21:06:14.0,1682600774000000000,298.0,287.0,268.0,7249.0,103.0,298800.0,295.0,1.0,297.5,86.0,298.5,10.0,300.0,10.0,303.0,10.0,287.0,31.0,281.5,10.0,281.0,10.0,280.0,20.0,278.0,1.0
2023-04-27 21:06:14.25,1682600774250000000,298.0,287.0,268.0,7249.0,103.0,298800.0,295.0,1.0,297.5,86.0,298.0,10.0,298.5,10.0,300.0,10.0,287.0,31.0,285.0,10.0,281.5,10.0,281.0,10.0,280.0,20.0
2023-04-27 21:06:15.0,1682600775000000000,298.0,287.0,268.0,7249.0,103.0,298800.0,295.0,1.0,297.5,86.0,298.0,10.0,298.5,10.0,300.0,10.0,287.0,31.0,285.5,10.0,281.5,10.0,281.0,10.0,280.0,20.0
2023-04-27 21:06:15.25,1682600775250000000,298.0,287.0,268.0,7249.0,103.0,298800.0,295.0,1.0,297.0,10.0,297.5,86.0,298.5,10.0,300.0,10.0,287.0,31.0,284.5,10.0,281.5,10.0,281.0,10.0,280.0,20.0
2023-04-27 21:06:16.75,1682600776750000000,298.0,287.0,268.0,7249.0,103.0,298800.0,295.0,1.0,296.5,10.0,297.5,86.0,298.5,10.0,300.0,10.0,287.0,31.0,283.5,10.0,281.5,10.0,281.0,10.0,280.0,20.0
2023-04-27 21:06:17.0,1682600777000000000,298.0,287.0,268.0,7249.0,103.0,298800.0,295.0,1.0,296.5,20.0,297.5,76.0,298.5,10.0,300.0,10.0,287.0,31.0,283.5,10.0,281.5,10.0,281.0,10.0,280.0,20.0
2023-04-27 21:06:18.0,1682600778000000000,298.0,287.0,268.0,7249.0,103.0,298800.0,295.0,1.0,296.0,10.0,296.5,10.0,297.5,76.0,298.5,10.0,287.0,31.0,283.5,10.0,281.5,10.0,281.0,10.0,280.0,20.0
2023-04-27 21:06:18.25,1682600778250000000,298.0,287.0,268.0,7249.0,103.0,298800.0,295.0,1.0,296.5,20.0,297.5,76.0,298.5,10.0,300.0,10.0,287.0,31.0,284.0,10.0,281.5,10.0,281.0,10.0,280.0,20.0
2023-04-27 21:06:18.75,1682600778750000000,298.0,287.0,268.0,7249.0,103.0,298800.0,295.0,1.0,296.0,10.0,296.5,10.0,297.5,76.0,298.5,10.0,287.0,31.0,283.5,10.0,281.5,10.0,281.0,10.0,280.0,20.0
2023-04-27 21:06:19.0,1682600779000000000,298.0,287.0,268.0,7249.0,103.0,298800.0,295.0,11.0,296.5,10.0,297.5,76.0,298.5,10.0,300.0,10.0,287.0,31.0,282.5,10.0,281.5,10.0,281.0,10.0,280.0,20.0
2023-04-27 21:06:19.25,1682600779250000000,298.0,287.0,268.0,7249.0,103.0,298800.0,294.5,10.0,295.0,11.0,297.5,76.0,298.5,10.0,300.0,10.0,287.0,31.0,282.0,10.0,281.5,10.0,281.0,10.0,280.5,1.0
2023-04-27 21:06:21.75,1682600781750000000,298.0,287.0,268.0,7249.0,103.0,298800.0,295.0,11.0,295.5,10.0,297.5,76.0,298.5,10.0,300.0,10.0,287.0,31.0,283.0,10.0,281.5,10.0,281.0,10.0,280.5,1.0
2023-04-27 21:06:22.0,1682600782000000000,298.0,287.0,268.0,7249.0,103.0,298800.0,295.0,1.0,295.5,20.0,297.5,76.0,298.5,10.0,300.0,10.0,287.0,31.0,283.0,10.0,281.5,10.0,281.0,10.0,280.5,1.0
2023-04-27 21:06:22.25,1682600782250000000,298.0,287.0,268.0,7249.0,103.0,298800.0,295.0,1.0,295.5,20.0,297.5,76.0,298.5,10.0,300.0,10.0,287.0,31.0,283.0,10.0,281.5,10.0,281.0,10.0,280.5,21.0
2023-04-27 21:06:22.5,1682600782500000000,298.0,287.0,268.0,7249.0,103.0,298800.0,295.0,1.0,295.5,10.0,296.0,10.0,297.5,76.0,298.5,10.0,287.0,31.0,283.0,10.0,281.5,10.0,281.0,10.0,280.5,21.0
2023-04-27 21:06:22.75,1682600782750000000,298.0,287.0,268.0,7249.0,103.0,298800.0,295.0,1.0,296.0,20.0,297.5,76.0,298.5,10.0,300.0,10.0,287.0,31.0,283.0,10.0,281.5,10.0,281.0,10.0,280.5,21.0
2023-04-27 21:06:23.0,1682600783000000000,298.0,287.0,268.0,7249.0,103.0,298800.0,295.0,1.0,296.0,10.0,296.5,10.0,297.5,76.0,298.5,10.0,287.0,31.0,284.0,10.0,281.5,10.0,281.0,10.0,280.5,21.0
2023-04-27 21:06:23.25,1682600783250000000,298.0,287.0,268.0,7249.0,103.0,298800.0,295.0,1.0,296.0,10.0,296.5,10.0,297.5,76.0,298.5,10.0,287.0,31.0,283.0,10.0,281.5,10.0,281.0,10.0,280.5,21.0
2023-04-27 21:06:23.75,1682600783750000000,298.0,287.0,268.0,7249.0,103.0,298800.0,295.0,1.0,296.5,20.0,297.5,76.0,298.5,10.0,300.0,10.0,287.0,31.0,284.0,10.0,281.5,10.0,281.0,10.0,280.5,21.0
2023-04-27 21:06:24.5,1682600784500000000,298.0,287.0,268.0,7249.0,103.0,298800.0,295.0,1.0,296.0,10.0,296.5,10.0,297.5,76.0,298.5,10.0,287.0,31.0,283.0,10.0,281.5,10.0,281.0,10.0,280.5,21.0
2023-04-27 21:06:25.0,1682600785000000000,298.0,287.0,268.0,7249.0,103.0,298800.0,295.0,1.0,296.0,10.0,296.5,10.0,297.5,76.0,298.5,10.0,287.0,31.0,283.5,10.0,281.5,10.0,281.0,10.0,280.5,21.0
2023-04-27 21:06:25.25,1682600785250000000,298.0,287.0,268.0,7249.0,103.0,298800.0,295.0,1.0,295.5,10.0,296.5,10.0,297.5,76.0,298.5,10.0,287.0,31.0,283.0,10.0,281.5,10.0,281.0,10.0,280.5,21.0
2023-04-27 21:06:25.5,1682600785500000000,298.0,287.0,268.0,7249.0,103.0,298800.0,295.0,1.0,296.0,10.0,296.5,10.0,297.5,76.0,298.5,10.0,287.0,31.0,283.5,10.0,281.5,10.0,281.0,10.0,280.5,21.0
2023-04-27 21:06:25.75,1682600785750000000,298.0,287.0,268.0,7249.0,103.0,298800.0,295.0,1.0,295.5,10.0,296.5,10.0,297.5,76.0,298.5,10.0,287.0,31.0,283.0,10.0,281.5,10.0,281.0,10.0,280.5,21.0
2023-04-27 21:06:27.75,1682600787750000000,298.0,287.0,268.0,7249.0,103.0,298800.0,294.5,10.0,295.0,1.0,296.5,10.0,297.5,76.0,298.5,10.0,287.0,31.0,282.0,10.0,281.5,10.0,281.0,10.0,280.5,21.0
2023-04-27 21:06:28.0,1682600788000000000,298.0,287.0,268.0,7249.0,103.0,298800.0,294.5,20.0,295.0,1.0,297.5,76.0,298.5,10.0,300.0,10.0,287.0,21.0,286.5,10.0,282.0,10.0,281.5,10.0,281.0,10.0
2023-04-27 21:06:28.25,1682600788250000000,298.0,287.0,268.0,7249.0,103.0,298800.0,294.5,10.0,295.0,11.0,297.5,76.0,298.5,10.0,300.0,10.0,287.0,21.0,286.5,10.0,282.5,10.0,281.5,10.0,281.0,10.0
2023-04-27 21:06:28.5,1682600788500000000,298.0,287.0,268.0,7249.0,103.0,298800.0,294.5,10.0,295.0,11.0,297.5,76.0,298.5,10.0,300.0,10.0,287.0,21.0,285.5,10.0,282.0,10.0,281.5,10.0,281.0,10.0
2023-04-27 21:06:28.75,1682600788750000000,298.0,287.0,268.0,7249.0,103.0,298800.0,294.0,10.0,295.0,11.0,297.5,76.0,298.5,10.0,300.0,10.0,287.0,21.0,285.5,10.0,281.5,20.0,281.0,10.0,280.5,21.0
2023-04-27 21:06:29.25,1682600789250000000,298.0,287.0,268.0,7249.0,103.0,298800.0,293.5,10.0,295.0,11.0,297.5,76.0,298.5,10.0,300.0,10.0,287.0,21.0,285.5,10.0,281.5,10.0,281.0,20.0,280.5,21.0
2023-04-27 21:06:29.5,1682600789500000000,298.0,287.0,268.0,7249.0,103.0,298800.0,293.5,20.0,295.0,1.0,297.5,76.0,298.5,10.0,300.0,10.0,287.0,21.0,285.0,10.0,281.5,10.0,281.0,20.0,280.5,21.0
2023-04-27 21:06:29.75,1682600789750000000,298.0,287.0,268.0,7249.0,103.0,298800.0,293.0,10.0,293.5,10.0,295.0,1.0,297.5,76.0,298.5,10.0,287.0,21.0,285.0,10.0,281.5,10.0,281.0,10.0,280.5,31.0
2023-04-27 21:06:32.0,1682600792000000000,298.0,287.0,268.0,7249.0,103.0,298800.0,293.5,20.0,295.0,1.0,297.5,76.0,298.5,10.0,300.0,10.0,287.0,21.0,285.0,10.0,281.5,10.0,281.0,20.0,280.5,21.0
2023-04-27 21:06:33.0,1682600793000000000,298.0,287.0,268.0,7249.0,103.0,298800.0,293.5,10.0,294.0,10.0,297.5,76.0,298.5,10.0,300.0,10.0,287.0,21.0,285.0,10.0,281.5,20.0,281.0,10.0,280.5,1.0
2023-04-27 21:06:33.25,1682600793250000000,298.0,287.0,268.0,7249.0,103.0,298800.0,294.0,20.0,297.5,76.0,298.5,10.0,300.0,10.0,303.0,10.0,287.0,21.0,285.5,10.0,281.5,20.0,281.0,10.0,280.5,1.0
2023-04-27 21:06:34.0,1682600794000000000,298.0,287.0,268.0,7249.0,103.0,298800.0,293.5,10.0,294.0,10.0,297.5,76.0,298.5,10.0,299.0,7.0,287.0,21.0,285.5,10.0,281.5,10.0,281.0,20.0,280.5,1.0
2023-04-27 21:06:35.25,1682600795250000000,298.0,287.0,268.0,7249.0,103.0,298800.0,293.0,10.0,294.0,10.0,297.5,76.0,298.5,10.0,299.0,7.0,287.0,21.0,285.5,10.0,281.5,10.0,281.0,10.0,280.5,11.0
2023-04-27 21:06:38.75,1682600798750000000,298.0,287.0,268.0,7249.0,103.0,298800.0,293.0,10.0,293.5,1.0,294.0,10.0,297.5,76.0,298.5,10.0,287.0,21.0,285.5,10.0,281.5,10.0,281.0,10.0,280.5,11.0
2023-04-27 21:06:40.25,1682600800250000000,298.0,287.0,268.0,7249.0,103.0,298800.0,293.5,1.0,294.0,20.0,297.5,76.0,298.5,10.0,299.0,7.0,287.0,21.0,285.5,10.0,281.5,20.0,281.0,10.0,280.5,1.0
2023-04-27 21:06:43.25,1682600803250000000,298.0,287.0,268.0,7249.0,103.0,298800.0,294.0,10.0,294.5,10.0,297.5,76.0,298.5,10.0,299.0,7.0,287.0,21.0,286.5,10.0,281.5,20.0,281.0,10.0,280.5,1.0
2023-04-27 21:06:43.5,1682600803500000000,298.0,287.0,268.0,7249.0,103.0,298800.0,294.0,10.0,294.5,20.0,297.5,76.0,298.5,10.0,299.0,7.0,287.0,31.0,286.0,10.0,282.0,10.0,281.5,10.0,281.0,10.0
2023-04-27 21:06:44.0,1682600804000000000,298.0,287.0,268.0,7249.0,103.0,298800.0,294.0,20.0,294.5,10.0,297.5,76.0,298.5,10.0,299.0,7.0,287.0,31.0,286.0,10.0,281.5,20.0,281.0,10.0,280.5,1.0
2023-04-27 21:06:44.5,1682600804500000000,298.0,287.0,268.0,7249.0,103.0,298800.0,294.0,10.0,294.5,20.0,297.5,76.0,298.5,10.0,299.0,7.0,287.0,31.0,286.0,10.0,282.0,10.0,281.5,10.0,281.0,10.0
2023-04-27 21:06:46.25,1682600806250000000,298.0,287.0,268.0,7249.0,103.0,298800.0,294.0,10.0,294.5,10.0,295.5,10.0,297.5,76.0,298.5,10.0,287.0,31.0,286.0,10.0,283.0,10.0,281.5,10.0,281.0,10.0
2023-04-27 21:06:47.25,1682600807250000000,298.0,287.0,268.0,7249.0,103.0,298800.0,294.0,10.0,294.5,10.0,296.0,10.0,297.5,76.0,298.5,10.0,287.0,31.0,286.0,10.0,283.0,10.0,281.5,10.0,281.0,10.0
2023-04-27 21:06:47.75,1682600807750000000,298.0,287.0,268.0,7249.0,103.0,298800.0,294.0,10.0,294.5,10.0,295.0,10.0,297.5,76.0,298.5,10.0,287.0,31.0,286.0,10.0,282.5,10.0,281.5,10.0,281.0,10.0
2023-04-27 21:06:52.0,1682600812000000000,298.0,287.0,268.0,7249.0,103.0,298800.0,294.0,10.0,294.5,10.0,295.0,11.0,297.5,76.0,298.5,10.0,287.0,31.0,286.0,10.0,282.5,10.0,281.5,10.0,281.0,10.0
2023-04-27 21:06:52.5,1682600812500000000,298.0,287.0,268.0,7249.0,103.0,298800.0,294.0,10.0,294.5,10.0,295.0,1.0,295.5,10.0,297.5,76.0,287.0,31.0,286.0,10.0,283.0,10.0,281.5,10.0,281.0,10.0
2023-04-27 21:06:54.25,1682600814250000000,298.0,287.0,268.0,7249.0,103.0,298800.0,294.0,10.0,294.5,10.0,295.0,1.0,296.0,10.0,297.5,76.0,287.0,31.0,286.0,10.0,283.5,10.0,281.5,10.0,281.0,10.0
2023-04-27 21:06:56.5,1682600816500000000,298.0,287.0,268.0,7249.0,103.0,298800.0,294.0,20.0,295.0,1.0,296.5,10.0,297.5,76.0,298.5,10.0,287.0,41.0,284.0,10.0,281.5,10.0,281.0,10.0,280.5,1.0
2023-04-27 21:06:57.0,1682600817000000000,298.0,287.0,268.0,7249.0,103.0,298800.0,294.0,20.0,295.0,1.0,296.0,10.0,297.5,76.0,298.5,10.0,287.0,41.0,283.5,10.0,281.5,10.0,281.0,10.0,280.5,1.0
2023-04-27 21:06:57.75,1682600817750000000,298.0,287.0,268.0,7249.0,103.0,298800.0,294.0,20.0,295.0,1.0,296.5,10.0,297.5,76.0,298.5,10.0,287.0,41.0,284.0,10.0,281.5,10.0,281.0,10.0,280.5,1.0
2023-04-27 21:06:58.25,1682600818250000000,298.0,287.0,268.0,7249.0,103.0,298800.0,294.0,20.0,295.0,1.0,297.0,10.0,297.5,76.0,298.5,10.0,287.0,41.0,284.5,10.0,281.5,10.0,281.0,10.0,280.5,1.0
2023-04-27 21:06:58.75,1682600818750000000,298.0,287.0,268.0,7249.0,103.0,298800.0,294.0,20.0,295.0,1.0,296.5,10.0,297.5,76.0,298.5,10.0,287.0,41.0,284.0,10.0,281.5,10.0,281.0,10.0,280.5,1.0
2023-04-27 21:06:59.75,1682600819750000000,298.0,287.0,268.0,7249.0,103.0,298800.0,294.0,20.0,295.0,11.0,296.5,10.0,297.5,76.0,298.5,10.0,287.0,41.0,286.0,10.0,284.0,10.0,281.5,10.0,281.0,10.0
2023-04-27 21:07:00.75,1682600820750000000,298.0,287.0,268.0,7249.0,103.0,298800.0,294.0,20.0,295.0,11.0,297.5,86.0,298.5,10.0,299.0,7.0,287.0,41.0,286.0,10.0,284.5,10.0,281.5,10.0,281.0,10.0
2023-04-27 21:07:02.0,1682600822000000000,298.0,287.0,268.0,7249.0,103.0,298800.0,294.0,20.0,295.0,11.0,297.5,86.0,298.5,10.0,299.0,7.0,287.0,41.0,286.0,10.0,285.0,10.0,281.5,10.0,281.0,10.0
2023-04-27 21:07:02.25,1682600822250000000,298.0,287.0,268.0,7249.0,103.0,298800.0,294.0,20.0,295.0,11.0,296.0,10.0,297.5,76.0,298.5,10.0,287.0,41.0,286.0,10.0,283.5,10.0,281.5,10.0,281.0,10.0
2023-04-27 21:07:02.5,1682600822500000000,298.0,287.0,268.0,7249.0,103.0,298800.0,294.0,20.0,295.0,11.0,296.5,10.0,297.5,76.0,298.5,10.0,287.0,41.0,286.0,10.0,283.5,10.0,281.5,10.0,281.0,10.0
2023-04-27 21:07:03.25,1682600823250000000,298.0,287.0,268.0,7249.0,103.0,298800.0,294.0,20.0,295.0,11.0,295.5,10.0,297.5,76.0,298.5,10.0,287.0,41.0,286.0,10.0,283.0,10.0,281.5,10.0,281.0,10.0
2023-04-27 21:07:04.0,1682600824000000000,298.0,287.0,268.0,7249.0,103.0,298800.0,294.0,20.0,295.0,11.0,296.5,10.0,297.5,76.0,298.5,10.0,287.0,41.0,286.0,10.0,284.0,10.0,281.5,10.0,281.0,10.0
2023-04-27 21:07:08.25,1682600828250000000,298.0,287.0,268.0,7249.0,103.0,298800.0,294.0,20.0,295.0,11.0,296.0,10.0,297.5,76.0,298.5,10.0,287.0,41.0,286.0,10.0,283.5,10.0,281.5,10.0,281.0,10.0
2023-04-27 21:07:08.5,1682600828500000000,298.0,287.0,268.0,7249.0,103.0,298800.0,294.0,20.0,295.0,11.0,295.5,10.0,297.5,76.0,298.5,10.0,287.0,41.0,286.0,10.0,283.0,10.0,281.5,10.0,281.0,10.0
2023-04-27 21:07:08.75,1682600828750000000,298.0,287.0,268.0,7249.0,103.0,298800.0,294.0,20.0,295.0,11.0,296.0,10.0,297.5,76.0,298.5,10.0,287.0,41.0,286.0,10.0,283.5,10.0,281.5,10.0,281.0,10.0
2023-04-27 21:07:09.0,1682600829000000000,298.0,287.0,268.0,7249.0,103.0,298800.0,294.0,20.0,295.0,11.0,295.5,10.0,297.5,76.0,298.5,10.0,287.0,41.0,286.0,10.0,283.0,10.0,281.5,10.0,281.0,10.0
2023-04-27 21:07:09.5,1682600829500000000,298.0,287.0,268.0,7249.0,103.0,298800.0,294.0,20.0,295.0,11.0,296.0,10.0,297.5,76.0,298.5,10.0,287.0,41.0,286.0,10.0,283.5,10.0,281.5,10.0,281.0,10.0
2023-04-27 21:07:10.0,1682600830000000000,298.0,287.0,268.0,7249.0,103.0,298800.0,294.0,20.0,295.0,11.0,297.0,10.0,297.5,76.0,298.5,10.0,287.0,41.0,286.0,10.0,284.5,10.0,281.5,10.0,281.0,10.0
2023-04-27 21:07:10.5,1682600830500000000,298.0,287.0,268.0,7249.0,103.0,298800.0,294.0,20.0,295.0,11.0,297.5,76.0,298.0,10.0,298.5,10.0,287.0,41.0,286.0,10.0,285.5,10.0,281.5,10.0,281.0,10.0
2023-04-27 21:07:11.25,1682600831250000000,298.0,287.0,268.0,7249.0,103.0,298800.0,294.0,20.0,294.5,10.0,295.0,11.0,297.5,76.0,298.0,10.0,288.5,10.0,287.0,41.0,286.0,10.0,285.5,10.0,281.5,10.0
2023-04-27 21:07:11.5,1682600831500000000,298.0,287.0,268.0,7249.0,103.0,298800.0,294.0,20.0,294.5,10.0,295.0,11.0,297.5,76.0,298.0,10.0,288.5,20.0,288.0,10.0,287.5,10.0,287.0,21.0,285.5,10.0
2023-04-27 21:07:12.0,1682600832000000000,298.0,287.0,268.0,7249.0,103.0,298800.0,294.0,20.0,295.0,21.0,297.5,76.0,298.0,10.0,298.5,10.0,288.5,20.0,288.0,10.0,287.5,10.0,287.0,21.0,285.5,10.0
2023-04-27 21:07:13.75,1682600833750000000,298.0,287.0,268.0,7249.0,103.0,298800.0,294.0,20.0,295.0,21.0,297.0,10.0,297.5,76.0,298.5,10.0,288.5,20.0,288.0,10.0,287.5,10.0,287.0,21.0,284.5,10.0
2023-04-27 21:07:14.0,1682600834000000000,298.0,287.0,268.0,7249.0,103.0,298800.0,294.0,20.0,295.0,21.0,297.5,76.0,298.0,10.0,298.5,10.0,288.5,20.0,288.0,10.0,287.5,10.0,287.0,21.0,285.5,10.0
2023-04-27 21:07:14.5,1682600834500000000,298.0,287.0,268.0,7249.0,103.0,298800.0,294.0,20.0,295.0,21.0,295.5,10.0,297.5,76.0,298.0,10.0,288.5,20.0,288.0,10.0,287.5,10.0,287.0,21.0,285.5,10.0
2023-04-27 21:07:15.5,1682600835500000000,298.0,287.0,268.0,7249.0,103.0,298800.0,294.0,20.0,295.0,31.0,295.5,10.0,297.5,76.0,298.0,10.0,288.5,30.0,288.0,10.0,287.5,10.0,287.0,21.0,285.5,10.0
2023-04-27 21:07:20.5,1682600840500000000,298.0,287.0,268.0,7249.0,103.0,298800.0,294.0,20.0,295.0,21.0,295.5,10.0,297.5,76.0,298.0,10.0,288.5,20.0,288.0,10.0,287.5,10.0,287.0,21.0,285.5,10.0
2023-04-27 21:07:21.0,1682600841000000000,298.0,287.0,268.0,7249.0,103.0,298800.0,294.0,20.0,295.0,21.0,295.5,10.0,297.0,10.0,297.5,76.0,288.5,20.0,288.0,10.0,287.5,10.0,287.0,21.0,285.0,10.0
2023-04-27 21:07:22.0,1682600842000000000,298.0,287.0,268.0,7249.0,103.0,298800.0,294.0,20.0,295.0,21.0,295.5,10.0,297.5,76.0,299.0,17.0,288.5,20.0,288.0,10.0,287.5,10.0,287.0,21.0,286.0,10.0
2023-04-27 21:07:22.25,1682600842250000000,298.0,287.0,268.0,7249.0,103.0,298800.0,294.0,20.0,295.0,21.0,295.5,10.0,297.5,76.0,299.0,17.0,288.5,20.0,288.0,10.0,287.5,10.0,287.0,21.0,286.5,10.0
2023-04-27 21:07:23.0,1682600843000000000,298.0,287.0,268.0,7249.0,103.0,298800.0,294.0,20.0,295.0,21.0,295.5,10.0,297.5,76.0,299.0,7.0,288.5,20.0,288.0,10.0,287.5,10.0,287.0,21.0,286.5,10.0
2023-04-27 21:07:23.25,1682600843250000000,298.0,287.0,268.0,7249.0,103.0,298800.0,294.0,20.0,295.0,21.0,295.5,10.0,297.5,76.0,299.0,17.0,288.5,20.0,288.0,10.0,287.5,10.0,287.0,21.0,286.5,10.0
2023-04-27 21:07:24.0,1682600844000000000,298.0,287.0,268.0,7249.0,103.0,298800.0,294.0,20.0,295.0,21.0,295.5,10.0,297.5,76.0,298.0,10.0,288.5,20.0,288.0,10.0,287.5,10.0,287.0,21.0,285.5,10.0
2023-04-27 21:07:26.25,1682600846250000000,298.0,287.0,268.0,7249.0,103.0,298800.0,294.0,20.0,295.0,21.0,295.5,10.0,297.5,76.0,298.5,10.0,288.5,20.0,288.0,10.0,287.5,10.0,287.0,21.0,286.0,10.0
2023-04-27 21:07:29.5,1682600849500000000,298.0,287.0,268.0,7249.0,103.0,298800.0,294.0,20.0,295.0,21.0,295.5,10.0,297.5,76.0,298.0,10.0,288.5,20.0,288.0,10.0,287.5,10.0,287.0,21.0,285.5,10.0
2023-04-27 21:07:30.5,1682600850500000000,298.0,287.0,268.0,7249.0,103.0,298800.0,294.0,20.0,295.0,21.0,295.5,10.0,297.5,76.0,298.0,10.0,289.0,1.0,288.5,20.0,288.0,10.0,287.5,10.0,287.0,21.0
2023-04-27 21:07:31.0,1682600851000000000,298.0,287.0,268.0,7249.0,103.0,298800.0,294.0,20.0,295.0,21.0,295.5,10.0,297.5,76.0,298.0,10.0,289.0,1.0,288.5,20.0,288.0,20.0,287.0,21.0,285.5,10.0
2023-04-27 21:07:31.25,1682600851250000000,298.0,287.0,268.0,7249.0,103.0,298800.0,294.0,20.0,295.0,21.0,295.5,10.0,297.5,76.0,298.5,10.0,289.0,1.0,288.5,20.0,288.0,20.0,287.0,21.0,286.0,10.0
2023-04-27 21:07:32.5,1682600852500000000,298.0,287.0,268.0,7249.0,103.0,298800.0,294.0,20.0,295.0,21.0,295.5,10.0,297.5,76.0,298.0,10.0,289.0,1.0,288.5,20.0,288.0,20.0,287.0,21.0,285.5,10.0
2023-04-27 21:07:32.75,1682600852750000000,298.0,287.0,268.0,7249.0,103.0,298800.0,294.0,20.0,295.0,21.0,295.5,10.0,297.5,76.0,298.5,10.0,289.0,1.0,288.5,20.0,288.0,20.0,287.0,21.0,286.0,10.0
2023-04-27 21:07:36.5,1682600856500000000,298.0,287.0,268.0,7249.0,103.0,298800.0,294.0,20.0,295.0,11.0,295.5,10.0,296.5,10.0,297.5,76.0,289.5,10.0,289.0,1.0,288.5,10.0,288.0,20.0,287.0,21.0
2023-04-27 21:07:36.75,1682600856750000000,298.0,287.0,268.0,7249.0,103.0,298800.0,294.0,10.0,294.5,10.0,295.0,11.0,295.5,10.0,296.5,10.0,289.5,20.0,289.0,11.0,288.0,10.0,287.0,21.0,286.0,10.0
2023-04-27 21:07:37.0,1682600857000000000,298.0,287.0,268.0,7249.0,103.0,298800.0,294.5,20.0,295.0,11.0,295.5,10.0,296.5,10.0,297.5,76.0,289.5,20.0,289.0,11.0,288.5,10.0,287.0,21.0,286.0,10.0
2023-04-27 21:07:37.25,1682600857250000000,298.0,287.0,268.0,7249.0,103.0,298800.0,294.5,20.0,295.0,11.0,295.5,10.0,296.5,10.0,297.5,76.0,289.5,20.0,289.0,12.0,288.5,10.0,287.0,21.0,286.5,10.0
2023-04-27 21:07:37.5,1682600857500000000,298.0,287.0,268.0,7249.0,103.0,298800.0,294.5,20.0,295.0,1.0,295.5,20.0,296.5,10.0,297.5,76.0,289.5,20.0,289.0,12.0,288.5,10.0,287.0,21.0,286.5,10.0
2023-04-27 21:07:37.75,1682600857750000000,298.0,287.0,268.0,7249.0,103.0,298800.0,294.5,20.0,295.0,1.0,295.5,10.0,296.5,10.0,297.5,86.0,289.5,20.0,289.0,12.0,288.5,10.0,287.0,21.0,286.5,20.0
2023-04-27 21:07:38.0,1682600858000000000,298.0,287.0,268.0,7249.0,103.0,298800.0,294.5,10.0,295.0,11.0,295.5,10.0,296.5,10.0,297.5,86.0,289.5,30.0,289.0,2.0,288.5,10.0,287.0,31.0,286.5,10.0
2023-04-27 21:07:38.25,1682600858250000000,298.0,287.0,268.0,7249.0,103.0,298800.0,295.0,11.0,295.5,10.0,296.5,10.0,297.5,86.0,299.0,7.0,289.5,20.0,289.0,2.0,288.5,10.0,287.0,31.0,286.5,10.0
2023-04-27 21:07:38.5,1682600858500000000,298.0,287.0,268.0,7249.0,103.0,298800.0,295.0,11.0,296.0,10.0,296.5,10.0,297.5,86.0,299.0,7.0,289.5,20.0,289.0,2.0,288.5,10.0,287.0,31.0,286.5,10.0
2023-04-27 21:07:38.75,1682600858750000000,298.0,287.0,268.0,7249.0,103.0,298800.0,295.0,1.0,295.5,10.0,296.0,10.0,297.5,96.0,299.0,7.0,291.0,10.0,289.5,10.0,289.0,2.0,288.5,10.0,287.0,31.0
2023-04-27 21:07:39.0,1682600859000000000,298.0,287.0,268.0,7249.0,103.0,298800.0,295.0,1.0,295.5,10.0,296.0,20.0,297.5,96.0,299.0,7.0,291.0,30.0,290.0,10.0,289.0,2.0,287.5,10.0,287.0,21.0
2023-04-27 21:07:39.5,1682600859500000000,298.0,287.0,268.0,7249.0,103.0,298800.0,295.0,1.0,296.0,30.0,297.5,96.0,299.0,7.0,300.0,20.0,291.0,30.0,290.0,10.0,289.0,2.0,287.5,10.0,287.0,21.0
2023-04-27 21:07:40.0,1682600860000000000,298.0,295.0,268.0,7248.0,104.0,301750.0,296.0,10.0,296.5,20.0,297.5,86.0,299.0,17.0,300.0,10.0,291.0,30.0,290.0,10.0,289.0,2.0,288.5,10.0,288.0,20.0
2023-04-27 21:07:40.5,1682600860500000000,298.0,295.0,268.0,7248.0,104.0,301750.0,297.0,20.0,297.5,10.0,299.0,27.0,300.0,10.0,302.5,10.0,292.5,10.0,291.0,20.0,290.0,10.0,289.5,10.0,289.0,2.0
2023-04-27 21:07:40.75,1682600860750000000,298.0,295.0,268.0,7248.0,104.0,301750.0,297.0,10.0,297.5,10.0,299.0,27.0,300.0,10.0,301.5,10.0,292.5,10.0,291.0,10.0,290.0,10.0,289.0,12.0,288.5,10.0
2023-04-27 21:07:41.0,1682600861000000000,298.0,295.0,268.0,7248.0,104.0,301750.0,297.5,10.0,298.0,10.0,299.0,27.0,300.0,10.0,302.0,10.0,292.5,20.0,291.5,10.0,289.5,10.0,289.0,2.0,288.5,10.0
2023-04-27 21:07:41.25,1682600861250000000,298.0,295.0,268.0,7248.0,104.0,301750.0,297.5,10.0,298.0,10.0,299.0,27.0,300.0,10.0,301.5,10.0,292.5,20.0,291.5,10.0,289.0,12.0,288.5,10.0,288.0,10.0
2023-04-27 21:07:41.5,1682600861500000000,298.0,295.0,268.0,7248.0,104.0,301750.0,297.5,10.0,298.5,10.0,299.0,27.0,300.0,10.0,302.0,10.0,292.5,20.0,291.5,10.0,289.5,10.0,289.0,2.0,288.5,10.0
2023-04-27 21:07:42.25,1682600862250000000,298.0,295.0,268.0,7248.0,104.0,301750.0,297.5,10.0,298.0,10.0,298.5,10.0,299.0,27.0,300.0,10.0,292.5,30.0,291.5,10.0,290.0,10.0,289.0,2.0,288.5,10.0
2023-04-27 21:07:42.5,1682600862500000000,298.0,295.0,268.0,7248.0,104.0,301750.0,297.5,10.0,298.0,10.0,298.5,10.0,299.0,27.0,300.0,10.0,292.5,30.0,291.5,10.0,289.5,10.0,289.0,2.0,288.5,10.0
2023-04-27 21:07:43.0,1682600863000000000,298.0,295.0,268.0,7248.0,104.0,301750.0,297.5,10.0,298.0,10.0,298.5,10.0,299.0,27.0,300.0,10.0,292.5,30.0,291.5,10.0,289.0,12.0,288.5,10.0,288.0,10.0
2023-04-27 21:07:43.25,1682600863250000000,298.0,295.0,268.0,7248.0,104.0,301750.0,297.5,10.0,298.0,10.0,298.5,10.0,299.0,27.0,300.0,10.0,292.5,30.0,291.5,10.0,289.5,10.0,289.0,2.0,288.5,10.0
2023-04-27 21:07:44.0,1682600864000000000,298.0,295.0,268.0,7248.0,104.0,301750.0,297.5,10.0,298.0,10.0,298.5,10.0,299.0,27.0,300.0,10.0,292.5,30.0,291.5,10.0,289.0,12.0,288.5,10.0,288.0,10.0
2023-04-27 21:07:44.25,1682600864250000000,298.0,295.0,268.0,7248.0,104.0,301750.0,297.5,10.0,298.0,10.0,298.5,10.0,299.0,27.0,300.0,10.0,292.5,30.0,291.5,10.0,289.5,10.0,289.0,2.0,288.5,10.0
2023-04-27 21:07:46.75,1682600866750000000,298.0,295.0,268.0,7248.0,104.0,301750.0,298.0,10.0,298.5,20.0,299.0,27.0,300.0,10.0,303.0,20.0,292.5,30.0,291.5,10.0,290.5,10.0,289.0,2.0,288.5,10.0
2023-04-27 21:07:47.0,1682600867000000000,298.0,295.0,268.0,7248.0,104.0,301750.0,298.5,20.0,299.0,37.0,300.0,10.0,302.5,10.0,303.0,10.0,292.5,30.0,291.5,10.0,289.5,10.0,289.0,2.0,288.5,10.0
2023-04-27 21:07:47.25,1682600867250000000,298.0,295.0,268.0,7248.0,104.0,301750.0,298.5,20.0,299.0,37.0,300.0,10.0,302.5,10.0,303.0,10.0,292.5,30.0,291.5,10.0,290.0,10.0,289.0,2.0,288.5,10.0
2023-04-27 21:07:47.5,1682600867500000000,298.0,295.0,268.0,7248.0,104.0,301750.0,298.5,20.0,299.0,27.0,299.5,10.0,300.0,10.0,303.0,20.0,292.5,30.0,291.5,10.0,290.0,10.0,289.0,2.0,288.5,10.0
2023-04-27 21:07:50.5,1682600870500000000,298.0,295.0,268.0,7248.0,104.0,301750.0,298.5,20.0,299.0,27.0,299.5,10.0,300.0,10.0,303.0,20.0,292.5,30.0,291.5,10.0,290.5,10.0,289.0,2.0,288.5,10.0
2023-04-27 21:07:51.25,1682600871250000000,298.0,295.0,268.0,7248.0,104.0,301750.0,298.5,20.0,299.0,27.0,299.5,10.0,300.0,10.0,302.5,10.0,292.5,30.0,291.5,10.0,289.5,10.0,289.0,2.0,288.5,10.0
2023-04-27 21:07:52.25,1682600872250000000,298.0,295.0,268.0,7248.0,104.0,301750.0,298.5,20.0,299.0,27.0,299.5,10.0,300.0,10.0,302.0,10.0,292.5,30.0,291.5,10.0,289.5,10.0,289.0,2.0,288.5,10.0
2023-04-27 21:07:54.5,1682600874500000000,298.0,295.0,268.0,7248.0,104.0,301750.0,298.5,20.0,299.0,27.0,299.5,10.0,300.0,10.0,302.5,10.0,292.5,30.0,291.5,10.0,290.0,10.0,289.0,2.0,288.5,10.0
2023-04-27 21:07:54.75,1682600874750000000,298.0,295.0,268.0,7248.0,104.0,301750.0,298.5,20.0,299.0,27.0,299.5,10.0,300.0,10.0,302.0,10.0,292.5,30.0,291.5,10.0,289.5,10.0,289.0,2.0,288.5,10.0
2023-04-27 21:07:57.0,1682600877000000000,298.0,295.0,268.0,7248.0,104.0,301750.0,298.5,20.0,299.0,27.0,299.5,10.0,300.0,10.0,301.5,10.0,293.0,1.0,292.5,30.0,291.5,10.0,289.0,12.0,288.5,10.0
2023-04-27 21:07:57.5,1682600877500000000,298.0,295.0,268.0,7248.0,104.0,301750.0,298.5,20.0,299.0,27.0,299.5,10.0,300.0,10.0,301.5,10.0,293.0,1.0,292.5,30.0,292.0,10.0,289.0,12.0,288.5,10.0
2023-04-27 21:07:59.25,1682600879250000000,298.0,295.0,268.0,7248.0,104.0,301750.0,298.5,20.0,299.0,27.0,299.5,10.0,300.0,10.0,302.5,10.0,293.0,1.0,292.5,30.0,292.0,10.0,290.0,10.0,289.0,2.0
2023-04-27 21:07:59.5,1682600879500000000,298.0,295.0,268.0,7248.0,104.0,301750.0,298.5,20.0,299.0,27.0,299.5,10.0,300.0,10.0,303.0,20.0,293.0,1.0,292.5,30.0,292.0,10.0,290.5,10.0,289.0,2.0
2023-04-27 21:08:00.0,1682600880000000000,298.0,295.0,268.0,7248.0,104.0,301750.0,298.5,20.0,299.0,27.0,299.5,10.0,300.0,10.0,303.0,10.0,293.0,1.0,292.5,30.0,292.0,10.0,290.5,10.0,289.0,2.0
2023-04-27 21:08:00.25,1682600880250000000,298.0,295.0,268.0,7248.0,104.0,301750.0,298.5,20.0,299.0,27.0,299.5,10.0,300.0,10.0,303.0,20.0,293.0,1.0,292.5,30.0,292.0,10.0,290.5,10.0,289.0,2.0
2023-04-27 21:08:00.5,1682600880500000000,298.0,295.0,268.0,7248.0,104.0,301750.0,298.5,20.0,299.0,27.0,299.5,10.0,300.0,10.0,303.0,10.0,293.0,1.0,292.5,30.0,292.0,10.0,290.5,10.0,289.0,2.0
2023-04-27 21:08:01.0,1682600881000000000,298.0,295.0,268.0,7248.0,104.0,301750.0,298.5,20.0,299.0,27.0,299.5,10.0,300.0,10.0,303.0,20.0,293.0,1.0,292.5,30.0,292.0,10.0,290.5,10.0,289.0,2.0
2023-04-27 21:08:01.25,1682600881250000000,298.0,295.0,268.0,7248.0,104.0,301750.0,298.5,20.0,299.0,27.0,299.5,10.0,300.0,10.0,301.0,10.0,293.0,11.0,292.5,30.0,292.0,10.0,290.0,10.0,289.0,2.0
2023-04-27 21:08:03.25,1682600883250000000,298.0,295.0,268.0,7248.0,104.0,301750.0,298.5,20.0,299.0,27.0,299.5,10.0,300.0,10.0,301.0,10.0,294.0,1.0,293.0,11.0,292.5,30.0,292.0,10.0,290.0,10.0
2023-04-27 21:08:03.5,1682600883500000000,298.0,295.0,268.0,7248.0,104.0,301750.0,298.5,20.0,299.0,27.0,299.5,10.0,300.0,10.0,301.0,10.0,294.0,11.0,293.0,21.0,292.5,20.0,290.0,10.0,289.0,2.0
2023-04-27 21:08:03.75,1682600883750000000,298.0,295.0,268.0,7248.0,104.0,301750.0,298.5,20.0,299.0,27.0,299.5,10.0,300.0,10.0,301.0,10.0,294.0,21.0,293.0,21.0,292.5,10.0,290.0,10.0,289.0,2.0
2023-04-27 21:08:05.0,1682600885000000000,298.0,295.0,268.0,7248.0,104.0,301750.0,298.5,20.0,299.0,27.0,299.5,10.0,300.0,10.0,301.0,10.0,294.0,21.0,293.0,21.0,292.5,10.0,289.5,10.0,289.0,2.0
2023-04-27 21:08:05.5,1682600885500000000,298.0,295.0,268.0,7248.0,104.0,301750.0,298.5,20.0,299.0,27.0,299.5,10.0,300.0,10.0,301.0,10.0,294.0,21.0,293.0,21.0,292.5,10.0,290.0,10.0,289.0,2.0
2023-04-27 21:08:06.5,1682600886500000000,298.0,295.0,268.0,7248.0,104.0,301750.0,298.5,20.0,299.0,27.0,299.5,10.0,300.0,10.0,301.0,10.0,294.0,21.0,293.0,21.0,292.5,10.0,289.5,10.0,289.0,2.0
2023-04-27 21:08:06.75,1682600886750000000,298.0,295.0,268.0,7248.0,104.0,301750.0,298.5,20.0,299.0,27.0,299.5,10.0,300.0,10.0,301.0,10.0,294.0,21.0,293.0,21.0,292.5,10.0,290.0,10.0,289.0,2.0
2023-04-27 21:08:08.75,1682600888750000000,298.0,295.0,268.0,7248.0,104.0,301750.0,298.5,20.0,299.0,27.0,299.5,10.0,300.0,10.0,301.0,10.0,294.0,22.0,293.0,21.0,292.5,10.0,290.0,10.0,289.0,2.0
2023-04-27 21:08:09.25,1682600889250000000,298.0,295.0,268.0,7248.0,104.0,301750.0,298.5,20.0,299.0,27.0,299.5,10.0,300.0,10.0,301.0,10.0,294.0,22.0,293.0,21.0,292.5,10.0,290.5,10.0,289.0,2.0
2023-04-27 21:08:10.0,1682600890000000000,298.5,298.5,268.0,7248.0,110.0,319660.0,298.5,10.0,299.0,17.0,299.5,10.0,300.0,10.0,300.5,10.0,294.5,10.0,294.0,32.0,293.0,11.0,291.0,10.0,290.5,10.0
2023-04-27 21:08:10.25,1682600890250000000,298.5,298.5,268.0,7254.0,116.0,337570.0,299.0,17.0,299.5,10.0,300.0,10.0,300.5,10.0,301.0,20.0,294.5,20.0,294.0,22.0,293.0,11.0,291.0,10.0,290.5,10.0
2023-04-27 21:08:10.5,1682600890500000000,299.0,299.0,268.0,7254.0,122.0,355510.0,299.0,1.0,299.5,10.0,300.0,20.0,300.5,10.0,301.0,20.0,294.5,30.0,294.0,12.0,293.5,10.0,293.0,1.0,291.5,10.0
2023-04-27 21:08:10.75,1682600890750000000,299.0,299.0,268.0,7254.0,123.0,358500.0,300.0,30.0,300.5,10.0,301.0,20.0,302.5,10.0,303.0,10.0,294.5,30.0,294.0,12.0,293.5,10.0,293.0,1.0,291.5,10.0
2023-04-27 21:08:11.0,1682600891000000000,299.0,299.0,268.0,7254.0,123.0,358500.0,300.0,20.0,300.5,10.0,301.0,30.0,302.5,10.0,303.0,10.0,294.5,30.0,294.0,12.0,293.5,10.0,293.0,1.0,291.5,10.0
2023-04-27 21:08:13.25,1682600893250000000,299.0,299.0,268.0,7254.0,123.0,358500.0,300.0,10.0,300.5,20.0,301.0,30.0,302.5,10.0,303.0,10.0,294.5,30.0,294.0,12.0,293.5,10.0,293.0,1.0,291.5,10.0
2023-04-27 21:08:13.5,1682600893500000000,299.0,299.0,268.0,7254.0,123.0,358500.0,300.0,10.0,300.5,20.0,301.0,30.0,302.5,10.0,303.0,10.0,294.5,30.0,294.0,12.0,293.5,10.0,293.0,1.0,291.0,10.0
2023-04-27 21:08:14.75,1682600894750000000,299.0,299.0,268.0,7254.0,123.0,358500.0,300.0,10.0,300.5,20.0,301.0,30.0,302.5,10.0,303.0,20.0,294.5,30.0,294.0,12.0,293.5,10.0,293.0,1.0,290.5,20.0
2023-04-27 21:08:16.25,1682600896250000000,299.0,299.0,268.0,7254.0,123.0,358500.0,300.0,20.0,300.5,20.0,301.0,20.0,302.5,10.0,303.0,20.0,294.5,30.0,294.0,12.0,293.5,10.0,293.0,1.0,290.5,20.0
2023-04-27 21:08:16.5,1682600896500000000,299.0,299.0,268.0,7254.0,123.0,358500.0,300.0,20.0,300.5,20.0,301.0,20.0,302.5,10.0,303.0,10.0,294.5,30.0,294.0,12.0,293.5,10.0,293.0,1.0,291.0,10.0
2023-04-27 21:08:18.25,1682600898250000000,299.0,299.0,268.0,7254.0,123.0,358500.0,299.5,10.0,300.0,10.0,300.5,20.0,301.0,20.0,302.5,10.0,296.0,10.0,294.5,20.0,294.0,12.0,293.5,10.0,293.0,1.0
2023-04-27 21:08:18.5,1682600898500000000,299.0,299.0,268.0,7254.0,123.0,358500.0,299.5,10.0,300.0,10.0,300.5,20.0,301.0,10.0,302.5,10.0,296.0,10.0,295.0,10.0,294.5,10.0,294.0,12.0,293.0,1.0
2023-04-27 21:08:18.75,1682600898750000000,299.0,299.0,268.0,7254.0,123.0,358500.0,299.5,10.0,300.0,20.0,300.5,20.0,301.0,10.0,302.5,10.0,296.0,20.0,295.0,10.0,294.5,10.0,294.0,12.0,293.0,1.0
2023-04-27 21:08:23.5,1682600903500000000,299.0,299.0,268.0,7254.0,123.0,358500.0,299.5,20.0,300.0,10.0,300.5,20.0,301.0,10.0,302.5,10.0,295.5,10.0,295.0,20.0,294.5,10.0,294.0,12.0,293.0,1.0
2023-04-27 21:08:24.0,1682600904000000000,299.0,299.0,268.0,7254.0,123.0,358500.0,299.5,20.0,300.0,10.0,300.5,20.0,301.0,10.0,302.5,10.0,295.5,10.0,295.0,10.0,294.5,20.0,294.0,12.0,293.0,1.0
2023-04-27 21:08:24.75,1682600904750000000,299.0,299.0,268.0,7254.0,123.0,358500.0,298.5,10.0,299.5,10.0,300.0,10.0,300.5,20.0,301.0,10.0,295.0,10.0,294.5,20.0,294.0,22.0,293.0,1.0,290.5,20.0
2023-04-27 21:08:25.0,1682600905000000000,299.0,299.0,268.0,7254.0,123.0,358500.0,298.5,20.0,299.5,10.0,300.0,10.0,300.5,10.0,301.0,10.0,295.0,10.0,294.5,10.0,294.0,32.0,293.0,1.0,290.5,20.0
2023-04-27 21:08:26.0,1682600906000000000,299.0,299.0,268.0,7254.0,123.0,358500.0,298.5,10.0,299.0,10.0,299.5,10.0,300.0,10.0,300.5,10.0,295.0,10.0,294.5,10.0,294.0,32.0,293.0,1.0,290.5,10.0
2023-04-27 21:08:26.75,1682600906750000000,299.0,299.0,268.0,7254.0,123.0,358500.0,298.5,10.0,299.0,10.0,299.5,10.0,300.0,10.0,300.5,10.0,295.0,10.0,294.5,10.0,294.0,32.0,293.0,1.0,290.5,20.0
2023-04-27 21:08:27.25,1682600907250000000,299.0,299.0,268.0,7254.0,123.0,358500.0,298.5,10.0,299.5,20.0,300.0,10.0,300.5,10.0,301.0,10.0,295.0,10.0,294.5,10.0,294.0,32.0,293.0,1.0,290.5,20.0
2023-04-27 21:08:27.5,1682600907500000000,299.0,299.0,268.0,7254.0,123.0,358500.0,298.5,20.0,299.5,10.0,300.0,10.0,300.5,10.0,301.0,10.0,295.0,10.0,294.5,10.0,294.0,32.0,293.0,1.0,290.5,20.0
2023-04-27 21:08:27.75,1682600907750000000,299.0,299.0,268.0,7254.0,123.0,358500.0,298.5,10.0,299.0,10.0,299.5,10.0,300.0,10.0,300.5,10.0,295.0,10.0,294.0,32.0,293.5,10.0,293.0,1.0,290.5,10.0
2023-04-27 21:08:28.5,1682600908500000000,299.0,299.0,268.0,7254.0,123.0,358500.0,297.5,10.0,299.0,10.0,299.5,20.0,300.0,10.0,301.0,20.0,295.0,10.0,294.0,22.0,293.5,10.0,293.0,1.0,292.5,10.0
2023-04-27 21:08:28.75,1682600908750000000,299.0,299.0,268.0,7254.0,123.0,358500.0,297.5,10.0,298.5,10.0,299.0,10.0,299.5,20.0,300.0,10.0,294.5,10.0,294.0,22.0,293.5,10.0,293.0,1.0,292.5,10.0
2023-04-27 21:08:29.0,1682600909000000000,299.0,299.0,268.0,7254.0,123.0,358500.0,297.5,10.0,298.5,20.0,299.0,10.0,299.5,10.0,300.0,10.0,294.5,10.0,294.0,12.0,293.5,20.0,293.0,1.0,292.5,10.0
2023-04-27 21:08:29.25,1682600909250000000,299.0,299.0,268.0,7254.0,123.0,358500.0,297.5,10.0,298.5,20.0,299.0,10.0,299.5,10.0,300.0,10.0,295.0,20.0,294.5,10.0,294.0,12.0,293.5,20.0,293.0,1.0
2023-04-27 21:08:29.5,1682600909500000000,299.0,299.0,268.0,7254.0,123.0,358500.0,297.5,10.0,298.5,20.0,299.0,10.0,299.5,10.0,300.0,10.0,295.0,20.0,294.5,10.0,294.0,22.0,293.5,10.0,293.0,1.0
2023-04-27 21:08:30.0,1682600910000000000,299.0,299.0,268.0,7254.0,123.0,358500.0,297.5,20.0,298.5,10.0,299.0,10.0,299.5,10.0,300.0,10.0,295.0,20.0,294.5,10.0,294.0,22.0,293.5,10.0,293.0,1.0
2023-04-27 21:08:30.25,1682600910250000000,299.0,299.0,268.0,7254.0,123.0,358500.0,297.5,10.0,298.0,10.0,298.5,10.0,299.0,10.0,299.5,10.0,295.0,20.0,294.0,32.0,293.5,10.0,293.0,1.0,292.5,10.0
2023-04-27 21:08:31.75,1682600911750000000,299.0,299.0,268.0,7254.0,123.0,358500.0,297.5,10.0,298.5,20.0,299.0,10.0,299.5,10.0,300.0,10.0,295.0,20.0,294.5,10.0,294.0,22.0,293.5,10.0,293.0,1.0
2023-04-27 21:08:33.25,1682600913250000000,299.0,297.5,268.0,7264.0,133.0,388250.0,298.5,20.0,299.0,10.0,299.5,10.0,300.0,10.0,301.0,30.0,295.0,20.0,294.5,10.0,294.0,12.0,293.5,10.0,293.0,1.0
2023-04-27 21:08:33.5,1682600913500000000,299.0,297.5,268.0,7264.0,133.0,388250.0,298.5,10.0,299.0,10.0,299.5,20.0,300.0,20.0,301.0,30.0,297.0,10.0,295.0,20.0,294.5,10.0,294.0,12.0,293.5,10.0
2023-04-27 21:08:33.75,1682600913750000000,299.0,297.5,268.0,7264.0,133.0,388250.0,299.0,20.0,299.5,20.0,300.0,20.0,301.0,30.0,302.5,10.0,297.0,10.0,295.0,30.0,294.0,12.0,293.5,10.0,293.0,1.0
2023-04-27 21:08:34.0,1682600914000000000,299.0,297.5,268.0,7264.0,133.0,388250.0,299.0,20.0,299.5,10.0,300.0,30.0,301.0,30.0,302.5,10.0,297.0,10.0,296.0,10.0,295.0,30.0,294.0,2.0,293.5,10.0
2023-04-27 21:08:34.5,1682600914500000000,299.0,297.5,268.0,7264.0,133.0,388250.0,299.0,20.0,299.5,10.0,300.0,30.0,301.0,30.0,303.0,20.0,297.0,10.0,296.0,10.0,295.0,30.0,294.0,2.0,293.5,10.0
2023-04-27 21:08:34.75,1682600914750000000,299.0,297.5,268.0,7264.0,133.0,388250.0,299.0,20.0,299.5,10.0,300.0,30.0,301.0,10.0,302.0,20.0,297.0,10.0,296.0,30.0,295.0,10.0,294.0,2.0,293.5,10.0
2023-04-27 21:08:35.25,1682600915250000000,299.0,299.0,268.0,7274.0,143.0,418150.0,299.0,10.0,299.5,10.0,300.0,30.0,301.0,10.0,302.0,20.0,298.0,5.0,297.0,10.0,296.0,30.0,295.0,10.0,294.0,2.0
2023-04-27 21:08:35.5,1682600915500000000,299.0,298.0,268.0,7269.0,148.0,433050.0,299.5,10.0,300.0,40.0,301.0,10.0,302.0,20.0,303.0,10.0,297.0,20.0,296.0,30.0,294.0,2.0,293.5,10.0,293.0,1.0
2023-04-27 21:08:35.75,1682600915750000000,299.0,298.0,268.0,7269.0,148.0,433050.0,299.5,20.0,300.0,30.0,301.0,10.0,302.0,20.0,303.0,10.0,297.0,20.0,296.0,20.0,295.0,10.0,294.0,2.0,293.5,10.0
2023-04-27 21:08:36.0,1682600916000000000,299.0,298.0,268.0,7269.0,148.0,433050.0,299.5,20.0,300.0,20.0,300.5,10.0,301.0,10.0,302.0,20.0,297.0,10.0,296.0,30.0,295.0,10.0,294.0,2.0,293.5,10.0
2023-04-27 21:08:36.5,1682600916500000000,299.5,299.5,268.0,7269.0,158.0,463000.0,299.5,10.0,300.0,30.0,300.5,10.0,301.0,10.0,302.0,20.0,297.0,10.0,296.0,30.0,295.0,10.0,294.0,2.0,293.5,10.0
2023-04-27 21:08:36.75,1682600916750000000,299.5,299.5,268.0,7269.0,158.0,463000.0,299.5,10.0,300.0,30.0,300.5,20.0,301.0,10.0,302.0,20.0,297.0,10.0,296.0,30.0,295.0,10.0,294.0,2.0,293.5,10.0
2023-04-27 21:08:38.0,1682600918000000000,299.5,299.5,268.0,7269.0,168.0,492950.0,300.0,30.0,300.5,20.0,301.0,10.0,302.0,20.0,303.0,10.0,297.0,10.0,296.0,30.0,295.0,10.0,294.0,2.0,293.5,10.0
2023-04-27 21:08:38.25,1682600918250000000,299.5,299.5,268.0,7269.0,168.0,492950.0,300.0,40.0,300.5,20.0,301.0,10.0,302.0,20.0,303.0,10.0,297.0,10.0,296.0,30.0,295.5,10.0,294.0,2.0,293.5,10.0
2023-04-27 21:08:38.5,1682600918500000000,299.5,299.5,268.0,7269.0,168.0,492950.0,300.0,40.0,300.5,10.0,301.0,20.0,302.0,20.0,303.0,10.0,297.0,10.0,296.0,30.0,295.5,10.0,294.0,2.0,293.5,10.0
2023-04-27 21:08:39.25,1682600919250000000,299.5,299.5,268.0,7269.0,168.0,492950.0,300.0,30.0,300.5,10.0,301.0,20.0,302.0,20.0,303.0,10.0,296.0,30.0,295.5,10.0,294.0,2.0,293.5,10.0,293.0,11.0
2023-04-27 21:08:39.5,1682600919500000000,299.5,299.5,268.0,7269.0,168.0,492950.0,299.0,10.0,300.0,30.0,300.5,10.0,301.0,20.0,302.0,20.0,296.0,20.0,295.5,20.0,295.0,10.0,294.0,2.0,293.5,10.0
2023-04-27 21:08:40.0,1682600920000000000,299.5,299.5,268.0,7269.0,168.0,492950.0,299.0,10.0,300.0,40.0,300.5,10.0,301.0,10.0,302.0,20.0,296.0,20.0,295.5,20.0,295.0,10.0,294.0,2.0,293.5,10.0
2023-04-27 21:08:42.0,1682600922000000000,299.5,299.5,268.0,7269.0,168.0,492950.0,299.0,20.0,300.0,30.0,300.5,10.0,301.0,10.0,302.0,20.0,296.0,20.0,295.5,20.0,295.0,10.0,294.0,2.0,293.5,10.0
2023-04-27 21:08:42.75,1682600922750000000,299.5,299.5,268.0,7269.0,168.0,492950.0,299.0,10.0,299.5,10.0,300.0,30.0,300.5,10.0,301.0,10.0,296.0,20.0,295.5,20.0,295.0,10.0,294.0,2.0,293.5,10.0
2023-04-27 21:08:46.0,1682600926000000000,299.5,299.5,268.0,7269.0,168.0,492950.0,299.5,10.0,300.0,30.0,300.5,10.0,301.0,10.0,302.0,20.0,296.0,20.0,295.5,10.0,295.0,10.0,294.0,2.0,293.5,10.0
2023-04-27 21:08:46.25,1682600926250000000,299.5,299.5,268.0,7269.0,168.0,492950.0,299.0,10.0,299.5,10.0,300.0,30.0,300.5,10.0,301.0,10.0,296.0,20.0,295.5,10.0,295.0,20.0,294.0,2.0,293.5,10.0
2023-04-27 21:08:50.0,1682600930000000000,299.5,299.5,268.0,7269.0,168.0,492950.0,299.0,10.0,299.5,10.0,300.0,30.0,300.5,10.0,302.0,20.0,296.0,20.0,295.5,10.0,295.0,20.0,294.5,10.0,294.0,2.0
