datetime,datetime_nano,highest,last_price,lowest,open_interest,volume,amount,ask_price1,ask_volume1,ask_price2,ask_volume2,ask_price3,ask_volume3,ask_price4,ask_volume4,ask_price5,ask_volume5,bid_price1,bid_volume1,bid_price2,bid_volume2,bid_price3,bid_volume3,bid_price4,bid_volume4,bid_price5,bid_volume5
2023-04-27 20:55:47.75,1682600147750000000,,,,2801.0,0.0,0.0,,0.0,,0.0,,0.0,,0.0,,0.0,,0.0,,0.0,,0.0,,0.0,,0.0
2023-04-27 20:59:00.0,1682600340000000000,,,,2801.0,0.0,0.0,3.5,8.0,5.5,3.0,6.0,3.0,6.5,3.0,7.0,2.0,2.0,110.0,1.5,437.0,1.0,260.0,0.5,300.0,,0.0
2023-04-27 21:00:02.5,1682600402500000000,,,,2801.0,0.0,0.0,3.5,8.0,5.5,3.0,6.0,3.0,6.5,3.0,7.0,2.0,2.0,110.0,1.5,437.0,1.0,276.0,0.5,300.0,,0.0
2023-04-27 21:00:03.5,1682600403500000000,,,,2801.0,0.0,0.0,3.5,8.0,4.5,16.0,5.5,3.0,6.0,3.0,6.5,3.0,2.0,110.0,1.5,437.0,1.0,276.0,0.5,300.0,,0.0
2023-04-27 21:00:08.5,1682600408500000000,,,,2801.0,0.0,0.0,3.5,8.0,4.5,16.0,5.5,21.0,6.0,3.0,6.5,3.0,2.0,128.0,1.5,437.0,1.0,276.0,0.5,300.0,,0.0
2023-04-27 21:00:09.25,1682600409250000000,,,,2801.0,0.0,0.0,3.5,8.0,4.5,16.0,5.5,3.0,6.0,3.0,6.5,3.0,2.0,110.0,1.5,437.0,1.0,276.0,0.5,300.0,,0.0
2023-04-27 21:00:24.0,1682600424000000000,,,,2801.0,0.0,0.0,3.5,8.0,4.5,16.0,5.5,21.0,6.0,3.0,6.5,3.0,2.0,128.0,1.5,437.0,1.0,276.0,0.5,300.0,,0.0
2023-04-27 21:00:28.25,1682600428250000000,,,,2801.0,0.0,0.0,3.5,8.0,4.5,16.0,5.5,3.0,6.0,3.0,6.5,3.0,2.0,110.0,1.5,437.0,1.0,276.0,0.5,300.0,,0.0
2023-04-27 21:01:08.0,1682600468000000000,,,,2801.0,0.0,0.0,3.5,8.0,4.5,16.0,5.5,21.0,6.0,3.0,6.5,3.0,2.0,128.0,1.5,437.0,1.0,276.0,0.5,300.0,,0.0
2023-04-27 21:01:09.5,1682600469500000000,,,,2801.0,0.0,0.0,3.5,8.0,4.5,16.0,5.5,3.0,6.0,3.0,6.5,3.0,2.0,110.0,1.5,437.0,1.0,276.0,0.5,300.0,,0.0
2023-04-27 21:01:34.25,1682600494250000000,,,,2801.0,0.0,0.0,2.5,18.0,3.5,8.0,4.5,16.0,5.5,3.0,6.0,3.0,2.0,128.0,1.5,437.0,1.0,276.0,0.5,300.0,,0.0
2023-04-27 21:01:34.5,1682600494500000000,,,,2801.0,0.0,0.0,3.5,8.0,4.5,16.0,5.5,3.0,6.0,3.0,6.5,3.0,2.0,110.0,1.5,437.0,1.0,276.0,0.5,300.0,,0.0
2023-04-27 21:02:06.25,1682600526250000000,,,,2801.0,0.0,0.0,2.5,18.0,3.5,8.0,4.5,16.0,5.5,3.0,6.0,3.0,2.0,128.0,1.5,437.0,1.0,276.0,0.5,300.0,,0.0
2023-04-27 21:02:06.5,1682600526500000000,,,,2801.0,0.0,0.0,3.5,8.0,4.5,16.0,5.5,3.0,6.0,3.0,6.5,3.0,2.0,110.0,1.5,437.0,1.0,276.0,0.5,300.0,,0.0
2023-04-27 21:02:25.0,1682600545000000000,,,,2801.0,0.0,0.0,3.5,8.0,4.5,34.0,5.5,3.0,6.0,3.0,6.5,3.0,2.0,128.0,1.5,437.0,1.0,276.0,0.5,300.0,,0.0
2023-04-27 21:02:49.75,1682600569750000000,,,,2801.0,0.0,0.0,3.5,18.0,4.5,34.0,5.5,3.0,6.0,3.0,6.5,3.0,2.5,10.0,2.0,128.0,1.5,437.0,1.0,276.0,0.5,300.0
2023-04-27 21:02:50.0,1682600570000000000,,,,2801.0,0.0,0.0,3.5,36.0,4.5,16.0,5.5,3.0,6.0,3.0,6.5,3.0,2.5,28.0,2.0,110.0,1.5,437.0,1.0,276.0,0.5,300.0
2023-04-27 21:03:03.75,1682600583750000000,,,,2801.0,0.0,0.0,3.5,26.0,4.5,16.0,5.5,3.0,6.0,3.0,6.5,3.0,2.5,18.0,2.0,110.0,1.5,437.0,1.0,276.0,0.5,300.0
2023-04-27 21:03:04.0,1682600584000000000,,,,2801.0,0.0,0.0,3.5,8.0,4.5,34.0,5.5,3.0,6.0,3.0,6.5,3.0,2.0,128.0,1.5,437.0,1.0,276.0,0.5,300.0,,0.0
2023-04-27 21:03:31.0,1682600611000000000,,,,2801.0,0.0,0.0,3.5,8.0,4.0,1.0,4.5,34.0,5.5,3.0,6.0,3.0,2.0,129.0,1.5,437.0,1.0,276.0,0.5,300.0,,0.0
2023-04-27 21:03:47.25,1682600627250000000,,,,2801.0,0.0,0.0,2.5,18.0,3.5,8.0,4.0,1.0,4.5,16.0,5.5,3.0,2.0,129.0,1.5,437.0,1.0,276.0,0.5,300.0,,0.0
2023-04-27 21:03:47.5,1682600627500000000,,,,2801.0,0.0,0.0,3.5,8.0,4.0,1.0,4.5,16.0,5.5,3.0,6.0,3.0,2.0,111.0,1.5,437.0,1.0,276.0,0.5,300.0,,0.0
2023-04-27 21:04:00.0,1682600640000000000,,,,2801.0,0.0,0.0,3.5,8.0,4.0,19.0,4.5,16.0,5.5,3.0,6.0,3.0,2.0,111.0,1.5,437.0,1.0,294.0,0.5,300.0,,0.0
2023-04-27 21:04:02.5,1682600642500000000,,,,2801.0,0.0,0.0,2.5,18.0,3.5,8.0,4.0,1.0,4.5,16.0,5.5,3.0,2.0,129.0,1.5,437.0,1.0,276.0,0.5,300.0,,0.0
2023-04-27 21:04:03.25,1682600643250000000,,,,2801.0,0.0,0.0,2.5,19.0,3.5,8.0,4.5,16.0,5.5,3.0,6.0,3.0,2.0,129.0,1.5,437.0,1.0,276.0,0.5,300.0,,0.0
2023-04-27 21:04:04.5,1682600644500000000,,,,2801.0,0.0,0.0,2.5,1.0,3.5,8.0,4.5,16.0,5.5,3.0,6.0,3.0,2.0,111.0,1.5,437.0,1.0,276.0,0.5,300.0,,0.0
2023-04-27 21:04:04.75,1682600644750000000,,,,2801.0,0.0,0.0,3.5,8.0,4.5,16.0,5.5,3.0,6.0,3.0,6.5,3.0,2.0,110.0,1.5,437.0,1.0,276.0,0.5,300.0,,0.0
2023-04-27 21:04:05.5,1682600645500000000,,,,2801.0,0.0,0.0,3.5,8.0,4.0,1.0,4.5,16.0,5.5,3.0,6.0,3.0,2.0,111.0,1.5,437.0,1.0,276.0,0.5,300.0,,0.0
2023-04-27 21:04:12.5,1682600652500000000,,,,2801.0,0.0,0.0,3.5,8.0,4.0,1.0,4.5,34.0,5.5,3.0,6.0,3.0,2.0,129.0,1.5,437.0,1.0,276.0,0.5,300.0,,0.0
2023-04-27 21:04:55.0,1682600695000000000,,,,2801.0,0.0,0.0,3.5,8.0,4.0,1.0,4.5,34.0,5.5,3.0,6.0,3.0,2.0,130.0,1.5,437.0,1.0,276.0,0.5,300.0,,0.0
2023-04-27 21:04:58.5,1682600698500000000,,,,2801.0,0.0,0.0,3.5,8.0,4.0,1.0,4.5,34.0,5.5,3.0,6.0,3.0,2.5,1.0,2.0,130.0,1.5,437.0,1.0,276.0,0.5,300.0
2023-04-27 21:05:00.5,1682600700500000000,,,,2801.0,0.0,0.0,3.5,18.0,4.0,1.0,4.5,34.0,5.5,3.0,6.0,3.0,2.5,11.0,2.0,130.0,1.5,437.0,1.0,276.0,0.5,300.0
2023-04-27 21:05:00.75,1682600700750000000,,,,2801.0,0.0,0.0,3.5,37.0,4.5,16.0,5.5,3.0,6.0,3.0,6.5,3.0,2.5,30.0,2.0,111.0,1.5,437.0,1.0,276.0,0.5,300.0
2023-04-27 21:06:10.5,1682600770500000000,,,,2801.0,0.0,0.0,3.5,27.0,4.5,16.0,5.5,3.0,6.0,3.0,6.5,3.0,2.5,20.0,2.0,111.0,1.5,437.0,1.0,276.0,0.5,300.0
2023-04-27 21:06:10.75,1682600770750000000,,,,2801.0,0.0,0.0,3.5,9.0,4.5,34.0,5.5,3.0,6.0,3.0,6.5,3.0,2.5,2.0,2.0,129.0,1.5,437.0,1.0,276.0,0.5,300.0
2023-04-27 21:06:11.0,1682600771000000000,,,,2801.0,0.0,0.0,3.5,8.0,4.0,1.0,4.5,34.0,5.5,3.0,6.0,3.0,2.5,1.0,2.0,130.0,1.5,437.0,1.0,276.0,0.5,300.0
2023-04-27 21:06:43.5,1682600803500000000,,,,2801.0,0.0,0.0,3.5,18.0,4.0,1.0,4.5,34.0,5.5,3.0,6.0,3.0,2.5,11.0,2.0,130.0,1.5,437.0,1.0,276.0,0.5,300.0
2023-04-27 21:06:43.75,1682600803750000000,,,,2801.0,0.0,0.0,3.5,37.0,4.5,16.0,5.5,3.0,6.0,3.0,6.5,3.0,2.5,30.0,2.0,111.0,1.5,437.0,1.0,276.0,0.5,300.0
2023-04-27 21:07:11.25,1682600831250000000,,,,2801.0,0.0,0.0,3.5,37.0,4.5,16.0,5.5,3.0,6.0,3.0,6.5,3.0,2.5,30.0,2.0,111.0,1.5,437.0,1.0,296.0,0.5,300.0
2023-04-27 21:07:26.75,1682600846750000000,,,,2801.0,0.0,0.0,3.5,37.0,4.5,16.0,5.5,3.0,6.0,3.0,6.5,3.0,2.5,30.0,2.0,111.0,1.5,437.0,1.0,276.0,0.5,320.0
2023-04-27 21:08:18.25,1682600898250000000,,,,2801.0,0.0,0.0,3.0,18.0,3.5,19.0,4.5,16.0,5.5,3.0,6.0,3.0,2.5,30.0,2.0,111.0,1.5,437.0,1.0,276.0,0.5,320.0
2023-04-27 21:08:19.25,1682600899250000000,,,,2801.0,0.0,0.0,3.0,19.0,3.5,18.0,4.5,16.0,5.5,3.0,6.0,3.0,2.5,30.0,2.0,111.0,1.5,437.0,1.0,276.0,0.5,320.0
2023-04-27 21:08:29.5,1682600909500000000,,,,2801.0,0.0,0.0,3.0,19.0,3.5,18.0,4.5,16.0,5.5,3.0,6.0,3.0,2.5,30.0,2.0,252.0,1.5,437.0,1.0,276.0,0.5,320.0
2023-04-27 21:09:22.0,1682600962000000000,,,,2801.0,0.0,0.0,3.0,1.0,3.5,18.0,4.5,16.0,5.5,3.0,6.0,3.0,2.5,12.0,2.0,252.0,1.5,437.0,1.0,276.0,0.5,320.0
2023-04-27 21:09:22.25,1682600962250000000,2.5,2.5,2.5,2802.0,10.0,250.0,3.5,18.0,4.5,16.0,5.5,3.0,6.0,3.0,6.5,3.0,2.5,1.0,2.0,252.0,1.5,437.0,1.0,276.0,0.5,320.0
2023-04-27 21:09:22.5,1682600962500000000,2.5,2.5,2.5,2802.0,10.0,250.0,3.0,10.0,3.5,8.0,4.5,16.0,5.5,3.0,6.0,3.0,2.5,10.0,2.0,252.0,1.5,437.0,1.0,276.0,0.5,320.0
2023-04-27 21:09:23.5,1682600963500000000,2.5,2.5,2.5,2802.0,10.0,250.0,3.0,11.0,3.5,8.0,4.5,16.0,5.5,3.0,6.0,3.0,2.5,11.0,2.0,252.0,1.5,437.0,1.0,276.0,0.5,320.0
2023-04-27 21:09:26.75,1682600966750000000,2.5,2.5,2.5,2802.0,10.0,250.0,3.0,11.0,3.5,8.0,4.5,16.0,5.0,18.0,5.5,3.0,2.5,11.0,2.0,270.0,1.5,437.0,1.0,276.0,0.5,320.0
2023-04-27 21:09:28.25,1682600968250000000,2.5,2.5,2.5,2802.0,10.0,250.0,3.0,11.0,3.5,26.0,4.5,16.0,5.5,3.0,6.0,3.0,2.5,29.0,2.0,252.0,1.5,437.0,1.0,276.0,0.5,320.0
2023-04-27 21:15:25.0,1682601325000000000,2.5,2.5,2.5,2802.0,10.0,250.0,3.0,11.0,3.5,26.0,4.0,16.0,5.5,3.0,6.0,3.0,2.5,29.0,2.0,252.0,1.5,437.0,1.0,276.0,0.5,320.0
2023-04-27 21:15:25.25,1682601325250000000,2.5,2.5,2.5,2802.0,10.0,250.0,3.0,11.0,3.5,26.0,4.0,16.0,5.5,3.0,6.0,3.0,2.5,29.0,2.0,252.0,1.5,437.0,1.0,296.0,0.5,300.0
2023-04-27 21:18:42.75,1682601522750000000,2.5,2.5,2.5,2802.0,10.0,250.0,3.0,16.0,3.5,21.0,4.0,16.0,5.5,3.0,6.0,3.0,2.5,29.0,2.0,252.0,1.5,437.0,1.0,296.0,0.5,300.0
2023-04-27 21:19:17.5,1682601557500000000,2.5,2.5,2.5,2802.0,10.0,250.0,3.0,16.0,3.5,21.0,4.0,16.0,5.5,3.0,6.0,3.0,2.5,29.0,2.0,247.0,1.5,437.0,1.0,296.0,0.5,300.0
2023-04-27 21:19:17.75,1682601557750000000,2.5,2.5,2.5,2802.0,10.0,250.0,3.0,16.0,3.5,21.0,4.0,16.0,5.5,3.0,6.0,3.0,2.5,29.0,2.0,247.0,1.5,457.0,1.0,276.0,0.5,300.0
2023-04-27 21:19:22.0,1682601562000000000,2.5,2.5,2.5,2802.0,10.0,250.0,3.0,16.0,3.5,21.0,4.0,16.0,5.5,3.0,6.0,3.0,2.5,29.0,2.0,247.0,1.5,437.0,1.0,296.0,0.5,300.0
2023-04-27 21:19:31.75,1682601571750000000,2.5,2.5,2.5,2802.0,10.0,250.0,3.0,16.0,3.5,21.0,4.0,16.0,5.5,3.0,6.0,3.0,2.5,29.0,2.0,247.0,1.5,447.0,1.0,296.0,0.5,300.0
2023-04-27 21:19:32.0,1682601572000000000,2.5,2.5,2.5,2802.0,10.0,250.0,3.0,16.0,3.5,21.0,4.0,16.0,5.5,3.0,6.0,3.0,2.5,29.0,2.0,247.0,1.5,467.0,1.0,276.0,0.5,300.0
2023-04-27 21:19:48.75,1682601588750000000,2.5,2.5,2.5,2802.0,10.0,250.0,3.0,18.0,3.5,21.0,4.0,16.0,5.5,3.0,6.0,3.0,2.5,29.0,2.0,247.0,1.5,467.0,1.0,276.0,0.5,300.0
2023-04-27 21:19:50.5,1682601590500000000,2.5,2.5,2.5,2802.0,10.0,250.0,3.0,18.0,3.5,21.0,4.0,16.0,5.5,3.0,6.0,3.0,2.5,29.0,2.0,247.0,1.5,447.0,1.0,296.0,0.5,300.0
2023-04-27 21:20:59.75,1682601659750000000,3.0,3.0,2.5,2803.0,11.0,280.0,3.0,17.0,3.5,21.0,4.0,16.0,5.5,3.0,6.0,3.0,2.5,29.0,2.0,247.0,1.5,447.0,1.0,296.0,0.5,300.0
2023-04-27 21:21:00.0,1682601660000000000,3.0,3.0,2.5,2803.0,11.0,280.0,3.0,17.0,3.5,21.0,4.0,16.0,5.5,3.0,6.0,3.0,2.5,29.0,2.0,247.0,1.5,467.0,1.0,276.0,0.5,300.0
2023-04-27 21:21:44.5,1682601704500000000,3.0,3.0,2.5,2803.0,11.0,280.0,3.0,17.0,3.5,21.0,4.0,16.0,5.5,3.0,6.0,3.0,2.5,29.0,2.0,247.0,1.5,447.0,1.0,296.0,0.5,300.0
2023-04-27 21:22:08.5,1682601728500000000,3.0,3.0,2.5,2803.0,11.0,280.0,3.0,17.0,3.5,21.0,4.0,16.0,5.5,4.0,6.0,3.0,2.5,29.0,2.0,247.0,1.5,447.0,1.0,296.0,0.5,300.0
2023-04-27 21:26:21.5,1682601981500000000,3.0,3.0,2.5,2803.0,11.0,280.0,3.0,17.0,3.5,3.0,4.0,16.0,5.5,4.0,6.0,3.0,2.5,11.0,2.0,247.0,1.5,447.0,1.0,296.0,0.5,300.0
2023-04-27 21:26:30.75,1682601990750000000,3.0,3.0,2.5,2803.0,11.0,280.0,3.0,17.0,3.5,3.0,4.0,16.0,4.5,18.0,5.5,4.0,2.5,11.0,2.0,247.0,1.5,465.0,1.0,296.0,0.5,300.0
2023-04-27 21:26:31.75,1682601991750000000,3.0,3.0,2.5,2803.0,11.0,280.0,3.0,17.0,3.5,21.0,4.0,16.0,5.5,4.0,6.0,3.0,2.5,29.0,2.0,247.0,1.5,447.0,1.0,296.0,0.5,300.0
2023-04-27 21:29:17.75,1682602157750000000,3.0,3.0,2.5,2803.0,11.0,280.0,3.0,117.0,3.5,21.0,4.0,16.0,5.5,4.0,6.0,3.0,2.5,129.0,2.0,247.0,1.5,447.0,1.0,296.0,0.5,300.0
2023-04-27 21:32:12.0,1682602332000000000,3.0,3.0,2.5,2803.0,11.0,280.0,3.0,117.0,3.5,3.0,4.0,16.0,5.5,4.0,6.0,3.0,2.5,111.0,2.0,247.0,1.5,447.0,1.0,296.0,0.5,300.0
2023-04-27 21:32:12.25,1682602332250000000,3.0,3.0,2.5,2803.0,11.0,280.0,3.0,117.0,3.5,3.0,4.0,16.0,5.5,4.0,6.0,3.0,2.5,111.0,2.0,247.0,1.5,467.0,1.0,276.0,0.5,300.0
2023-04-27 21:32:27.5,1682602347500000000,3.0,3.0,2.5,2803.0,11.0,280.0,3.0,117.0,3.5,3.0,4.0,16.0,4.5,18.0,5.5,4.0,2.5,111.0,2.0,247.0,1.5,485.0,1.0,276.0,0.5,300.0
2023-04-27 21:32:29.0,1682602349000000000,3.0,3.0,2.5,2803.0,11.0,280.0,3.0,117.0,3.5,3.0,4.0,16.0,5.5,4.0,6.0,3.0,2.5,111.0,2.0,247.0,1.5,467.0,1.0,276.0,0.5,300.0
2023-04-27 21:32:31.0,1682602351000000000,3.0,3.0,2.5,2803.0,11.0,280.0,3.0,117.0,3.5,21.0,4.0,16.0,5.5,4.0,6.0,3.0,2.5,129.0,2.0,247.0,1.5,447.0,1.0,296.0,0.5,300.0
2023-04-27 21:34:05.5,1682602445500000000,3.0,3.0,2.5,2803.0,11.0,280.0,3.0,117.0,3.5,21.0,4.0,16.0,5.5,4.0,6.0,3.0,2.5,129.0,2.0,247.0,1.5,447.0,1.0,296.0,0.5,300.0
2023-04-27 21:42:32.0,1682602952000000000,3.0,3.0,2.5,2803.0,11.0,280.0,3.0,117.0,3.5,21.0,4.0,16.0,5.5,4.0,6.0,3.0,2.5,129.0,2.0,247.0,1.5,447.0,1.0,296.0,0.5,301.0
2023-04-27 21:43:41.75,1682603021750000000,3.0,3.0,2.5,2796.0,52.0,1510.0,3.5,21.0,4.0,16.0,5.5,4.0,6.0,3.0,6.5,3.0,2.5,28.0,2.0,247.0,1.5,447.0,1.0,296.0,0.5,301.0
2023-04-27 21:43:42.0,1682603022000000000,3.0,3.0,2.5,2796.0,52.0,1510.0,3.5,13.0,4.0,16.0,5.5,22.0,6.0,3.0,6.5,3.0,2.5,28.0,2.0,247.0,1.5,447.0,1.0,296.0,0.5,301.0
2023-04-27 21:43:42.25,1682603022250000000,3.0,3.0,2.5,2796.0,52.0,1510.0,3.5,13.0,4.0,34.0,5.5,4.0,6.0,3.0,6.5,3.0,2.5,28.0,2.0,247.0,1.5,447.0,1.0,296.0,0.5,301.0
2023-04-27 21:43:42.75,1682603022750000000,3.0,3.0,2.5,2796.0,52.0,1510.0,3.5,13.0,4.0,35.0,5.5,4.0,6.0,3.0,6.5,3.0,3.0,1.0,2.5,28.0,2.0,247.0,1.5,447.0,1.0,296.0
2023-04-27 21:43:43.0,1682603023000000000,3.0,3.0,2.5,2796.0,53.0,1540.0,3.5,13.0,4.0,34.0,5.5,4.0,6.0,3.0,6.5,3.0,2.5,28.0,2.0,247.0,1.5,447.0,1.0,296.0,0.5,301.0
2023-04-27 21:43:43.75,1682603023750000000,3.0,3.0,2.5,2796.0,53.0,1540.0,3.5,14.0,4.0,34.0,5.5,4.0,6.0,3.0,6.5,3.0,2.5,29.0,2.0,247.0,1.5,447.0,1.0,296.0,0.5,301.0
2023-04-27 21:43:46.75,1682603026750000000,3.0,3.0,2.5,2796.0,53.0,1540.0,3.5,114.0,4.0,34.0,5.5,4.0,6.0,3.0,6.5,3.0,3.0,18.0,2.5,111.0,2.0,247.0,1.5,447.0,1.0,296.0
2023-04-27 21:47:33.5,1682603253500000000,3.0,3.0,2.5,2796.0,53.0,1540.0,3.5,114.0,4.0,34.0,5.5,4.0,6.0,3.0,6.5,3.0,3.0,101.0,2.5,28.0,2.0,247.0,1.5,447.0,1.0,296.0
2023-04-27 21:47:43.75,1682603263750000000,3.0,3.0,2.5,2796.0,53.0,1540.0,3.5,114.0,4.0,16.0,5.5,4.0,6.0,3.0,6.5,3.0,3.0,101.0,2.5,10.0,2.0,247.0,1.5,447.0,1.0,296.0
2023-04-27 21:47:44.0,1682603264000000000,3.0,3.0,2.5,2796.0,53.0,1540.0,3.5,114.0,4.0,34.0,5.5,4.0,6.0,3.0,6.5,3.0,3.0,119.0,2.5,10.0,2.0,247.0,1.5,447.0,1.0,296.0
2023-04-27 21:49:50.0,1682603390000000000,3.5,3.5,2.5,2796.0,55.0,1610.0,3.5,112.0,4.0,34.0,5.5,4.0,6.0,3.0,6.5,3.0,3.0,119.0,2.5,10.0,2.0,247.0,1.5,447.0,1.0,296.0
2023-04-27 21:49:50.25,1682603390250000000,3.5,3.5,2.5,2796.0,55.0,1610.0,3.5,112.0,4.0,34.0,5.5,4.0,6.0,3.0,6.5,3.0,3.0,119.0,2.5,10.0,2.0,247.0,1.5,467.0,1.0,276.0
2023-04-27 21:50:41.25,1682603441250000000,3.5,3.5,2.5,2796.0,55.0,1610.0,3.5,212.0,4.0,34.0,5.5,4.0,6.0,3.0,6.5,3.0,3.0,119.0,2.5,10.0,2.0,247.0,1.5,467.0,1.0,276.0
2023-04-27 21:50:43.75,1682603443750000000,3.5,3.0,2.5,2896.0,155.0,4610.0,3.5,112.0,4.0,34.0,5.5,4.0,6.0,3.0,6.5,3.0,3.0,19.0,2.5,10.0,2.0,247.0,1.5,467.0,1.0,276.0
2023-04-27 21:51:19.25,1682603479250000000,3.5,3.0,2.5,2896.0,155.0,4610.0,3.5,212.0,4.0,34.0,5.5,4.0,6.0,3.0,6.5,3.0,3.0,119.0,2.5,10.0,2.0,247.0,1.5,467.0,1.0,276.0
2023-04-27 21:52:08.25,1682603528250000000,3.5,3.0,2.5,2896.0,155.0,4610.0,3.5,212.0,4.0,34.0,5.5,4.0,6.0,3.0,6.5,3.0,3.0,119.0,2.5,10.0,2.0,247.0,1.5,447.0,1.0,296.0
2023-04-27 21:53:06.0,1682603586000000000,3.5,3.0,2.5,2896.0,170.0,5060.0,3.5,211.0,4.0,16.0,5.5,4.0,6.0,3.0,6.5,3.0,3.0,100.0,2.5,10.0,2.0,247.0,1.5,447.0,1.0,296.0
2023-04-27 21:53:07.25,1682603587250000000,3.5,3.0,2.5,2896.0,171.0,5090.0,3.5,111.0,4.0,16.0,5.5,4.0,6.0,3.0,6.5,3.0,2.5,10.0,2.0,247.0,1.5,447.0,1.0,296.0,0.5,301.0
2023-04-27 21:53:08.25,1682603588250000000,3.5,3.0,2.5,2896.0,171.0,5090.0,3.5,130.0,4.0,16.0,5.5,4.0,6.0,3.0,6.5,3.0,2.5,11.0,2.0,247.0,1.5,465.0,1.0,296.0,0.5,301.0
2023-04-27 21:53:12.0,1682603592000000000,3.5,3.0,2.5,2896.0,171.0,5090.0,3.5,112.0,4.0,16.0,5.5,4.0,6.0,3.0,6.5,3.0,2.5,11.0,2.0,247.0,1.5,447.0,1.0,296.0,0.5,301.0
2023-04-27 21:53:12.25,1682603592250000000,3.5,3.0,2.5,2896.0,171.0,5090.0,3.5,130.0,4.0,16.0,5.5,4.0,6.0,3.0,6.5,3.0,3.0,18.0,2.5,11.0,2.0,247.0,1.5,447.0,1.0,296.0
2023-04-27 21:53:12.5,1682603592500000000,3.5,3.0,2.5,2896.0,171.0,5090.0,3.5,230.0,4.0,16.0,5.5,4.0,6.0,3.0,6.5,3.0,3.0,119.0,2.5,10.0,2.0,247.0,1.5,447.0,1.0,296.0
2023-04-27 21:56:50.0,1682603810000000000,3.5,3.0,2.5,2996.0,271.0,8090.0,3.5,130.0,4.0,16.0,5.5,4.0,6.0,3.0,6.5,3.0,3.0,1.0,2.5,10.0,2.0,247.0,1.5,465.0,1.0,296.0
2023-04-27 21:56:50.25,1682603810250000000,3.5,3.0,2.5,2997.0,272.0,8120.0,3.5,129.0,4.0,16.0,5.5,4.0,6.0,3.0,6.5,3.0,2.5,10.0,2.0,247.0,1.5,465.0,1.0,296.0,0.5,301.0
2023-04-27 21:56:51.5,1682603811500000000,3.5,3.0,2.5,2997.0,272.0,8120.0,3.0,1.0,3.5,129.0,4.0,16.0,5.5,4.0,6.0,3.0,2.5,10.0,2.0,248.0,1.5,465.0,1.0,296.0,0.5,301.0
2023-04-27 21:56:51.75,1682603811750000000,3.5,3.0,2.5,2997.0,272.0,8120.0,3.5,129.0,4.0,16.0,5.5,4.0,6.0,3.0,6.5,3.0,2.5,10.0,2.0,247.0,1.5,465.0,1.0,296.0,0.5,301.0
2023-04-27 21:56:52.5,1682603812500000000,3.5,3.0,2.5,2997.0,272.0,8120.0,3.0,1.0,3.5,129.0,4.0,16.0,5.5,4.0,6.0,3.0,2.5,10.0,2.0,248.0,1.5,465.0,1.0,296.0,0.5,301.0
2023-04-27 21:56:52.75,1682603812750000000,3.5,3.0,2.5,2997.0,272.0,8120.0,3.5,129.0,4.0,16.0,5.5,4.0,6.0,3.0,6.5,3.0,2.5,10.0,2.0,247.0,1.5,465.0,1.0,296.0,0.5,301.0
2023-04-27 21:56:53.5,1682603813500000000,3.5,3.0,2.5,2997.0,272.0,8120.0,3.0,1.0,3.5,129.0,4.0,16.0,5.5,4.0,6.0,3.0,2.5,10.0,2.0,248.0,1.5,465.0,1.0,296.0,0.5,301.0
2023-04-27 21:56:53.75,1682603813750000000,3.5,3.0,2.5,2997.0,272.0,8120.0,3.5,129.0,4.0,16.0,5.5,4.0,6.0,3.0,6.5,3.0,2.5,10.0,2.0,247.0,1.5,465.0,1.0,296.0,0.5,301.0
2023-04-27 21:56:54.5,1682603814500000000,3.5,3.0,2.5,2997.0,272.0,8120.0,3.0,1.0,3.5,129.0,4.0,16.0,5.5,4.0,6.0,3.0,2.5,10.0,2.0,248.0,1.5,465.0,1.0,296.0,0.5,301.0
2023-04-27 21:56:54.75,1682603814750000000,3.5,3.0,2.5,2997.0,272.0,8120.0,3.5,129.0,4.0,16.0,5.5,4.0,6.0,3.0,6.5,3.0,2.5,10.0,2.0,247.0,1.5,465.0,1.0,296.0,0.5,301.0
2023-04-27 21:56:55.0,1682603815000000000,3.5,3.0,2.5,2997.0,272.0,8120.0,3.5,229.0,4.0,16.0,5.5,4.0,6.0,3.0,6.5,3.0,2.5,110.0,2.0,247.0,1.5,465.0,1.0,296.0,0.5,301.0
2023-04-27 21:56:55.5,1682603815500000000,3.5,3.0,2.5,2997.0,272.0,8120.0,3.0,1.0,3.5,229.0,4.0,16.0,5.5,4.0,6.0,3.0,2.5,110.0,2.0,248.0,1.5,465.0,1.0,296.0,0.5,301.0
2023-04-27 21:56:55.75,1682603815750000000,3.5,3.0,2.5,2997.0,272.0,8120.0,3.5,229.0,4.0,16.0,5.5,4.0,6.0,3.0,6.5,3.0,2.5,110.0,2.0,247.0,1.5,465.0,1.0,296.0,0.5,301.0
2023-04-27 21:56:56.0,1682603816000000000,3.5,3.0,2.5,2997.0,272.0,8120.0,3.5,229.0,4.0,16.0,5.5,4.0,6.0,3.0,6.5,3.0,3.0,18.0,2.5,110.0,2.0,247.0,1.5,447.0,1.0,296.0
2023-04-27 21:56:56.5,1682603816500000000,3.5,3.0,2.5,2997.0,273.0,8150.0,3.5,229.0,4.0,16.0,5.5,4.0,6.0,3.0,6.5,3.0,3.0,117.0,2.5,10.0,2.0,247.0,1.5,447.0,1.0,296.0
2023-04-27 21:56:57.75,1682603817750000000,3.5,3.0,2.5,2997.0,273.0,8150.0,3.5,230.0,4.0,16.0,5.5,4.0,6.0,3.0,6.5,3.0,3.0,118.0,2.5,10.0,2.0,247.0,1.5,447.0,1.0,296.0
2023-04-27 21:56:58.25,1682603818250000000,3.5,3.0,2.5,2997.0,273.0,8150.0,3.5,130.0,4.0,16.0,5.5,4.0,6.0,3.0,6.5,3.0,3.0,118.0,2.5,10.0,2.0,247.0,1.5,447.0,1.0,296.0
2023-04-27 21:56:58.5,1682603818500000000,3.5,3.0,2.5,3097.0,373.0,11150.0,3.5,30.0,4.0,16.0,5.5,4.0,6.0,3.0,6.5,3.0,3.0,1.0,2.5,10.0,2.0,247.0,1.5,465.0,1.0,296.0
2023-04-27 21:56:58.75,1682603818750000000,3.5,3.0,2.5,3098.0,374.0,11180.0,3.5,29.0,4.0,16.0,5.5,4.0,6.0,3.0,6.5,3.0,2.5,10.0,2.0,247.0,1.5,465.0,1.0,296.0,0.5,301.0
2023-04-27 21:57:00.0,1682603820000000000,3.5,3.0,2.5,3098.0,374.0,11180.0,3.0,1.0,3.5,29.0,4.0,16.0,5.5,4.0,6.0,3.0,2.5,10.0,2.0,248.0,1.5,465.0,1.0,296.0,0.5,301.0
2023-04-27 21:57:00.25,1682603820250000000,3.5,3.0,2.5,3098.0,374.0,11180.0,3.5,29.0,4.0,16.0,5.5,4.0,6.0,3.0,6.5,3.0,2.5,10.0,2.0,247.0,1.5,465.0,1.0,296.0,0.5,301.0
2023-04-27 21:57:01.0,1682603821000000000,3.5,3.0,2.5,3098.0,374.0,11180.0,3.0,1.0,3.5,29.0,4.0,16.0,5.5,4.0,6.0,3.0,2.5,10.0,2.0,248.0,1.5,465.0,1.0,296.0,0.5,301.0
2023-04-27 21:57:01.25,1682603821250000000,3.5,3.0,2.5,3098.0,374.0,11180.0,3.5,29.0,4.0,16.0,5.5,4.0,6.0,3.0,6.5,3.0,2.5,10.0,2.0,247.0,1.5,465.0,1.0,296.0,0.5,301.0
2023-04-27 21:57:02.0,1682603822000000000,3.5,3.0,2.5,3098.0,374.0,11180.0,3.0,1.0,3.5,29.0,4.0,16.0,5.5,4.0,6.0,3.0,2.5,10.0,2.0,248.0,1.5,465.0,1.0,296.0,0.5,301.0
2023-04-27 21:57:02.25,1682603822250000000,3.5,3.0,2.5,3098.0,374.0,11180.0,3.5,29.0,4.0,16.0,5.5,4.0,6.0,3.0,6.5,3.0,2.5,10.0,2.0,247.0,1.5,465.0,1.0,296.0,0.5,301.0
2023-04-27 21:57:03.0,1682603823000000000,3.5,3.0,2.5,3098.0,374.0,11180.0,3.0,1.0,3.5,29.0,4.0,16.0,5.5,4.0,6.0,3.0,2.5,10.0,2.0,248.0,1.5,465.0,1.0,296.0,0.5,301.0
2023-04-27 21:57:03.25,1682603823250000000,3.5,3.0,2.5,3098.0,374.0,11180.0,3.5,29.0,4.0,16.0,5.5,4.0,6.0,3.0,6.5,3.0,2.5,10.0,2.0,247.0,1.5,465.0,1.0,296.0,0.5,301.0
2023-04-27 21:57:03.5,1682603823500000000,3.5,3.0,2.5,3098.0,374.0,11180.0,3.5,29.0,4.0,16.0,5.5,4.0,6.0,3.0,6.5,3.0,2.5,10.0,2.0,347.0,1.5,465.0,1.0,296.0,0.5,301.0
2023-04-27 21:57:03.75,1682603823750000000,3.5,3.0,2.5,3098.0,374.0,11180.0,3.5,29.0,4.0,16.0,5.5,4.0,6.0,3.0,6.5,3.0,2.5,10.0,2.0,447.0,1.5,465.0,1.0,296.0,0.5,301.0
2023-04-27 21:57:04.0,1682603824000000000,3.5,3.0,2.5,3098.0,374.0,11180.0,3.0,1.0,3.5,129.0,4.0,16.0,5.5,4.0,6.0,3.0,2.5,110.0,2.0,448.0,1.5,465.0,1.0,296.0,0.5,301.0
2023-04-27 21:57:04.25,1682603824250000000,3.5,3.0,2.5,3098.0,374.0,11180.0,3.5,129.0,4.0,16.0,5.5,4.0,6.0,3.0,6.5,3.0,2.5,110.0,2.0,447.0,1.5,465.0,1.0,296.0,0.5,301.0
2023-04-27 21:57:04.5,1682603824500000000,3.5,3.0,2.5,3098.0,374.0,11180.0,3.5,129.0,4.0,16.0,5.5,4.0,6.0,3.0,6.5,3.0,3.0,18.0,2.5,110.0,2.0,447.0,1.5,447.0,1.0,296.0
2023-04-27 21:57:05.0,1682603825000000000,3.5,3.0,2.5,3098.0,375.0,11210.0,3.5,129.0,4.0,16.0,5.5,4.0,6.0,3.0,6.5,3.0,3.0,117.0,2.5,10.0,2.0,447.0,1.5,447.0,1.0,296.0
2023-04-27 21:57:06.5,1682603826500000000,3.5,3.0,2.5,3098.0,375.0,11210.0,3.5,130.0,4.0,16.0,5.5,4.0,6.0,3.0,6.5,3.0,3.0,118.0,2.5,10.0,2.0,447.0,1.5,447.0,1.0,296.0
2023-04-27 21:57:33.75,1682603853750000000,3.5,3.0,2.5,3098.0,375.0,11210.0,3.5,218.0,4.0,16.0,5.5,4.0,6.0,3.0,6.5,3.0,3.0,118.0,2.5,10.0,2.0,447.0,1.5,447.0,1.0,296.0
2023-04-27 21:57:37.75,1682603857750000000,3.5,3.0,2.5,3098.0,375.0,11210.0,3.5,306.0,4.0,16.0,5.5,4.0,6.0,3.0,6.5,3.0,3.0,118.0,2.5,10.0,2.0,447.0,1.5,447.0,1.0,296.0
2023-04-27 21:57:46.0,1682603866000000000,3.5,3.0,2.5,3172.0,449.0,13430.0,3.5,188.0,4.0,16.0,5.5,4.0,6.0,3.0,6.5,3.0,3.0,1.0,2.5,10.0,2.0,447.0,1.5,447.0,1.0,296.0
2023-04-27 21:57:46.25,1682603866250000000,3.5,3.0,2.5,3172.0,449.0,13430.0,3.5,205.0,4.0,16.0,5.5,4.0,6.0,3.0,6.5,3.0,2.5,10.0,2.0,447.0,1.5,465.0,1.0,296.0,0.5,301.0
2023-04-27 21:57:47.0,1682603867000000000,3.5,3.0,2.5,3172.0,449.0,13430.0,3.5,206.0,4.0,16.0,5.5,4.0,6.0,3.0,6.5,3.0,2.5,11.0,2.0,447.0,1.5,465.0,1.0,296.0,0.5,301.0
2023-04-27 21:57:51.25,1682603871250000000,3.5,3.0,2.5,3172.0,449.0,13430.0,3.5,306.0,4.0,16.0,5.5,4.0,6.0,3.0,6.5,3.0,2.5,111.0,2.0,447.0,1.5,465.0,1.0,296.0,0.5,301.0
2023-04-27 21:57:52.0,1682603872000000000,3.5,3.0,2.5,3172.0,449.0,13430.0,3.5,288.0,4.0,16.0,5.5,4.0,6.0,3.0,6.5,3.0,2.5,111.0,2.0,447.0,1.5,447.0,1.0,296.0,0.5,301.0
2023-04-27 21:57:52.25,1682603872250000000,3.5,3.0,2.5,3172.0,449.0,13430.0,3.5,306.0,4.0,16.0,5.5,4.0,6.0,3.0,6.5,3.0,3.0,18.0,2.5,111.0,2.0,447.0,1.5,447.0,1.0,296.0
2023-04-27 21:57:52.75,1682603872750000000,3.5,3.0,2.5,3172.0,449.0,13430.0,3.5,306.0,4.0,16.0,5.5,4.0,6.0,3.0,6.5,3.0,3.0,118.0,2.5,11.0,2.0,447.0,1.5,447.0,1.0,296.0
2023-04-27 21:57:53.0,1682603873000000000,3.5,3.0,2.5,3272.0,549.0,16430.0,3.5,188.0,4.0,16.0,5.5,4.0,6.0,3.0,6.5,3.0,2.5,11.0,2.0,447.0,1.5,447.0,1.0,296.0,0.5,301.0
2023-04-27 21:57:55.0,1682603875000000000,3.5,3.0,2.5,3272.0,549.0,16430.0,3.5,206.0,4.0,16.0,5.5,4.0,6.0,3.0,6.5,3.0,2.5,11.0,2.0,447.0,1.5,465.0,1.0,296.0,0.5,301.0
2023-04-27 21:57:59.0,1682603879000000000,3.5,3.0,2.5,3272.0,549.0,16430.0,3.5,206.0,4.0,16.0,5.5,4.0,6.0,3.0,6.5,3.0,3.0,18.0,2.5,11.0,2.0,447.0,1.5,447.0,1.0,296.0
2023-04-27 21:57:59.5,1682603879500000000,3.5,3.0,2.5,3272.0,549.0,16430.0,3.5,206.0,4.0,16.0,5.5,4.0,6.0,3.0,6.5,3.0,3.0,19.0,2.5,10.0,2.0,447.0,1.5,447.0,1.0,296.0
2023-04-27 21:58:10.75,1682603890750000000,3.5,3.0,2.5,3372.0,649.0,19430.0,3.5,205.0,4.0,16.0,5.5,4.0,6.0,3.0,6.5,3.0,2.5,10.0,2.0,447.0,1.5,465.0,1.0,296.0,0.5,301.0
2023-04-27 21:58:12.0,1682603892000000000,3.5,3.0,2.5,3372.0,649.0,19430.0,3.0,1.0,3.5,205.0,4.0,16.0,5.5,4.0,6.0,3.0,2.5,10.0,2.0,448.0,1.5,465.0,1.0,296.0,0.5,301.0
2023-04-27 21:58:12.25,1682603892250000000,3.5,3.0,2.5,3372.0,649.0,19430.0,3.5,205.0,4.0,16.0,5.5,4.0,6.0,3.0,6.5,3.0,2.5,10.0,2.0,447.0,1.5,465.0,1.0,296.0,0.5,301.0
2023-04-27 21:58:13.0,1682603893000000000,3.5,3.0,2.5,3372.0,649.0,19430.0,3.0,1.0,3.5,205.0,4.0,16.0,5.5,4.0,6.0,3.0,2.5,10.0,2.0,448.0,1.5,465.0,1.0,296.0,0.5,301.0
2023-04-27 21:58:13.25,1682603893250000000,3.5,3.0,2.5,3372.0,649.0,19430.0,3.5,205.0,4.0,16.0,5.5,4.0,6.0,3.0,6.5,3.0,2.5,10.0,2.0,447.0,1.5,465.0,1.0,296.0,0.5,301.0
2023-04-27 21:58:14.0,1682603894000000000,3.5,3.0,2.5,3372.0,649.0,19430.0,3.0,1.0,3.5,205.0,4.0,16.0,5.5,4.0,6.0,3.0,2.5,10.0,2.0,448.0,1.5,465.0,1.0,296.0,0.5,301.0
2023-04-27 21:58:14.25,1682603894250000000,3.5,3.0,2.5,3372.0,649.0,19430.0,3.5,205.0,4.0,16.0,5.5,4.0,6.0,3.0,6.5,3.0,2.5,10.0,2.0,447.0,1.5,465.0,1.0,296.0,0.5,301.0
2023-04-27 21:58:15.0,1682603895000000000,3.5,3.0,2.5,3372.0,649.0,19430.0,3.0,1.0,3.5,205.0,4.0,16.0,5.5,4.0,6.0,3.0,2.5,10.0,2.0,448.0,1.5,465.0,1.0,296.0,0.5,301.0
2023-04-27 21:58:15.25,1682603895250000000,3.5,3.0,2.5,3372.0,649.0,19430.0,3.5,205.0,4.0,16.0,5.5,4.0,6.0,3.0,6.5,3.0,2.5,10.0,2.0,447.0,1.5,465.0,1.0,296.0,0.5,301.0
2023-04-27 21:58:15.75,1682603895750000000,3.5,3.0,2.5,3372.0,649.0,19430.0,3.5,305.0,4.0,16.0,5.5,4.0,6.0,3.0,6.5,3.0,2.5,110.0,2.0,447.0,1.5,465.0,1.0,296.0,0.5,301.0
2023-04-27 21:58:16.0,1682603896000000000,3.5,3.0,2.5,3372.0,649.0,19430.0,3.0,1.0,3.5,305.0,4.0,16.0,5.5,4.0,6.0,3.0,2.5,110.0,2.0,448.0,1.5,465.0,1.0,296.0,0.5,301.0
2023-04-27 21:58:16.25,1682603896250000000,3.5,3.0,2.5,3372.0,649.0,19430.0,3.0,100.0,3.5,205.0,4.0,16.0,5.5,4.0,6.0,3.0,2.5,110.0,2.0,447.0,1.5,465.0,1.0,296.0,0.5,301.0
2023-04-27 21:58:16.75,1682603896750000000,3.5,3.0,2.5,3372.0,649.0,19430.0,3.0,118.0,3.5,187.0,4.0,16.0,5.5,4.0,6.0,3.0,2.5,128.0,2.0,447.0,1.5,447.0,1.0,296.0,0.5,301.0
2023-04-27 21:58:17.0,1682603897000000000,3.5,3.0,2.5,3372.0,649.0,19430.0,3.0,119.0,3.5,187.0,4.0,16.0,5.5,4.0,6.0,3.0,2.5,129.0,2.0,447.0,1.5,447.0,1.0,296.0,0.5,301.0
2023-04-27 21:58:32.75,1682603912750000000,3.5,2.5,2.5,3372.0,659.0,19680.0,3.0,119.0,3.5,187.0,4.0,16.0,5.5,4.0,6.0,3.0,2.5,119.0,2.0,447.0,1.5,447.0,1.0,296.0,0.5,301.0
2023-04-27 21:58:33.0,1682603913000000000,3.5,2.5,2.5,3372.0,659.0,19680.0,3.0,129.0,3.5,177.0,4.0,16.0,5.5,4.0,6.0,3.0,2.5,129.0,2.0,447.0,1.5,447.0,1.0,296.0,0.5,301.0
2023-04-27 21:58:36.0,1682603916000000000,3.5,2.5,2.5,3372.0,659.0,19680.0,3.0,228.0,3.5,177.0,4.0,16.0,5.5,4.0,6.0,3.0,2.5,129.0,2.0,447.0,1.5,447.0,1.0,296.0,0.5,301.0
2023-04-27 21:58:36.5,1682603916500000000,3.5,2.5,2.5,3372.0,659.0,19680.0,3.0,327.0,3.5,177.0,4.0,16.0,5.5,4.0,6.0,3.0,2.5,129.0,2.0,447.0,1.5,447.0,1.0,296.0,0.5,301.0
2023-04-27 21:58:36.75,1682603916750000000,3.5,2.5,2.5,3372.0,659.0,19680.0,3.0,426.0,3.5,177.0,4.0,16.0,5.5,4.0,6.0,3.0,2.5,129.0,2.0,447.0,1.5,447.0,1.0,296.0,0.5,301.0
2023-04-27 22:04:23.0,1682604263000000000,3.5,2.5,2.5,3372.0,663.0,19780.0,3.0,326.0,3.5,177.0,4.0,16.0,5.5,4.0,6.0,3.0,2.5,29.0,2.0,447.0,1.5,447.0,1.0,296.0,0.5,301.0
2023-04-27 22:04:28.25,1682604268250000000,3.5,2.5,2.5,3372.0,663.0,19780.0,3.0,426.0,3.5,177.0,4.0,16.0,5.5,4.0,6.0,3.0,2.5,129.0,2.0,447.0,1.5,447.0,1.0,296.0,0.5,301.0
2023-04-27 22:05:53.25,1682604353250000000,3.5,2.5,2.5,3362.0,693.0,20530.0,3.0,325.0,3.5,177.0,4.0,16.0,5.5,4.0,6.0,3.0,2.0,447.0,1.5,447.0,1.0,314.0,0.5,301.0,,0.0
2023-04-27 22:05:53.5,1682604353500000000,3.5,2.5,2.5,3362.0,693.0,20530.0,3.0,325.0,3.5,177.0,4.0,16.0,5.5,4.0,6.0,3.0,2.0,457.0,1.5,447.0,1.0,314.0,0.5,301.0,,0.0
2023-04-27 22:05:54.5,1682604354500000000,3.5,2.5,2.5,3362.0,693.0,20530.0,2.5,1.0,3.0,325.0,3.5,177.0,4.0,16.0,5.5,4.0,2.0,457.0,1.5,448.0,1.0,314.0,0.5,301.0,,0.0
2023-04-27 22:05:54.75,1682604354750000000,3.5,2.5,2.5,3361.0,694.0,20555.0,3.0,325.0,3.5,177.0,4.0,16.0,5.5,4.0,6.0,3.0,2.0,457.0,1.5,447.0,1.0,314.0,0.5,301.0,,0.0
2023-04-27 22:05:55.5,1682604355500000000,3.5,2.5,2.5,3361.0,694.0,20555.0,3.0,326.0,3.5,177.0,4.0,16.0,5.5,4.0,6.0,3.0,2.0,458.0,1.5,447.0,1.0,314.0,0.5,301.0,,0.0
2023-04-27 22:05:58.75,1682604358750000000,3.5,2.5,2.5,3361.0,694.0,20555.0,3.0,426.0,3.5,177.0,4.0,16.0,5.5,4.0,6.0,3.0,2.0,558.0,1.5,447.0,1.0,314.0,0.5,301.0,,0.0
2023-04-27 22:05:59.25,1682604359250000000,3.5,2.5,2.5,3361.0,694.0,20555.0,3.0,426.0,3.5,177.0,4.0,16.0,5.5,4.0,6.0,3.0,2.5,19.0,2.0,557.0,1.5,447.0,1.0,296.0,0.5,301.0
2023-04-27 22:06:00.0,1682604360000000000,3.5,2.5,2.5,3361.0,694.0,20555.0,3.0,426.0,3.5,177.0,4.0,16.0,5.5,4.0,6.0,3.0,2.5,119.0,2.0,457.0,1.5,447.0,1.0,276.0,0.5,321.0
2023-04-27 22:06:19.0,1682604379000000000,3.5,2.5,2.5,3361.0,694.0,20555.0,3.0,456.0,3.5,177.0,4.0,16.0,5.5,4.0,6.0,3.0,2.5,119.0,2.0,457.0,1.5,447.0,1.0,276.0,0.5,321.0
2023-04-27 22:09:17.75,1682604557750000000,3.5,2.5,2.5,3361.0,694.0,20555.0,3.0,496.0,3.5,177.0,4.0,16.0,5.5,4.0,6.0,3.0,2.5,119.0,2.0,457.0,1.5,447.0,1.0,276.0,0.5,321.0
2023-04-27 22:14:41.75,1682604881750000000,3.5,2.5,2.5,3361.0,694.0,20555.0,3.0,478.0,3.5,177.0,4.0,16.0,5.5,4.0,6.0,3.0,2.5,101.0,2.0,457.0,1.5,447.0,1.0,276.0,0.5,321.0
2023-04-27 22:14:55.75,1682604895750000000,3.5,2.5,2.5,3361.0,694.0,20555.0,3.0,478.0,3.5,177.0,4.0,34.0,5.5,4.0,6.0,3.0,2.5,101.0,2.0,457.0,1.5,465.0,1.0,296.0,0.5,301.0
2023-04-27 22:14:56.75,1682604896750000000,3.5,2.5,2.5,3361.0,694.0,20555.0,3.0,478.0,3.5,177.0,4.0,16.0,5.5,4.0,6.0,3.0,2.5,101.0,2.0,457.0,1.5,447.0,1.0,296.0,0.5,301.0
2023-04-27 22:14:58.75,1682604898750000000,3.5,2.5,2.5,3361.0,694.0,20555.0,3.0,496.0,3.5,177.0,4.0,16.0,5.5,4.0,6.0,3.0,2.5,119.0,2.0,457.0,1.5,447.0,1.0,276.0,0.5,321.0
2023-04-27 22:22:48.5,1682605368500000000,3.5,2.5,2.5,3361.0,694.0,20555.0,3.0,486.0,3.5,177.0,4.0,16.0,5.5,4.0,6.0,3.0,2.5,119.0,2.0,447.0,1.5,447.0,1.0,276.0,0.5,321.0
2023-04-27 22:22:48.75,1682605368750000000,3.5,2.5,2.5,3361.0,694.0,20555.0,3.0,486.0,3.5,177.0,4.0,16.0,5.5,4.0,6.0,3.0,2.5,119.0,2.0,447.0,1.5,463.0,1.0,280.0,0.5,301.0
2023-04-27 22:23:59.0,1682605439000000000,3.5,2.5,2.5,3361.0,694.0,20555.0,3.0,496.0,3.5,177.0,4.0,16.0,5.5,4.0,6.0,3.0,2.5,119.0,2.0,457.0,1.5,463.0,1.0,280.0,0.5,301.0
2023-04-27 22:25:09.25,1682605509250000000,3.5,2.5,2.5,3361.0,694.0,20555.0,3.0,396.0,3.5,177.0,4.0,16.0,5.5,4.0,6.0,3.0,2.5,19.0,2.0,457.0,1.5,463.0,1.0,280.0,0.5,301.0
2023-04-27 22:25:12.75,1682605512750000000,3.5,2.5,2.5,3361.0,713.0,21030.0,2.5,80.0,3.0,395.0,3.5,177.0,4.0,16.0,5.5,4.0,2.0,457.0,1.5,463.0,1.0,298.0,0.5,301.0,,0.0
2023-04-27 22:25:14.0,1682605514000000000,3.5,2.5,2.5,3361.0,713.0,21030.0,2.5,81.0,3.0,395.0,3.5,177.0,4.0,16.0,5.5,4.0,2.0,458.0,1.5,463.0,1.0,298.0,0.5,301.0,,0.0
2023-04-27 22:25:17.25,1682605517250000000,3.5,2.5,2.5,3361.0,713.0,21030.0,2.5,181.0,3.0,395.0,3.5,177.0,4.0,16.0,5.5,4.0,2.0,558.0,1.5,463.0,1.0,298.0,0.5,301.0,,0.0
2023-04-27 22:25:18.75,1682605518750000000,3.5,2.5,2.5,3361.0,713.0,21030.0,2.5,199.0,3.0,377.0,3.5,177.0,4.0,16.0,5.5,4.0,2.0,576.0,1.5,463.0,1.0,280.0,0.5,301.0,,0.0
2023-04-27 22:25:26.5,1682605526500000000,3.5,2.5,2.5,3361.0,713.0,21030.0,2.5,99.0,3.0,377.0,3.5,177.0,4.0,16.0,5.5,4.0,2.0,476.0,1.5,463.0,1.0,280.0,0.5,301.0,,0.0
2023-04-27 22:32:00.5,1682605920500000000,3.5,2.5,2.5,3361.0,713.0,21030.0,2.5,99.0,3.0,377.0,3.5,177.0,4.0,16.0,5.5,4.0,2.0,476.0,1.5,382.0,1.0,280.0,0.5,301.0,,0.0
2023-04-27 22:32:00.75,1682605920750000000,3.5,2.5,2.5,3361.0,713.0,21030.0,2.5,99.0,3.0,377.0,3.5,177.0,4.0,16.0,5.5,4.0,2.0,476.0,1.5,402.0,1.0,260.0,0.5,301.0,,0.0
2023-04-27 22:32:26.75,1682605946750000000,3.5,2.5,2.5,3280.0,794.0,23055.0,2.5,18.0,3.0,377.0,3.5,177.0,4.0,16.0,5.5,4.0,2.0,475.0,1.5,402.0,1.0,260.0,0.5,301.0,,0.0
2023-04-27 22:32:27.25,1682605947250000000,3.5,2.5,2.5,3280.0,794.0,23055.0,2.5,19.0,3.0,377.0,3.5,177.0,4.0,16.0,5.5,4.0,2.0,476.0,1.5,402.0,1.0,260.0,0.5,301.0,,0.0
2023-04-27 22:32:34.25,1682605954250000000,3.5,2.5,2.5,3280.0,795.0,23080.0,3.0,395.0,3.5,177.0,4.0,16.0,5.5,4.0,6.0,3.0,2.0,457.0,1.5,402.0,1.0,278.0,0.5,301.0,,0.0
2023-04-27 22:32:35.0,1682605955000000000,3.5,2.5,2.5,3280.0,795.0,23080.0,3.0,396.0,3.5,177.0,4.0,16.0,5.5,4.0,6.0,3.0,2.0,458.0,1.5,402.0,1.0,278.0,0.5,301.0,,0.0
2023-04-27 22:32:40.25,1682605960250000000,3.5,2.5,2.5,3280.0,795.0,23080.0,3.0,396.0,3.5,177.0,4.0,16.0,5.5,4.0,6.0,3.0,2.5,19.0,2.0,457.0,1.5,402.0,1.0,260.0,0.5,301.0
2023-04-27 22:32:41.5,1682605961500000000,3.5,2.5,2.5,3280.0,795.0,23080.0,3.0,396.0,3.5,177.0,4.0,16.0,5.5,4.0,6.0,3.0,2.5,19.0,2.0,457.0,1.5,402.0,1.0,260.0,0.5,301.0
2023-04-27 22:35:25.25,1682606125250000000,3.5,2.5,2.5,3280.0,795.0,23080.0,3.0,378.0,3.5,177.0,4.0,16.0,5.5,4.0,6.0,3.0,2.5,1.0,2.0,457.0,1.5,402.0,1.0,260.0,0.5,301.0
2023-04-27 22:35:25.5,1682606125500000000,3.5,2.5,2.5,3280.0,795.0,23080.0,3.0,377.0,3.5,177.0,4.0,16.0,5.5,4.0,6.0,3.0,2.0,457.0,1.5,402.0,1.0,260.0,0.5,301.0,,0.0
2023-04-27 22:35:26.25,1682606126250000000,3.5,2.5,2.5,3280.0,795.0,23080.0,3.0,378.0,3.5,177.0,4.0,16.0,5.5,4.0,6.0,3.0,2.0,458.0,1.5,402.0,1.0,260.0,0.5,301.0,,0.0
2023-04-27 22:35:27.25,1682606127250000000,3.5,2.5,2.5,3280.0,795.0,23080.0,3.0,378.0,3.5,195.0,4.0,16.0,5.5,4.0,6.0,3.0,2.5,19.0,2.0,457.0,1.5,402.0,1.0,260.0,0.5,301.0
2023-04-27 22:35:29.0,1682606129000000000,3.5,2.5,2.5,3280.0,795.0,23080.0,3.0,378.0,3.5,177.0,4.0,16.0,5.5,4.0,6.0,3.0,2.5,1.0,2.0,457.0,1.5,402.0,1.0,260.0,0.5,301.0
2023-04-27 22:35:29.25,1682606129250000000,3.5,2.5,2.5,3280.0,795.0,23080.0,3.0,395.0,3.5,177.0,4.0,16.0,5.5,4.0,6.0,3.0,2.5,18.0,2.0,457.0,1.5,402.0,1.0,260.0,0.5,301.0
2023-04-27 22:35:29.75,1682606129750000000,3.5,2.5,2.5,3280.0,795.0,23080.0,3.0,396.0,3.5,177.0,4.0,16.0,5.5,4.0,6.0,3.0,2.5,19.0,2.0,457.0,1.5,402.0,1.0,260.0,0.5,301.0
2023-04-27 22:35:41.75,1682606141750000000,3.5,2.5,2.5,3280.0,795.0,23080.0,3.0,396.0,3.5,177.0,4.0,16.0,5.5,4.0,6.0,3.0,2.5,79.0,2.0,457.0,1.5,402.0,1.0,260.0,0.5,301.0
2023-04-27 22:37:46.25,1682606266250000000,3.5,2.5,2.5,3280.0,795.0,23080.0,3.0,496.0,3.5,177.0,4.0,16.0,5.5,4.0,6.0,3.0,2.5,179.0,2.0,457.0,1.5,402.0,1.0,260.0,0.5,301.0
2023-04-27 22:37:46.5,1682606266500000000,3.5,2.5,2.5,3280.0,795.0,23080.0,3.0,496.0,3.5,177.0,4.0,16.0,5.5,4.0,6.0,3.0,2.5,179.0,2.0,477.0,1.5,382.0,1.0,260.0,0.5,301.0
2023-04-27 22:37:47.0,1682606267000000000,3.5,2.5,2.5,3280.0,795.0,23080.0,3.0,396.0,3.5,177.0,4.0,16.0,5.5,4.0,6.0,3.0,2.5,79.0,2.0,477.0,1.5,382.0,1.0,260.0,0.5,301.0
2023-04-27 22:43:26.25,1682606606250000000,3.5,2.5,2.5,3280.0,795.0,23080.0,3.0,378.0,3.5,177.0,4.0,16.0,5.5,4.0,6.0,3.0,2.5,61.0,2.0,477.0,1.5,382.0,1.0,260.0,0.5,301.0
2023-04-27 22:44:41.0,1682606681000000000,3.5,2.5,2.5,3280.0,795.0,23080.0,3.0,378.0,3.5,177.0,4.0,16.0,4.5,18.0,5.5,4.0,2.5,61.0,2.0,477.0,1.5,400.0,1.0,260.0,0.5,301.0
2023-04-27 22:44:41.5,1682606681500000000,3.5,2.5,2.5,3280.0,795.0,23080.0,3.0,378.0,3.5,177.0,4.0,16.0,5.5,4.0,6.0,3.0,2.5,61.0,2.0,477.0,1.5,382.0,1.0,260.0,0.5,301.0
2023-04-27 22:44:43.5,1682606683500000000,3.5,2.5,2.5,3280.0,795.0,23080.0,3.0,396.0,3.5,177.0,4.0,16.0,5.5,4.0,6.0,3.0,2.5,79.0,2.0,477.0,1.5,382.0,1.0,260.0,0.5,301.0
2023-04-27 22:47:31.5,1682606851500000000,3.5,2.5,2.5,3280.0,795.0,23080.0,3.0,396.0,3.5,177.0,4.0,16.0,5.5,4.0,6.0,3.0,2.5,79.0,2.0,457.0,1.5,402.0,1.0,260.0,0.5,301.0
2023-04-27 22:47:51.0,1682606871000000000,3.5,2.5,2.5,3280.0,795.0,23080.0,3.0,378.0,3.5,177.0,4.0,16.0,5.5,4.0,6.0,3.0,2.5,61.0,2.0,457.0,1.5,402.0,1.0,260.0,0.5,301.0
2023-04-27 22:47:51.25,1682606871250000000,3.5,2.5,2.5,3280.0,795.0,23080.0,3.0,378.0,3.5,177.0,4.0,16.0,5.5,4.0,6.0,3.0,2.5,61.0,2.0,477.0,1.5,382.0,1.0,260.0,0.5,301.0
2023-04-27 22:48:21.0,1682606901000000000,3.5,2.5,2.5,3280.0,795.0,23080.0,3.0,378.0,3.5,177.0,4.0,34.0,5.5,4.0,6.0,3.0,2.5,61.0,2.0,477.0,1.5,400.0,1.0,260.0,0.5,301.0
2023-04-27 22:48:21.75,1682606901750000000,3.5,2.5,2.5,3280.0,795.0,23080.0,3.0,378.0,3.5,177.0,4.0,16.0,5.5,4.0,6.0,3.0,2.5,61.0,2.0,477.0,1.5,382.0,1.0,260.0,0.5,301.0
2023-04-27 22:48:23.75,1682606903750000000,3.5,2.5,2.5,3280.0,795.0,23080.0,3.0,396.0,3.5,177.0,4.0,16.0,5.5,4.0,6.0,3.0,2.5,79.0,2.0,477.0,1.5,382.0,1.0,260.0,0.5,301.0
2023-04-27 22:55:06.75,1682607306750000000,3.5,2.5,2.5,3280.0,795.0,23080.0,3.0,396.0,3.5,177.0,4.0,16.0,5.5,4.0,6.0,3.0,2.5,61.0,2.0,495.0,1.5,382.0,1.0,260.0,0.5,301.0
2023-04-27 22:55:23.75,1682607323750000000,3.5,2.5,2.5,3280.0,795.0,23080.0,3.0,396.0,3.5,177.0,4.0,16.0,5.5,4.0,6.0,3.0,2.5,79.0,2.0,477.0,1.5,382.0,1.0,260.0,0.5,301.0
2023-04-27 22:56:36.25,1682607396250000000,3.5,2.5,2.5,3280.0,795.0,23080.0,3.0,396.0,3.5,177.0,5.5,4.0,6.0,3.0,6.5,3.0,2.5,79.0,2.0,477.0,1.5,382.0,1.0,260.0,0.5,301.0
2023-04-27 22:56:36.5,1682607396500000000,3.5,2.5,2.5,3280.0,795.0,23080.0,3.0,396.0,3.5,177.0,5.5,4.0,6.0,3.0,6.5,3.0,2.5,79.0,2.0,477.0,1.5,366.0,1.0,260.0,0.5,301.0
2023-04-27 22:57:20.75,1682607440750000000,3.5,2.5,2.5,3280.0,795.0,23080.0,3.0,396.0,3.5,177.0,5.5,4.0,6.0,3.0,6.5,3.0,2.5,79.0,2.0,457.0,1.5,366.0,1.0,260.0,0.5,301.0
2023-04-27 22:58:21.75,1682607501750000000,3.5,2.5,2.5,3280.0,795.0,23080.0,3.0,378.0,3.5,177.0,5.5,4.0,6.0,3.0,6.5,3.0,2.5,61.0,2.0,457.0,1.5,366.0,1.0,260.0,0.5,301.0
2023-04-27 22:58:46.0,1682607526000000000,3.5,2.5,2.5,3280.0,795.0,23080.0,3.0,378.0,3.5,177.0,5.5,4.0,6.0,3.0,6.5,3.0,2.5,1.0,2.0,457.0,1.5,366.0,1.0,260.0,0.5,301.0
2023-04-27 22:58:46.25,1682607526250000000,3.5,2.5,2.5,3280.0,795.0,23080.0,3.0,377.0,3.5,177.0,5.5,4.0,6.0,3.0,6.5,3.0,2.0,457.0,1.5,366.0,1.0,260.0,0.5,301.0,,0.0
2023-04-27 22:58:46.5,1682607526500000000,3.5,2.5,2.5,3280.0,795.0,23080.0,3.0,378.0,3.5,177.0,5.5,4.0,6.0,3.0,6.5,3.0,2.0,458.0,1.5,366.0,1.0,260.0,0.5,301.0,,0.0
2023-04-27 22:58:57.5,1682607537500000000,3.5,2.5,2.5,3280.0,795.0,23080.0,3.0,377.0,3.5,177.0,5.5,4.0,6.0,3.0,6.5,3.0,2.0,457.0,1.5,366.0,1.0,260.0,0.5,301.0,,0.0
2023-04-27 22:59:01.75,1682607541750000000,3.5,2.5,2.5,3280.0,795.0,23080.0,3.0,367.0,3.5,177.0,5.5,4.0,6.0,3.0,6.5,3.0,2.0,447.0,1.5,366.0,1.0,260.0,0.5,301.0,,0.0
2023-04-27 22:59:02.0,1682607542000000000,3.5,2.5,2.5,3280.0,795.0,23080.0,3.0,377.0,3.5,177.0,5.5,4.0,6.0,3.0,6.5,3.0,2.0,457.0,1.5,366.0,1.0,260.0,0.5,301.0,,0.0
2023-04-27 22:59:31.5,1682607571500000000,3.5,2.5,2.5,3280.0,795.0,23080.0,3.0,367.0,3.5,177.0,5.5,4.0,6.0,3.0,6.5,3.0,2.0,447.0,1.5,366.0,1.0,260.0,0.5,301.0,,0.0
2023-04-28 08:55:00.0,1682643300000000000,3.5,2.5,2.5,3280.0,795.0,23080.0,3.0,367.0,3.5,177.0,5.5,4.0,6.0,3.0,6.5,3.0,2.0,447.0,1.5,366.0,1.0,260.0,0.5,301.0,,0.0
2023-04-28 09:00:02.75,1682643602750000000,3.5,2.5,2.5,3280.0,795.0,23080.0,3.0,367.0,3.5,177.0,5.0,16.0,5.5,4.0,6.0,3.0,2.0,447.0,1.5,366.0,1.0,276.0,0.5,301.0,,0.0
2023-04-28 09:01:34.75,1682643694750000000,3.5,2.5,2.5,3280.0,795.0,23080.0,3.0,367.0,3.5,177.0,4.0,18.0,5.0,16.0,5.5,4.0,2.0,447.0,1.5,366.0,1.0,294.0,0.5,301.0,,0.0
2023-04-28 09:02:08.5,1682643728500000000,3.5,2.5,2.5,3280.0,795.0,23080.0,3.0,385.0,3.5,177.0,5.0,16.0,5.5,4.0,6.0,3.0,2.0,465.0,1.5,366.0,1.0,276.0,0.5,301.0,,0.0
2023-04-28 09:03:22.75,1682643802750000000,3.5,2.5,2.5,3280.0,795.0,23080.0,3.0,395.0,3.5,177.0,5.0,16.0,5.5,4.0,6.0,3.0,2.0,475.0,1.5,366.0,1.0,276.0,0.5,301.0,,0.0
2023-04-28 09:03:44.0,1682643824000000000,3.5,2.5,2.5,3280.0,795.0,23080.0,3.0,396.0,3.5,177.0,5.0,16.0,5.5,4.0,6.0,3.0,2.0,476.0,1.5,366.0,1.0,276.0,0.5,301.0,,0.0
2023-04-28 09:05:02.0,1682643902000000000,3.5,2.5,2.5,3280.0,795.0,23080.0,3.0,396.0,3.5,177.0,4.5,16.0,5.5,4.0,6.0,3.0,2.0,476.0,1.5,366.0,1.0,276.0,0.5,301.0,,0.0
2023-04-28 09:06:09.75,1682643969750000000,3.5,2.5,2.5,3280.0,795.0,23080.0,3.0,378.0,3.5,177.0,4.5,16.0,5.5,4.0,6.0,3.0,2.0,458.0,1.5,366.0,1.0,276.0,0.5,301.0,,0.0
2023-04-28 09:06:10.0,1682643970000000000,3.5,2.5,2.5,3280.0,795.0,23080.0,3.0,396.0,3.5,177.0,4.5,16.0,5.5,4.0,6.0,3.0,2.5,19.0,2.0,457.0,1.5,366.0,1.0,276.0,0.5,301.0
2023-04-28 09:06:20.75,1682643980750000000,3.5,2.5,2.5,3280.0,795.0,23080.0,3.0,396.0,3.5,177.0,4.5,16.0,5.5,4.0,6.0,3.0,2.5,39.0,2.0,457.0,1.5,366.0,1.0,276.0,0.5,301.0
2023-04-28 09:08:45.75,1682644125750000000,3.5,3.0,2.5,3255.0,820.0,23830.0,3.0,371.0,3.5,177.0,4.5,16.0,5.5,4.0,6.0,3.0,2.5,39.0,2.0,457.0,1.5,366.0,1.0,276.0,0.5,301.0
2023-04-28 09:10:18.25,1682644218250000000,3.5,3.0,2.5,3255.0,820.0,23830.0,3.0,381.0,3.5,177.0,4.5,16.0,5.5,4.0,6.0,3.0,2.5,49.0,2.0,457.0,1.5,366.0,1.0,276.0,0.5,301.0
2023-04-28 09:20:24.5,1682644824500000000,3.5,3.0,2.5,3255.0,820.0,23830.0,3.0,381.0,3.5,177.0,4.5,16.0,5.5,4.0,6.0,3.0,2.5,49.0,2.0,457.0,1.5,366.0,1.0,276.0,0.5,301.0
2023-04-28 09:27:45.75,1682645265750000000,3.5,3.0,2.5,3255.0,845.0,24580.0,3.0,346.0,3.5,177.0,4.5,16.0,5.5,4.0,6.0,3.0,2.5,39.0,2.0,457.0,1.5,366.0,1.0,276.0,0.5,301.0
2023-04-28 09:29:03.25,1682645343250000000,3.5,3.0,2.5,3255.0,845.0,24580.0,3.0,356.0,3.5,177.0,4.5,16.0,5.5,4.0,6.0,3.0,2.5,49.0,2.0,457.0,1.5,366.0,1.0,276.0,0.5,301.0
2023-04-28 09:36:29.25,1682645789250000000,3.5,3.0,2.5,3255.0,845.0,24580.0,3.0,338.0,3.5,177.0,4.5,16.0,5.5,4.0,6.0,3.0,2.5,31.0,2.0,457.0,1.5,366.0,1.0,276.0,0.5,301.0
2023-04-28 09:38:21.25,1682645901250000000,3.5,3.0,2.5,3255.0,845.0,24580.0,3.0,338.0,3.5,177.0,4.0,18.0,4.5,16.0,5.5,4.0,2.5,31.0,2.0,457.0,1.5,384.0,1.0,276.0,0.5,301.0
2023-04-28 09:38:22.75,1682645902750000000,3.5,3.0,2.5,3255.0,845.0,24580.0,3.0,356.0,3.5,177.0,4.5,16.0,5.5,4.0,6.0,3.0,2.5,49.0,2.0,457.0,1.5,366.0,1.0,276.0,0.5,301.0
2023-04-28 09:39:30.0,1682645970000000000,3.5,3.0,2.5,3255.0,845.0,24580.0,3.0,346.0,3.5,177.0,4.5,16.0,5.5,4.0,6.0,3.0,2.5,49.0,2.0,447.0,1.5,366.0,1.0,276.0,0.5,301.0
2023-04-28 09:39:30.75,1682645970750000000,3.5,3.0,2.5,3255.0,845.0,24580.0,3.0,356.0,3.5,177.0,4.5,16.0,5.5,4.0,6.0,3.0,2.5,49.0,2.0,457.0,1.5,366.0,1.0,276.0,0.5,301.0
2023-04-28 10:07:55.25,1682647675250000000,3.5,3.0,2.5,3255.0,845.0,24580.0,3.0,356.0,3.5,177.0,4.5,16.0,5.5,4.0,6.0,3.0,2.5,49.0,2.0,457.0,1.5,540.0,1.0,276.0,0.5,301.0
2023-04-28 10:14:02.0,1682648042000000000,3.5,3.0,2.5,3255.0,845.0,24580.0,3.0,346.0,3.5,177.0,4.5,16.0,5.5,4.0,6.0,3.0,2.5,49.0,2.0,447.0,1.5,540.0,1.0,276.0,0.5,301.0
2023-04-28 10:14:02.25,1682648042250000000,3.5,3.0,2.5,3255.0,845.0,24580.0,3.0,356.0,3.5,177.0,4.5,16.0,5.5,4.0,6.0,3.0,2.5,49.0,2.0,457.0,1.5,540.0,1.0,276.0,0.5,301.0
2023-04-28 10:14:30.0,1682648070000000000,3.5,3.0,2.5,3255.0,845.0,24580.0,3.0,346.0,3.5,177.0,4.5,16.0,5.5,4.0,6.0,3.0,2.5,39.0,2.0,457.0,1.5,540.0,1.0,276.0,0.5,301.0
2023-04-28 10:14:30.5,1682648070500000000,3.5,3.0,2.5,3255.0,845.0,24580.0,3.0,346.0,3.5,177.0,4.5,16.0,5.5,4.0,6.0,3.0,2.5,19.0,2.0,457.0,1.5,540.0,1.0,276.0,0.5,301.0
2023-04-28 10:14:31.5,1682648071500000000,3.5,3.0,2.5,3255.0,845.0,24580.0,3.0,328.0,3.5,177.0,4.5,16.0,5.5,4.0,6.0,3.0,2.5,1.0,2.0,457.0,1.5,540.0,1.0,276.0,0.5,301.0
2023-04-28 10:14:31.75,1682648071750000000,3.5,3.0,2.5,3255.0,845.0,24580.0,3.0,327.0,3.5,177.0,4.5,16.0,5.5,4.0,6.0,3.0,2.0,457.0,1.5,540.0,1.0,276.0,0.5,301.0,,0.0
2023-04-28 10:14:32.0,1682648072000000000,3.5,3.0,2.5,3255.0,845.0,24580.0,3.0,328.0,3.5,177.0,4.5,16.0,5.5,4.0,6.0,3.0,2.0,458.0,1.5,540.0,1.0,276.0,0.5,301.0,,0.0
2023-04-28 10:14:57.5,1682648097500000000,3.5,3.0,2.5,3255.0,845.0,24580.0,3.0,327.0,3.5,177.0,4.5,16.0,5.5,4.0,6.0,3.0,2.0,457.0,1.5,540.0,1.0,276.0,0.5,301.0,,0.0
2023-04-28 10:15:00.0,1682648100000000000,3.5,3.0,2.5,3255.0,845.0,24580.0,3.0,327.0,3.5,177.0,4.5,16.0,5.5,4.0,6.0,3.0,2.0,457.0,1.5,540.0,1.0,276.0,0.5,301.0,,0.0
2023-04-28 10:30:20.25,1682649020250000000,3.5,3.0,2.5,3255.0,845.0,24580.0,3.0,327.0,3.5,177.0,4.5,16.0,5.5,4.0,6.0,3.0,2.5,20.0,2.0,457.0,1.5,540.0,1.0,276.0,0.5,301.0
2023-04-28 10:30:30.25,1682649030250000000,3.5,3.0,2.5,3255.0,870.0,25330.0,3.0,302.0,3.5,177.0,4.5,16.0,5.5,4.0,6.0,3.0,2.5,20.0,2.0,457.0,1.5,540.0,1.0,276.0,0.5,301.0
2023-04-28 10:30:31.5,1682649031500000000,3.5,3.0,2.5,3255.0,870.0,25330.0,3.0,302.0,3.5,177.0,4.0,18.0,4.5,16.0,5.5,4.0,2.5,20.0,2.0,457.0,1.5,558.0,1.0,276.0,0.5,301.0
2023-04-28 10:30:47.0,1682649047000000000,3.5,3.0,2.5,3255.0,870.0,25330.0,3.0,302.0,3.5,177.0,4.5,16.0,5.5,4.0,6.0,3.0,2.5,20.0,2.0,457.0,1.5,540.0,1.0,276.0,0.5,301.0
2023-04-28 10:30:47.25,1682649047250000000,3.5,3.0,2.5,3255.0,870.0,25330.0,3.0,320.0,3.5,177.0,4.5,16.0,5.5,4.0,6.0,3.0,2.5,38.0,2.0,457.0,1.5,540.0,1.0,276.0,0.5,301.0
2023-04-28 10:31:12.5,1682649072500000000,3.5,3.0,2.5,3255.0,870.0,25330.0,3.0,321.0,3.5,177.0,4.5,16.0,5.5,4.0,6.0,3.0,2.5,39.0,2.0,457.0,1.5,540.0,1.0,276.0,0.5,301.0
2023-04-28 10:32:35.0,1682649155000000000,3.5,3.0,2.5,3255.0,870.0,25330.0,3.0,331.0,3.5,177.0,4.5,16.0,5.5,4.0,6.0,3.0,2.5,49.0,2.0,457.0,1.5,540.0,1.0,276.0,0.5,301.0
2023-04-28 10:40:38.75,1682649638750000000,3.5,3.0,2.5,3255.0,870.0,25330.0,3.0,431.0,3.5,177.0,4.5,16.0,5.5,4.0,6.0,3.0,2.5,49.0,2.0,457.0,1.5,540.0,1.0,276.0,0.5,301.0
2023-04-28 10:43:31.0,1682649811000000000,3.5,3.0,2.5,3255.0,870.0,25330.0,3.0,413.0,3.5,177.0,4.5,16.0,5.5,4.0,6.0,3.0,2.5,31.0,2.0,457.0,1.5,540.0,1.0,276.0,0.5,301.0
2023-04-28 10:46:31.0,1682649991000000000,3.5,3.0,2.5,3255.0,870.0,25330.0,3.0,431.0,3.5,177.0,4.5,16.0,5.5,4.0,6.0,3.0,2.5,49.0,2.0,457.0,1.5,540.0,1.0,276.0,0.5,301.0
2023-04-28 10:47:43.75,1682650063750000000,3.5,3.0,2.5,3255.0,870.0,25330.0,3.0,421.0,3.5,177.0,4.5,16.0,5.5,4.0,6.0,3.0,2.5,49.0,2.0,447.0,1.5,540.0,1.0,276.0,0.5,301.0
2023-04-28 10:50:02.25,1682650202250000000,3.5,3.0,2.5,3255.0,870.0,25330.0,3.0,431.0,3.5,177.0,4.5,16.0,5.5,4.0,6.0,3.0,2.5,49.0,2.0,457.0,1.5,540.0,1.0,276.0,0.5,301.0
2023-04-28 10:50:34.25,1682650234250000000,3.5,3.0,2.5,3155.0,970.0,28330.0,3.0,321.0,3.5,177.0,4.5,16.0,5.5,4.0,6.0,3.0,2.5,39.0,2.0,457.0,1.5,540.0,1.0,276.0,0.5,301.0
2023-04-28 10:50:34.5,1682650234500000000,3.5,3.0,2.5,3135.0,990.0,28930.0,3.0,301.0,3.5,177.0,4.5,16.0,5.5,4.0,6.0,3.0,2.5,39.0,2.0,457.0,1.5,540.0,1.0,276.0,0.5,301.0
2023-04-28 10:50:35.5,1682650235500000000,3.5,3.0,2.5,3132.0,1090.0,31930.0,3.0,201.0,3.5,177.0,4.5,16.0,5.5,4.0,6.0,3.0,2.5,39.0,2.0,457.0,1.5,540.0,1.0,276.0,0.5,301.0
2023-04-28 10:50:36.5,1682650236500000000,3.5,3.0,2.5,3062.0,1210.0,35530.0,3.0,81.0,3.5,177.0,4.5,16.0,5.5,4.0,6.0,3.0,2.5,38.0,2.0,457.0,1.5,540.0,1.0,276.0,0.5,301.0
2023-04-28 10:50:37.5,1682650237500000000,3.5,3.0,2.5,3062.0,1250.0,36730.0,3.0,41.0,3.5,177.0,4.5,16.0,5.5,4.0,6.0,3.0,2.5,38.0,2.0,457.0,1.5,540.0,1.0,276.0,0.5,301.0
2023-04-28 10:50:37.75,1682650237750000000,3.5,3.0,2.5,3062.0,1270.0,37330.0,3.0,22.0,3.5,177.0,4.5,16.0,5.5,4.0,6.0,3.0,2.5,39.0,2.0,457.0,1.5,540.0,1.0,276.0,0.5,301.0
2023-04-28 10:50:49.0,1682650249000000000,3.5,3.0,2.5,3062.0,1292.0,37990.0,3.5,177.0,4.5,34.0,5.5,4.0,6.0,3.0,6.5,3.0,3.0,63.0,2.5,38.0,2.0,457.0,1.5,540.0,1.0,276.0
2023-04-28 10:50:49.25,1682650249250000000,3.5,3.0,2.5,3035.0,1319.0,38800.0,3.5,187.0,4.5,34.0,5.5,4.0,6.0,3.0,6.5,3.0,3.0,36.0,2.5,48.0,2.0,447.0,1.5,540.0,1.0,276.0
2023-04-28 10:50:50.25,1682650250250000000,3.5,3.0,2.5,3035.0,1319.0,38800.0,3.5,188.0,4.5,34.0,5.5,4.0,6.0,3.0,6.5,3.0,3.0,36.0,2.5,49.0,2.0,447.0,1.5,540.0,1.0,276.0
2023-04-28 10:50:50.75,1682650250750000000,3.5,3.0,2.5,3035.0,1319.0,38800.0,3.5,198.0,4.5,34.0,5.5,4.0,6.0,3.0,6.5,3.0,3.0,46.0,2.5,49.0,2.0,447.0,1.5,540.0,1.0,276.0
2023-04-28 10:50:55.0,1682650255000000000,3.5,3.0,2.5,3035.0,1319.0,38800.0,3.5,216.0,4.5,16.0,5.5,4.0,6.0,3.0,6.5,3.0,3.0,65.0,2.5,30.0,2.0,447.0,1.5,540.0,1.0,276.0
2023-04-28 10:51:08.0,1682650268000000000,3.5,3.0,2.5,3035.0,1319.0,38800.0,3.5,216.0,4.5,16.0,5.5,4.0,6.0,3.0,6.5,3.0,3.0,65.0,2.5,30.0,2.0,447.0,1.5,556.0,1.0,260.0
2023-04-28 10:52:06.75,1682650326750000000,3.5,3.0,2.5,3035.0,1319.0,38800.0,3.5,316.0,4.5,16.0,5.5,4.0,6.0,3.0,6.5,3.0,3.0,65.0,2.5,30.0,2.0,447.0,1.5,556.0,1.0,260.0
2023-04-28 10:53:18.0,1682650398000000000,3.5,3.0,2.5,3035.0,1319.0,38800.0,3.5,306.0,4.5,16.0,5.5,4.0,6.0,3.0,6.5,3.0,3.0,65.0,2.5,20.0,2.0,447.0,1.5,556.0,1.0,260.0
2023-04-28 10:53:18.75,1682650398750000000,3.5,3.0,2.5,3035.0,1319.0,38800.0,3.5,316.0,4.5,16.0,5.5,4.0,6.0,3.0,6.5,3.0,3.0,65.0,2.5,30.0,2.0,447.0,1.5,556.0,1.0,260.0
2023-04-28 10:53:36.75,1682650416750000000,3.5,3.0,2.5,3035.0,1319.0,38800.0,3.5,306.0,4.5,16.0,5.5,4.0,6.0,3.0,6.5,3.0,3.0,65.0,2.5,20.0,2.0,447.0,1.5,556.0,1.0,260.0
2023-04-28 10:53:37.5,1682650417500000000,3.5,3.0,2.5,3035.0,1319.0,38800.0,3.5,316.0,4.5,16.0,5.5,4.0,6.0,3.0,6.5,3.0,3.0,65.0,2.5,30.0,2.0,447.0,1.5,556.0,1.0,260.0
2023-04-28 10:53:50.5,1682650430500000000,3.5,3.0,2.5,3035.0,1319.0,38800.0,3.5,306.0,4.5,16.0,5.5,4.0,6.0,3.0,6.5,3.0,3.0,65.0,2.5,20.0,2.0,447.0,1.5,556.0,1.0,260.0
2023-04-28 10:53:51.25,1682650431250000000,3.5,3.0,2.5,3035.0,1319.0,38800.0,3.5,316.0,4.5,16.0,5.5,4.0,6.0,3.0,6.5,3.0,3.0,65.0,2.5,30.0,2.0,447.0,1.5,556.0,1.0,260.0
2023-04-28 10:54:04.25,1682650444250000000,3.5,3.0,2.5,3035.0,1319.0,38800.0,3.5,306.0,4.5,16.0,5.5,4.0,6.0,3.0,6.5,3.0,3.0,65.0,2.5,20.0,2.0,447.0,1.5,556.0,1.0,260.0
2023-04-28 10:54:05.25,1682650445250000000,3.5,3.0,2.5,3035.0,1319.0,38800.0,3.5,316.0,4.5,16.0,5.5,4.0,6.0,3.0,6.5,3.0,3.0,65.0,2.5,30.0,2.0,447.0,1.5,556.0,1.0,260.0
2023-04-28 10:55:54.75,1682650554750000000,3.5,3.0,2.5,3053.0,1384.0,40750.0,3.0,35.0,3.5,287.0,4.5,16.0,5.5,4.0,6.0,3.0,2.5,30.0,2.0,447.0,1.5,556.0,1.0,260.0,0.5,301.0
2023-04-28 10:55:55.0,1682650555000000000,3.5,3.0,2.5,3053.0,1384.0,40750.0,3.0,35.0,3.5,305.0,4.5,16.0,5.5,4.0,6.0,3.0,2.5,30.0,2.0,447.0,1.5,574.0,1.0,260.0,0.5,301.0
2023-04-28 10:55:55.75,1682650555750000000,3.5,3.0,2.5,3053.0,1384.0,40750.0,3.0,36.0,3.5,305.0,4.5,16.0,5.5,4.0,6.0,3.0,2.5,31.0,2.0,447.0,1.5,574.0,1.0,260.0,0.5,301.0
2023-04-28 10:56:00.75,1682650560750000000,3.5,3.0,2.5,3053.0,1384.0,40750.0,3.0,36.0,3.5,287.0,4.5,16.0,5.5,4.0,6.0,3.0,2.5,31.0,2.0,447.0,1.5,556.0,1.0,260.0,0.5,301.0
2023-04-28 10:56:01.0,1682650561000000000,3.5,3.0,2.5,3063.0,1394.0,41050.0,3.0,26.0,3.5,305.0,4.5,16.0,5.5,4.0,6.0,3.0,2.5,31.0,2.0,447.0,1.5,574.0,1.0,260.0,0.5,301.0
2023-04-28 10:56:07.0,1682650567000000000,3.5,3.0,2.5,3073.0,1404.0,41350.0,3.0,16.0,3.5,305.0,4.5,16.0,5.5,4.0,6.0,3.0,2.5,31.0,2.0,447.0,1.5,574.0,1.0,260.0,0.5,301.0
2023-04-28 10:56:13.0,1682650573000000000,3.5,3.0,2.5,3083.0,1414.0,41650.0,3.0,5.0,3.5,306.0,4.5,16.0,5.5,4.0,6.0,3.0,2.5,31.0,2.0,447.0,1.5,574.0,1.0,260.0,0.5,301.0
2023-04-28 10:56:19.0,1682650579000000000,3.5,3.0,2.5,3088.0,1419.0,41800.0,3.5,306.0,4.5,16.0,5.5,4.0,6.0,3.0,6.5,3.0,2.5,31.0,2.0,447.0,1.5,574.0,1.0,260.0,0.5,301.0
2023-04-28 10:56:25.0,1682650585000000000,3.5,3.0,2.5,3088.0,1419.0,41800.0,3.0,19.0,3.5,287.0,4.5,16.0,5.5,4.0,6.0,3.0,2.5,49.0,2.0,447.0,1.5,556.0,1.0,260.0,0.5,301.0
2023-04-28 10:56:42.25,1682650602250000000,3.5,3.0,2.5,3088.0,1419.0,41800.0,3.0,29.0,3.5,287.0,4.5,16.0,5.5,4.0,6.0,3.0,2.5,59.0,2.0,447.0,1.5,556.0,1.0,260.0,0.5,301.0
2023-04-28 10:56:57.0,1682650617000000000,3.5,3.0,2.5,3088.0,1419.0,41800.0,3.0,29.0,3.5,287.0,4.5,16.0,5.5,4.0,6.0,3.0,2.5,59.0,2.0,447.0,1.5,656.0,1.0,260.0,0.5,301.0
2023-04-28 10:57:05.0,1682650625000000000,3.5,3.0,2.5,3088.0,1419.0,41800.0,3.0,29.0,3.5,287.0,4.5,16.0,5.5,4.0,6.0,3.0,2.5,59.0,2.0,447.0,1.5,756.0,1.0,260.0,0.5,301.0
2023-04-28 10:57:11.5,1682650631500000000,3.5,3.0,2.5,3088.0,1419.0,41800.0,3.0,11.0,3.5,287.0,4.5,16.0,5.5,4.0,6.0,3.0,2.5,41.0,2.0,447.0,1.5,756.0,1.0,260.0,0.5,301.0
2023-04-28 10:57:11.75,1682650631750000000,3.5,3.0,2.5,3089.0,1429.0,42100.0,3.5,305.0,4.5,16.0,5.5,4.0,6.0,3.0,6.5,3.0,2.5,30.0,2.0,447.0,1.5,774.0,1.0,260.0,0.5,301.0
2023-04-28 10:57:13.25,1682650633250000000,3.5,3.0,2.5,3089.0,1429.0,42100.0,3.5,305.0,4.0,1.0,4.5,16.0,5.5,4.0,6.0,3.0,3.0,1.0,2.5,30.0,2.0,447.0,1.5,774.0,1.0,260.0
2023-04-28 10:57:13.5,1682650633500000000,3.5,3.0,2.5,3089.0,1429.0,42100.0,3.5,305.0,4.5,16.0,5.5,4.0,6.0,3.0,6.5,3.0,2.5,30.0,2.0,447.0,1.5,774.0,1.0,260.0,0.5,301.0
2023-04-28 10:57:14.5,1682650634500000000,3.5,3.0,2.5,3089.0,1429.0,42100.0,3.5,305.0,4.0,1.0,4.5,16.0,5.5,4.0,6.0,3.0,3.0,1.0,2.5,30.0,2.0,447.0,1.5,774.0,1.0,260.0
2023-04-28 10:57:14.75,1682650634750000000,3.5,3.0,2.5,3089.0,1429.0,42100.0,3.5,305.0,4.5,16.0,5.5,4.0,6.0,3.0,6.5,3.0,2.5,30.0,2.0,447.0,1.5,774.0,1.0,260.0,0.5,301.0
2023-04-28 10:57:15.5,1682650635500000000,3.5,3.0,2.5,3089.0,1429.0,42100.0,3.5,305.0,4.0,1.0,4.5,16.0,5.5,4.0,6.0,3.0,3.0,1.0,2.5,30.0,2.0,447.0,1.5,774.0,1.0,260.0
2023-04-28 10:57:15.75,1682650635750000000,3.5,3.0,2.5,3089.0,1429.0,42100.0,3.5,305.0,4.5,16.0,5.5,4.0,6.0,3.0,6.5,3.0,2.5,30.0,2.0,447.0,1.5,774.0,1.0,260.0,0.5,301.0
2023-04-28 10:57:16.5,1682650636500000000,3.5,3.0,2.5,3089.0,1429.0,42100.0,3.5,305.0,4.0,1.0,4.5,16.0,5.5,4.0,6.0,3.0,3.0,1.0,2.5,30.0,2.0,447.0,1.5,774.0,1.0,260.0
2023-04-28 10:57:16.75,1682650636750000000,3.5,3.0,2.5,3089.0,1429.0,42100.0,3.5,315.0,4.5,16.0,5.5,4.0,6.0,3.0,6.5,3.0,3.0,10.0,2.5,30.0,2.0,447.0,1.5,774.0,1.0,260.0
2023-04-28 10:57:17.25,1682650637250000000,3.5,3.0,2.5,3089.0,1429.0,42100.0,3.5,305.0,4.5,16.0,5.5,4.0,6.0,3.0,6.5,3.0,2.5,30.0,2.0,447.0,1.5,774.0,1.0,260.0,0.5,301.0
2023-04-28 10:57:17.5,1682650637500000000,3.5,3.0,2.5,3089.0,1429.0,42100.0,3.5,306.0,4.5,16.0,5.5,4.0,6.0,3.0,6.5,3.0,3.0,1.0,2.5,30.0,2.0,447.0,1.5,774.0,1.0,260.0
2023-04-28 10:57:17.75,1682650637750000000,3.5,3.0,2.5,3089.0,1429.0,42100.0,3.5,305.0,4.5,16.0,5.5,4.0,6.0,3.0,6.5,3.0,3.0,18.0,2.5,30.0,2.0,447.0,1.5,756.0,1.0,260.0
2023-04-28 10:57:18.5,1682650638500000000,3.5,3.0,2.5,3089.0,1429.0,42100.0,3.5,306.0,4.5,16.0,5.5,4.0,6.0,3.0,6.5,3.0,3.0,19.0,2.5,30.0,2.0,447.0,1.5,756.0,1.0,260.0
2023-04-28 10:57:22.75,1682650642750000000,3.5,3.0,2.5,3089.0,1429.0,42100.0,3.5,316.0,4.5,16.0,5.5,4.0,6.0,3.0,6.5,3.0,3.0,29.0,2.5,30.0,2.0,447.0,1.5,756.0,1.0,260.0
2023-04-28 11:03:30.25,1682651010250000000,3.5,3.0,2.5,3107.0,1458.0,42970.0,3.0,21.0,3.5,305.0,4.5,16.0,5.5,4.0,6.0,3.0,2.5,30.0,2.0,447.0,1.5,774.0,1.0,260.0,0.5,301.0
2023-04-28 11:03:31.25,1682651011250000000,3.5,3.0,2.5,3107.0,1458.0,42970.0,3.0,22.0,3.5,305.0,4.5,16.0,5.5,4.0,6.0,3.0,2.5,31.0,2.0,447.0,1.5,774.0,1.0,260.0,0.5,301.0
2023-04-28 11:03:36.25,1682651016250000000,3.5,3.0,2.5,3107.0,1458.0,42970.0,3.0,40.0,3.5,287.0,4.5,16.0,5.5,4.0,6.0,3.0,2.5,49.0,2.0,447.0,1.5,756.0,1.0,260.0,0.5,301.0
2023-04-28 11:04:00.75,1682651040750000000,3.5,3.0,2.5,3107.0,1458.0,42970.0,3.0,70.0,3.5,287.0,4.5,16.0,5.5,4.0,6.0,3.0,2.5,49.0,2.0,447.0,1.5,756.0,1.0,260.0,0.5,301.0
2023-04-28 11:05:11.0,1682651111000000000,3.5,3.0,2.5,3107.0,1458.0,42970.0,3.0,80.0,3.5,287.0,4.5,16.0,5.5,4.0,6.0,3.0,2.5,59.0,2.0,447.0,1.5,756.0,1.0,260.0,0.5,301.0
2023-04-28 11:05:19.75,1682651119750000000,3.5,3.0,2.5,3107.0,1458.0,42970.0,3.0,160.0,3.5,287.0,4.5,16.0,5.5,4.0,6.0,3.0,2.5,59.0,2.0,447.0,1.5,756.0,1.0,260.0,0.5,301.0
2023-04-28 11:23:16.25,1682652196250000000,3.5,3.0,2.5,3107.0,1458.0,42970.0,3.0,160.0,3.5,287.0,4.5,16.0,5.5,4.0,6.0,3.0,2.5,59.0,2.0,447.0,1.5,726.0,1.0,200.0,0.5,201.0
2023-04-28 11:27:27.0,1682652447000000000,3.5,3.0,2.5,3107.0,1458.0,42970.0,3.0,160.0,3.5,187.0,4.5,16.0,5.5,4.0,6.0,3.0,2.5,59.0,2.0,447.0,1.5,726.0,1.0,200.0,0.5,201.0
2023-04-28 11:28:28.0,1682652508000000000,3.5,3.0,2.5,3107.0,1458.0,42970.0,3.0,142.0,3.5,187.0,4.5,16.0,5.5,4.0,6.0,3.0,2.5,41.0,2.0,447.0,1.5,726.0,1.0,200.0,0.5,201.0
2023-04-28 11:28:57.75,1682652537750000000,3.5,3.0,2.5,3107.0,1458.0,42970.0,3.0,141.0,3.5,187.0,4.5,16.0,5.5,4.0,6.0,3.0,2.5,40.0,2.0,447.0,1.5,726.0,1.0,200.0,0.5,201.0
2023-04-28 11:29:00.0,1682652540000000000,3.5,3.0,2.5,3107.0,1458.0,42970.0,3.0,131.0,3.5,187.0,4.5,16.0,5.5,4.0,6.0,3.0,2.5,30.0,2.0,447.0,1.5,726.0,1.0,200.0,0.5,201.0
2023-04-28 11:29:01.0,1682652541000000000,3.5,3.0,2.5,3107.0,1458.0,42970.0,3.0,131.0,3.5,187.0,4.5,16.0,5.5,4.0,6.0,3.0,2.5,10.0,2.0,447.0,1.5,726.0,1.0,200.0,0.5,201.0
2023-04-28 11:29:02.0,1682652542000000000,3.5,3.0,2.5,3107.0,1458.0,42970.0,3.0,131.0,3.5,177.0,4.5,16.0,5.5,4.0,6.0,3.0,2.0,447.0,1.5,726.0,1.0,200.0,0.5,201.0,,0.0
2023-04-28 11:29:02.25,1682652542250000000,3.5,3.0,2.5,3107.0,1458.0,42970.0,3.0,141.0,3.5,177.0,4.5,16.0,5.5,4.0,6.0,3.0,2.5,10.0,2.0,447.0,1.5,726.0,1.0,200.0,0.5,201.0
2023-04-28 11:29:32.0,1682652572000000000,3.5,3.0,2.5,3107.0,1458.0,42970.0,3.0,131.0,3.5,177.0,4.5,16.0,5.5,4.0,6.0,3.0,2.0,447.0,1.5,726.0,1.0,200.0,0.5,201.0,,0.0
2023-04-28 11:30:00.0,1682652600000000000,3.5,3.0,2.5,3107.0,1458.0,42970.0,3.0,131.0,3.5,177.0,4.5,16.0,5.5,4.0,6.0,3.0,2.0,447.0,1.5,726.0,1.0,200.0,0.5,201.0,,0.0
2023-04-28 13:30:08.75,1682659808750000000,3.5,3.0,2.5,3107.0,1458.0,42970.0,3.0,131.0,3.5,177.0,4.0,18.0,4.5,16.0,5.5,4.0,2.0,447.0,1.5,726.0,1.0,218.0,0.5,201.0,,0.0
2023-04-28 13:30:09.5,1682659809500000000,3.5,3.0,2.5,3107.0,1458.0,42970.0,3.0,131.0,3.5,177.0,4.5,16.0,5.5,4.0,6.0,3.0,2.0,447.0,1.5,726.0,1.0,200.0,0.5,201.0,,0.0
2023-04-28 13:31:01.25,1682659861250000000,3.5,3.0,2.5,3107.0,1458.0,42970.0,3.0,131.0,3.5,177.0,4.0,18.0,4.5,16.0,5.5,4.0,2.0,447.0,1.5,726.0,1.0,218.0,0.5,201.0,,0.0
2023-04-28 13:31:02.0,1682659862000000000,3.5,3.0,2.5,3107.0,1458.0,42970.0,3.0,149.0,3.5,177.0,4.5,16.0,5.5,4.0,6.0,3.0,2.0,465.0,1.5,726.0,1.0,200.0,0.5,201.0,,0.0
2023-04-28 13:31:42.5,1682659902500000000,3.5,3.0,2.5,3107.0,1458.0,42970.0,3.0,149.0,3.5,177.0,4.5,16.0,5.5,4.0,6.0,3.0,2.5,18.0,2.0,447.0,1.5,726.0,1.0,200.0,0.5,201.0
2023-04-28 13:31:45.0,1682659905000000000,3.5,3.0,2.5,3107.0,1458.0,42970.0,3.0,150.0,3.5,177.0,4.5,16.0,5.5,4.0,6.0,3.0,2.5,19.0,2.0,447.0,1.5,726.0,1.0,200.0,0.5,201.0
2023-04-28 13:32:03.0,1682659923000000000,3.5,3.0,2.5,3107.0,1458.0,42970.0,3.0,160.0,3.5,177.0,4.5,16.0,5.5,4.0,6.0,3.0,2.5,29.0,2.0,447.0,1.5,726.0,1.0,200.0,0.5,201.0
2023-04-28 13:32:44.75,1682659964750000000,3.5,3.0,2.5,3107.0,1458.0,42970.0,3.0,170.0,3.5,177.0,4.5,16.0,5.5,4.0,6.0,3.0,2.5,29.0,2.0,447.0,1.5,726.0,1.0,200.0,0.5,201.0
2023-04-28 13:34:06.0,1682660046000000000,3.5,3.0,2.5,3107.0,1458.0,42970.0,3.0,170.0,3.5,177.0,4.5,16.0,5.5,4.0,6.0,3.0,2.5,32.0,2.0,447.0,1.5,726.0,1.0,200.0,0.5,201.0
2023-04-28 13:34:37.0,1682660077000000000,3.5,3.0,2.5,3107.0,1458.0,42970.0,3.0,170.0,3.5,177.0,4.5,16.0,5.5,4.0,6.0,3.0,2.5,32.0,2.0,467.0,1.5,726.0,1.0,200.0,0.5,201.0
2023-04-28 13:37:43.25,1682660263250000000,3.5,3.0,2.5,3107.0,1458.0,42970.0,3.0,170.0,3.5,177.0,4.5,16.0,5.5,4.0,6.0,3.0,2.5,32.0,2.0,467.0,1.5,726.0,1.0,200.0,0.5,201.0
2023-04-28 13:41:27.5,1682660487500000000,3.5,3.0,2.5,3107.0,1458.0,42970.0,3.0,152.0,3.5,177.0,4.5,16.0,5.5,4.0,6.0,3.0,2.5,14.0,2.0,467.0,1.5,726.0,1.0,200.0,0.5,201.0
2023-04-28 13:42:06.25,1682660526250000000,3.5,3.0,2.5,3107.0,1458.0,42970.0,3.0,170.0,3.5,177.0,4.5,16.0,5.5,4.0,6.0,3.0,2.5,32.0,2.0,467.0,1.5,726.0,1.0,200.0,0.5,201.0
2023-04-28 13:43:17.25,1682660597250000000,3.5,3.0,2.5,3107.0,1458.0,42970.0,3.0,152.0,3.5,177.0,4.5,16.0,5.5,4.0,6.0,3.0,2.5,14.0,2.0,467.0,1.5,726.0,1.0,200.0,0.5,201.0
2023-04-28 13:43:17.5,1682660597500000000,3.5,3.0,2.5,3107.0,1458.0,42970.0,3.0,152.0,3.5,177.0,4.5,16.0,5.5,4.0,6.0,3.0,2.5,34.0,2.0,447.0,1.5,726.0,1.0,200.0,0.5,201.0
2023-04-28 13:47:09.25,1682660829250000000,3.5,3.0,2.5,3107.0,1458.0,42970.0,3.0,170.0,3.5,177.0,4.5,16.0,5.5,4.0,6.0,3.0,2.5,52.0,2.0,447.0,1.5,726.0,1.0,200.0,0.5,201.0
2023-04-28 13:53:18.5,1682661198500000000,3.5,3.0,2.5,3109.0,1460.0,43030.0,3.0,168.0,3.5,177.0,4.5,16.0,5.5,4.0,6.0,3.0,2.5,52.0,2.0,447.0,1.5,726.0,1.0,200.0,0.5,201.0
2023-04-28 13:53:46.5,1682661226500000000,3.5,3.0,2.5,3109.0,1460.0,43030.0,3.0,150.0,3.5,177.0,4.5,16.0,5.5,4.0,6.0,3.0,2.5,34.0,2.0,447.0,1.5,726.0,1.0,200.0,0.5,201.0
2023-04-28 13:54:02.0,1682661242000000000,3.5,3.0,2.5,3109.0,1460.0,43030.0,3.0,150.0,3.5,177.0,4.0,18.0,4.5,16.0,5.5,4.0,2.5,34.0,2.0,447.0,1.5,744.0,1.0,200.0,0.5,201.0
2023-04-28 13:54:02.75,1682661242750000000,3.5,3.0,2.5,3109.0,1460.0,43030.0,3.0,150.0,3.5,177.0,4.5,16.0,5.5,4.0,6.0,3.0,2.5,34.0,2.0,447.0,1.5,726.0,1.0,200.0,0.5,201.0
2023-04-28 13:54:05.0,1682661245000000000,3.5,3.0,2.5,3109.0,1460.0,43030.0,3.0,168.0,3.5,177.0,4.5,16.0,5.5,4.0,6.0,3.0,2.5,52.0,2.0,447.0,1.5,726.0,1.0,200.0,0.5,201.0
2023-04-28 13:56:22.25,1682661382250000000,3.5,3.0,2.5,3109.0,1460.0,43030.0,3.0,168.0,3.5,177.0,4.5,16.0,5.5,4.0,6.0,3.0,2.5,34.0,2.0,465.0,1.5,726.0,1.0,200.0,0.5,201.0
2023-04-28 13:56:39.0,1682661399000000000,3.5,3.0,2.5,3109.0,1460.0,43030.0,3.0,150.0,3.5,177.0,4.5,16.0,5.5,4.0,6.0,3.0,2.5,34.0,2.0,447.0,1.5,726.0,1.0,200.0,0.5,201.0
2023-04-28 13:56:39.25,1682661399250000000,3.5,3.0,2.5,3109.0,1460.0,43030.0,3.0,168.0,3.5,177.0,4.5,16.0,5.5,4.0,6.0,3.0,2.5,52.0,2.0,447.0,1.5,726.0,1.0,200.0,0.5,201.0
2023-04-28 13:57:27.75,1682661447750000000,3.5,3.0,2.5,3109.0,1460.0,43030.0,3.0,178.0,3.5,177.0,4.5,16.0,5.5,4.0,6.0,3.0,2.5,52.0,2.0,447.0,1.5,726.0,1.0,200.0,0.5,201.0
2023-04-28 13:59:40.0,1682661580000000000,3.5,3.0,2.5,3113.0,1464.0,43150.0,3.0,174.0,3.5,177.0,4.5,16.0,5.5,4.0,6.0,3.0,2.5,52.0,2.0,447.0,1.5,726.0,1.0,200.0,0.5,201.0
2023-04-28 14:02:17.0,1682661737000000000,3.5,3.0,2.5,3113.0,1464.0,43150.0,3.0,164.0,3.5,177.0,4.5,16.0,5.5,4.0,6.0,3.0,2.5,52.0,2.0,447.0,1.5,726.0,1.0,200.0,0.5,201.0
2023-04-28 14:02:31.25,1682661751250000000,3.5,3.0,2.5,3113.0,1464.0,43150.0,3.0,174.0,3.5,177.0,4.5,16.0,5.5,4.0,6.0,3.0,2.5,52.0,2.0,447.0,1.5,726.0,1.0,200.0,0.5,201.0
2023-04-28 14:12:24.0,1682662344000000000,3.5,3.0,2.5,3113.0,1464.0,43150.0,3.0,174.0,3.5,177.0,4.5,16.0,5.5,4.0,6.0,3.0,2.5,32.0,2.0,467.0,1.5,726.0,1.0,200.0,0.5,201.0
2023-04-28 14:13:22.0,1682662402000000000,3.5,3.0,2.5,3118.0,1469.0,43300.0,3.0,169.0,3.5,177.0,4.5,16.0,5.5,4.0,6.0,3.0,2.5,32.0,2.0,467.0,1.5,726.0,1.0,200.0,0.5,201.0
2023-04-28 14:13:24.75,1682662404750000000,3.5,3.0,2.5,3123.0,1474.0,43450.0,3.0,164.0,3.5,177.0,4.5,16.0,5.5,4.0,6.0,3.0,2.5,32.0,2.0,467.0,1.5,726.0,1.0,200.0,0.5,201.0
2023-04-28 14:13:28.0,1682662408000000000,3.5,3.0,2.5,3128.0,1479.0,43600.0,3.0,159.0,3.5,177.0,4.5,16.0,5.5,4.0,6.0,3.0,2.5,32.0,2.0,467.0,1.5,726.0,1.0,200.0,0.5,201.0
2023-04-28 14:19:34.25,1682662774250000000,3.5,3.0,2.5,3128.0,1479.0,43600.0,3.0,169.0,3.5,177.0,4.5,16.0,5.5,4.0,6.0,3.0,2.5,42.0,2.0,467.0,1.5,726.0,1.0,200.0,0.5,201.0
2023-04-28 14:20:44.5,1682662844500000000,3.5,3.0,2.5,3128.0,1479.0,43600.0,3.0,89.0,3.5,177.0,4.5,16.0,5.5,4.0,6.0,3.0,2.5,42.0,2.0,467.0,1.5,726.0,1.0,200.0,0.5,201.0
2023-04-28 14:24:18.5,1682663058500000000,3.5,3.0,2.5,3128.0,1479.0,43600.0,3.0,79.0,3.5,187.0,4.5,16.0,5.5,4.0,6.0,3.0,2.5,42.0,2.0,467.0,1.5,726.0,1.0,200.0,0.5,201.0
2023-04-28 14:26:19.75,1682663179750000000,3.5,3.0,2.5,3128.0,1479.0,43600.0,3.0,61.0,3.5,187.0,4.5,16.0,5.5,4.0,6.0,3.0,2.5,24.0,2.0,467.0,1.5,726.0,1.0,200.0,0.5,201.0
2023-04-28 14:27:24.75,1682663244750000000,3.5,3.0,2.5,3128.0,1479.0,43600.0,3.0,61.0,3.5,187.0,4.5,16.0,5.5,4.0,6.0,3.0,2.5,44.0,2.0,447.0,1.5,726.0,1.0,200.0,0.5,201.0
2023-04-28 14:28:20.75,1682663300750000000,3.5,3.0,2.5,3128.0,1479.0,43600.0,3.0,79.0,3.5,187.0,4.5,16.0,5.5,4.0,6.0,3.0,2.5,62.0,2.0,447.0,1.5,726.0,1.0,200.0,0.5,201.0
2023-04-28 14:28:21.0,1682663301000000000,3.5,3.0,2.5,3128.0,1479.0,43600.0,3.0,61.0,3.5,187.0,4.5,16.0,5.5,4.0,6.0,3.0,2.5,24.0,2.0,467.0,1.5,726.0,1.0,200.0,0.5,201.0
2023-04-28 14:29:19.25,1682663359250000000,3.5,3.0,2.5,3128.0,1479.0,43600.0,3.0,79.0,3.5,187.0,4.5,16.0,5.5,4.0,6.0,3.0,2.5,42.0,2.0,467.0,1.5,726.0,1.0,200.0,0.5,201.0
2023-04-28 14:29:21.5,1682663361500000000,3.5,3.0,2.5,3128.0,1479.0,43600.0,3.0,61.0,3.5,187.0,4.5,16.0,5.5,4.0,6.0,3.0,2.5,24.0,2.0,467.0,1.5,726.0,1.0,200.0,0.5,201.0
2023-04-28 14:29:24.75,1682663364750000000,3.5,3.0,2.5,3128.0,1479.0,43600.0,3.0,61.0,3.5,187.0,4.5,16.0,5.5,4.0,6.0,3.0,2.5,24.0,2.0,466.0,1.5,726.0,1.0,200.0,0.5,201.0
2023-04-28 14:29:25.0,1682663365000000000,3.5,3.0,2.5,3129.0,1480.0,43630.0,3.0,60.0,3.5,187.0,4.5,16.0,5.5,4.0,6.0,3.0,2.5,24.0,2.0,466.0,1.5,726.0,1.0,200.0,0.5,201.0
2023-04-28 14:29:54.25,1682663394250000000,3.5,3.0,2.5,3129.0,1480.0,43630.0,3.0,78.0,3.5,187.0,4.5,16.0,5.5,4.0,6.0,3.0,2.5,42.0,2.0,466.0,1.5,726.0,1.0,200.0,0.5,201.0
2023-04-28 14:29:55.0,1682663395000000000,3.5,3.0,2.5,3129.0,1480.0,43630.0,3.0,60.0,3.5,187.0,4.5,16.0,5.5,4.0,6.0,3.0,2.5,24.0,2.0,466.0,1.5,726.0,1.0,200.0,0.5,201.0
2023-04-28 14:31:58.0,1682663518000000000,3.5,3.0,2.5,3129.0,1480.0,43630.0,3.0,60.0,3.5,187.0,4.5,16.0,5.5,4.0,6.0,3.0,2.5,24.0,2.0,446.0,1.5,726.0,1.0,200.0,0.5,201.0
2023-04-28 14:32:47.25,1682663567250000000,3.5,3.0,2.5,3129.0,1480.0,43630.0,3.0,78.0,3.5,187.0,4.5,16.0,5.5,4.0,6.0,3.0,2.5,42.0,2.0,446.0,1.5,726.0,1.0,200.0,0.5,201.0
2023-04-28 14:33:16.5,1682663596500000000,3.5,3.0,2.5,3129.0,1480.0,43630.0,3.0,98.0,3.5,187.0,4.5,16.0,5.5,4.0,6.0,3.0,2.5,42.0,2.0,466.0,1.5,726.0,1.0,200.0,0.5,201.0
2023-04-28 14:33:52.0,1682663632000000000,3.5,3.0,2.5,3129.0,1480.0,43630.0,3.0,78.0,3.5,187.0,4.5,16.0,5.5,4.0,6.0,3.0,2.5,42.0,2.0,446.0,1.5,726.0,1.0,200.0,0.5,201.0
2023-04-28 14:33:55.75,1682663635750000000,3.5,2.5,2.5,3144.0,1516.0,44530.0,3.0,67.0,3.5,187.0,4.5,16.0,5.5,4.0,6.0,3.0,2.0,446.0,1.5,726.0,1.0,218.0,0.5,201.0,,0.0
2023-04-28 14:33:56.0,1682663636000000000,3.5,2.5,2.5,3144.0,1516.0,44530.0,3.0,68.0,3.5,187.0,4.5,16.0,5.5,4.0,6.0,3.0,2.0,447.0,1.5,726.0,1.0,218.0,0.5,201.0,,0.0
2023-04-28 14:33:56.25,1682663636250000000,3.5,2.5,2.5,3144.0,1516.0,44530.0,3.0,78.0,3.5,177.0,4.5,16.0,5.5,4.0,6.0,3.0,2.5,11.0,2.0,446.0,1.5,726.0,1.0,218.0,0.5,201.0
2023-04-28 14:34:00.75,1682663640750000000,3.5,2.5,2.5,3144.0,1516.0,44530.0,3.0,88.0,3.5,177.0,4.5,16.0,5.5,4.0,6.0,3.0,2.5,21.0,2.0,446.0,1.5,726.0,1.0,218.0,0.5,201.0
2023-04-28 14:34:01.75,1682663641750000000,3.5,2.5,2.5,3144.0,1516.0,44530.0,3.0,88.0,3.5,177.0,4.5,16.0,5.5,4.0,6.0,3.0,2.5,39.0,2.0,446.0,1.5,726.0,1.0,200.0,0.5,201.0
2023-04-28 14:35:39.75,1682663739750000000,3.5,2.5,2.5,3144.0,1516.0,44530.0,3.0,70.0,3.5,177.0,4.5,16.0,5.5,4.0,6.0,3.0,2.5,21.0,2.0,446.0,1.5,726.0,1.0,200.0,0.5,201.0
2023-04-28 14:36:01.75,1682663761750000000,3.5,2.5,2.5,3144.0,1516.0,44530.0,3.0,88.0,3.5,177.0,4.5,16.0,5.5,4.0,6.0,3.0,2.5,39.0,2.0,446.0,1.5,726.0,1.0,200.0,0.5,201.0
2023-04-28 14:36:03.75,1682663763750000000,3.5,2.5,2.5,3144.0,1516.0,44530.0,3.0,70.0,3.5,177.0,4.5,16.0,5.5,4.0,6.0,3.0,2.5,21.0,2.0,446.0,1.5,726.0,1.0,200.0,0.5,201.0
2023-04-28 14:36:37.25,1682663797250000000,3.5,2.5,2.5,3144.0,1516.0,44530.0,3.0,69.0,3.5,177.0,4.5,16.0,5.5,4.0,6.0,3.0,2.5,20.0,2.0,446.0,1.5,726.0,1.0,200.0,0.5,201.0
2023-04-28 14:37:02.5,1682663822500000000,3.5,2.5,2.5,3144.0,1516.0,44530.0,3.0,69.0,3.5,177.0,4.5,16.0,5.5,4.0,6.0,3.0,2.5,20.0,2.0,449.0,1.5,726.0,1.0,200.0,0.5,201.0
2023-04-28 14:37:21.5,1682663841500000000,3.5,2.5,2.5,3144.0,1516.0,44530.0,3.0,87.0,3.5,177.0,4.5,16.0,5.5,4.0,6.0,3.0,2.5,38.0,2.0,449.0,1.5,726.0,1.0,200.0,0.5,201.0
2023-04-28 14:37:22.5,1682663842500000000,3.5,2.5,2.5,3144.0,1516.0,44530.0,3.0,69.0,3.5,177.0,4.5,16.0,5.5,4.0,6.0,3.0,2.5,20.0,2.0,449.0,1.5,726.0,1.0,200.0,0.5,201.0
2023-04-28 14:38:04.5,1682663884500000000,3.5,2.5,2.5,3144.0,1516.0,44530.0,3.0,69.0,3.5,1.0,4.5,16.0,5.5,4.0,6.0,3.0,2.5,20.0,2.0,449.0,1.5,726.0,1.0,200.0,0.5,201.0
2023-04-28 14:38:08.25,1682663888250000000,3.5,2.5,2.5,3144.0,1516.0,44530.0,3.0,87.0,3.5,1.0,4.5,16.0,5.5,4.0,6.0,3.0,2.5,38.0,2.0,449.0,1.5,726.0,1.0,200.0,0.5,201.0
2023-04-28 14:38:10.75,1682663890750000000,3.5,2.5,2.5,3144.0,1516.0,44530.0,3.0,69.0,3.5,1.0,4.5,16.0,5.5,4.0,6.0,3.0,2.5,20.0,2.0,449.0,1.5,726.0,1.0,200.0,0.5,201.0
2023-04-28 14:38:15.5,1682663895500000000,3.5,2.5,2.5,3144.0,1516.0,44530.0,3.0,87.0,3.5,1.0,4.5,16.0,5.5,4.0,6.0,3.0,2.5,38.0,2.0,449.0,1.5,726.0,1.0,200.0,0.5,201.0
2023-04-28 14:39:59.25,1682663999250000000,3.5,2.5,2.5,3144.0,1516.0,44530.0,3.0,69.0,3.5,1.0,4.5,16.0,5.5,4.0,6.0,3.0,2.5,20.0,2.0,449.0,1.5,726.0,1.0,200.0,0.5,201.0
2023-04-28 14:41:01.75,1682664061750000000,3.5,2.5,2.5,3144.0,1516.0,44530.0,3.0,87.0,3.5,1.0,4.5,16.0,5.5,4.0,6.0,3.0,2.5,38.0,2.0,449.0,1.5,726.0,1.0,200.0,0.5,201.0
2023-04-28 14:41:02.5,1682664062500000000,3.5,2.5,2.5,3144.0,1516.0,44530.0,3.0,69.0,3.5,1.0,4.5,16.0,5.5,4.0,6.0,3.0,2.5,20.0,2.0,449.0,1.5,726.0,1.0,200.0,0.5,201.0
2023-04-28 14:41:20.75,1682664080750000000,3.5,2.5,2.5,3144.0,1516.0,44530.0,3.0,87.0,3.5,1.0,4.5,16.0,5.5,4.0,6.0,3.0,2.5,38.0,2.0,449.0,1.5,726.0,1.0,200.0,0.5,201.0
2023-04-28 14:45:18.25,1682664318250000000,3.5,2.5,2.5,3144.0,1516.0,44530.0,3.0,87.0,3.5,1.0,4.5,16.0,5.5,4.0,6.0,3.0,2.5,38.0,2.0,449.0,1.5,826.0,1.0,200.0,0.5,201.0
2023-04-28 14:46:40.5,1682664400500000000,3.5,2.5,2.5,3144.0,1516.0,44530.0,3.0,107.0,3.5,1.0,4.5,16.0,5.5,4.0,6.0,3.0,2.5,38.0,2.0,449.0,1.5,826.0,1.0,200.0,0.5,201.0
2023-04-28 14:48:30.5,1682664510500000000,3.5,2.5,2.5,3144.0,1516.0,44530.0,3.0,89.0,3.5,1.0,4.5,16.0,5.5,4.0,6.0,3.0,2.5,20.0,2.0,449.0,1.5,826.0,1.0,200.0,0.5,201.0
2023-04-28 14:48:39.0,1682664519000000000,3.5,2.5,2.5,3144.0,1516.0,44530.0,3.0,107.0,3.5,1.0,4.5,16.0,5.5,4.0,6.0,3.0,2.5,38.0,2.0,449.0,1.5,826.0,1.0,200.0,0.5,201.0
2023-04-28 14:50:09.75,1682664609750000000,3.5,3.0,2.5,3147.0,1519.0,44620.0,3.0,104.0,3.5,1.0,4.5,16.0,5.5,4.0,6.0,3.0,2.5,38.0,2.0,449.0,1.5,826.0,1.0,200.0,0.5,201.0
2023-04-28 14:50:32.5,1682664632500000000,3.5,2.5,2.5,3152.0,1544.0,45245.0,3.0,94.0,3.5,1.0,4.5,16.0,5.5,4.0,6.0,3.0,2.5,13.0,2.0,449.0,1.5,826.0,1.0,200.0,0.5,201.0
2023-04-28 14:50:32.75,1682664632750000000,3.5,2.5,2.5,3152.0,1544.0,45245.0,3.0,94.0,3.5,1.0,4.5,16.0,5.5,4.0,6.0,3.0,2.0,477.0,1.5,826.0,1.0,200.0,0.5,201.0,,0.0
2023-04-28 14:50:37.75,1682664637750000000,3.5,2.5,2.5,3152.0,1544.0,45245.0,3.0,104.0,3.5,1.0,4.5,16.0,5.5,4.0,6.0,3.0,2.0,487.0,1.5,826.0,1.0,200.0,0.5,201.0,,0.0
2023-04-28 14:50:45.25,1682664645250000000,3.5,2.5,2.5,3152.0,1544.0,45245.0,3.0,104.0,3.5,1.0,4.5,16.0,5.5,4.0,6.0,3.0,2.5,11.0,2.0,477.0,1.5,826.0,1.0,200.0,0.5,201.0
2023-04-28 14:50:46.0,1682664646000000000,3.5,2.5,2.5,3152.0,1544.0,45245.0,3.0,104.0,3.5,1.0,4.5,16.0,5.5,4.0,6.0,3.0,2.5,29.0,2.0,459.0,1.5,826.0,1.0,200.0,0.5,201.0
2023-04-28 14:51:28.75,1682664688750000000,3.5,3.0,2.5,3153.0,1545.0,45275.0,3.0,103.0,3.5,1.0,4.5,16.0,5.5,4.0,6.0,3.0,2.5,29.0,2.0,459.0,1.5,826.0,1.0,200.0,0.5,201.0
2023-04-28 14:51:30.5,1682664690500000000,3.5,3.0,2.5,3154.0,1546.0,45305.0,3.0,102.0,3.5,1.0,4.5,16.0,5.5,4.0,6.0,3.0,2.5,29.0,2.0,459.0,1.5,826.0,1.0,200.0,0.5,201.0
2023-04-28 14:51:32.5,1682664692500000000,3.5,3.0,2.5,3155.0,1547.0,45335.0,3.0,101.0,3.5,1.0,4.5,16.0,5.5,4.0,6.0,3.0,2.5,29.0,2.0,459.0,1.5,826.0,1.0,200.0,0.5,201.0
2023-04-28 14:51:49.25,1682664709250000000,3.5,3.0,2.5,3155.0,1547.0,45335.0,3.0,91.0,3.5,1.0,4.5,16.0,5.5,4.0,6.0,3.0,2.5,29.0,2.0,459.0,1.5,826.0,1.0,200.0,0.5,201.0
2023-04-28 14:51:54.75,1682664714750000000,3.5,2.5,2.5,3146.0,1557.0,45585.0,3.0,81.0,3.5,1.0,4.5,16.0,5.5,4.0,6.0,3.0,2.5,18.0,2.0,459.0,1.5,826.0,1.0,200.0,0.5,201.0
2023-04-28 14:51:59.75,1682664719750000000,3.5,2.5,2.5,3146.0,1557.0,45585.0,3.0,91.0,3.5,1.0,4.5,16.0,5.5,4.0,6.0,3.0,2.5,28.0,2.0,459.0,1.5,826.0,1.0,200.0,0.5,201.0
2023-04-28 14:53:47.75,1682664827750000000,3.5,2.5,2.5,3146.0,1557.0,45585.0,3.0,73.0,3.5,1.0,4.5,16.0,5.5,4.0,6.0,3.0,2.5,10.0,2.0,459.0,1.5,826.0,1.0,200.0,0.5,201.0
2023-04-28 14:53:57.0,1682664837000000000,3.5,2.5,2.5,3146.0,1557.0,45585.0,3.0,91.0,3.5,1.0,4.5,16.0,5.5,4.0,6.0,3.0,2.5,28.0,2.0,459.0,1.5,826.0,1.0,200.0,0.5,201.0
2023-04-28 14:55:32.0,1682664932000000000,3.5,2.5,2.5,3146.0,1557.0,45585.0,3.0,91.0,3.5,1.0,4.5,16.0,5.5,4.0,6.0,3.0,2.5,28.0,2.0,459.0,1.5,726.0,1.0,200.0,0.5,201.0
2023-04-28 14:56:29.75,1682664989750000000,3.5,2.5,2.5,3146.0,1557.0,45585.0,3.0,71.0,3.5,1.0,4.5,16.0,5.5,4.0,6.0,3.0,2.5,28.0,2.0,459.0,1.5,726.0,1.0,200.0,0.5,201.0
2023-04-28 14:56:32.0,1682664992000000000,3.5,2.5,2.5,3146.0,1557.0,45585.0,3.0,61.0,3.5,1.0,4.5,16.0,5.5,4.0,6.0,3.0,2.5,28.0,2.0,449.0,1.5,726.0,1.0,200.0,0.5,201.0
2023-04-28 14:57:02.75,1682665022750000000,3.5,2.5,2.5,3136.0,1577.0,46085.0,3.0,51.0,3.5,1.0,4.5,16.0,5.5,4.0,6.0,3.0,2.0,449.0,1.5,726.0,1.0,218.0,0.5,201.0,,0.0
2023-04-28 14:57:08.25,1682665028250000000,3.5,2.5,2.5,3136.0,1577.0,46085.0,3.0,61.0,3.5,1.0,4.5,16.0,5.5,4.0,6.0,3.0,2.0,459.0,1.5,726.0,1.0,218.0,0.5,201.0,,0.0
2023-04-28 14:57:08.75,1682665028750000000,3.5,2.5,2.5,3136.0,1577.0,46085.0,3.0,61.0,3.5,1.0,4.5,16.0,5.5,4.0,6.0,3.0,2.5,28.0,2.0,449.0,1.5,726.0,1.0,200.0,0.5,201.0
2023-04-28 14:58:38.5,1682665118500000000,3.5,2.5,2.5,3136.0,1577.0,46085.0,3.0,51.0,3.5,1.0,4.5,16.0,5.5,4.0,6.0,3.0,2.5,18.0,2.0,449.0,1.5,726.0,1.0,200.0,0.5,201.0
2023-04-28 14:59:04.0,1682665144000000000,3.5,2.5,2.5,3136.0,1577.0,46085.0,3.0,33.0,3.5,1.0,4.5,16.0,5.5,4.0,6.0,3.0,2.0,449.0,1.5,726.0,1.0,200.0,0.5,201.0,,0.0
2023-04-28 14:59:11.0,1682665151000000000,3.5,2.5,2.5,3136.0,1577.0,46085.0,3.0,51.0,3.5,1.0,4.5,16.0,5.5,4.0,6.0,3.0,2.5,18.0,2.0,449.0,1.5,726.0,1.0,200.0,0.5,201.0
2023-04-28 14:59:19.25,1682665159250000000,3.5,2.5,2.5,3136.0,1577.0,46085.0,3.0,33.0,3.5,1.0,4.5,16.0,5.5,4.0,6.0,3.0,2.0,449.0,1.5,726.0,1.0,200.0,0.5,201.0,,0.0
2023-04-28 14:59:21.25,1682665161250000000,3.5,2.5,2.5,3136.0,1577.0,46085.0,3.0,33.0,3.5,1.0,4.5,16.0,5.5,4.0,6.0,3.0,2.0,449.0,1.5,626.0,0.5,1.0,,0.0,,0.0
2023-04-28 14:59:57.0,1682665197000000000,3.5,2.5,2.5,3136.0,1577.0,46085.0,3.0,33.0,3.5,1.0,4.5,16.0,5.5,4.0,6.0,3.0,2.0,449.0,1.5,526.0,0.5,1.0,,0.0,,0.0
