datetime,datetime_nano,highest,last_price,lowest,open_interest,volume,amount,ask_price1,ask_volume1,ask_price2,ask_volume2,ask_price3,ask_volume3,ask_price4,ask_volume4,ask_price5,ask_volume5,bid_price1,bid_volume1,bid_price2,bid_volume2,bid_price3,bid_volume3,bid_price4,bid_volume4,bid_price5,bid_volume5
2023-04-27 20:55:59.0,1682600159000000000,,,,4461.0,0.0,0.0,,0.0,,0.0,,0.0,,0.0,,0.0,,0.0,,0.0,,0.0,,0.0,,0.0
2023-04-27 20:59:00.0,1682600340000000000,,,,4461.0,0.0,0.0,630.0,1.0,,0.0,,0.0,,0.0,,0.0,132.0,1.0,102.0,4.0,88.0,6.0,66.0,2.0,51.0,20.0
2023-04-27 21:00:00.0,1682600400000000000,,,,4461.0,0.0,0.0,630.0,1.0,,0.0,,0.0,,0.0,,0.0,457.0,1.0,132.0,1.0,102.0,4.0,88.0,6.0,66.0,2.0
2023-04-27 21:00:00.25,1682600400250000000,,,,4461.0,0.0,0.0,596.0,24.0,628.5,1.0,629.5,10.0,630.0,1.0,,0.0,458.5,1.0,457.5,10.0,457.0,1.0,400.5,24.0,132.0,1.0
2023-04-27 21:00:01.5,1682600401500000000,,,,4461.0,0.0,0.0,595.5,10.0,596.0,24.0,628.5,1.0,630.0,1.0,,0.0,459.0,10.0,458.5,1.0,457.0,1.0,400.5,24.0,132.0,1.0
2023-04-27 21:00:02.0,1682600402000000000,,,,4461.0,0.0,0.0,595.5,10.0,596.0,24.0,630.0,1.0,,0.0,,0.0,459.0,10.0,458.5,1.0,457.0,1.0,400.5,24.0,132.0,1.0
2023-04-27 21:00:02.75,1682600402750000000,,,,4461.0,0.0,0.0,595.5,10.0,596.0,24.0,630.0,1.0,,0.0,,0.0,459.0,10.0,457.0,1.0,400.5,24.0,132.0,1.0,102.0,4.0
2023-04-27 21:00:03.25,1682600403250000000,,,,4461.0,0.0,0.0,592.5,10.0,595.5,10.0,596.0,24.0,630.0,1.0,,0.0,462.0,10.0,459.0,10.0,457.0,1.0,400.5,24.0,132.0,1.0
2023-04-27 21:00:03.5,1682600403500000000,,,,4461.0,0.0,0.0,567.5,24.0,592.5,10.0,595.5,10.0,630.0,1.0,,0.0,462.0,10.0,459.0,10.0,457.0,1.0,400.5,24.0,132.0,1.0
2023-04-27 21:00:04.0,1682600404000000000,,,,4461.0,0.0,0.0,567.5,24.0,592.0,10.0,592.5,10.0,630.0,1.0,,0.0,462.5,10.0,462.0,10.0,457.0,1.0,400.5,24.0,132.0,1.0
2023-04-27 21:00:04.25,1682600404250000000,,,,4461.0,0.0,0.0,567.5,24.0,592.0,10.0,630.0,1.0,,0.0,,0.0,462.5,10.0,462.0,10.0,457.0,1.0,400.5,24.0,132.0,1.0
2023-04-27 21:00:04.5,1682600404500000000,,,,4461.0,0.0,0.0,567.0,20.0,567.5,24.0,630.0,1.0,,0.0,,0.0,496.0,24.0,463.5,1.0,463.0,10.0,462.5,10.0,457.0,1.0
2023-04-27 21:00:04.75,1682600404750000000,,,,4461.0,0.0,0.0,564.5,10.0,567.0,20.0,567.5,24.0,630.0,1.0,,0.0,496.0,24.0,463.5,1.0,463.0,10.0,462.5,10.0,457.0,1.0
2023-04-27 21:00:05.0,1682600405000000000,,,,4461.0,0.0,0.0,564.5,10.0,567.0,20.0,567.5,24.0,630.0,1.0,,0.0,496.0,24.0,463.5,1.0,462.5,10.0,457.0,1.0,132.0,1.0
2023-04-27 21:00:05.25,1682600405250000000,,,,4461.0,0.0,0.0,564.0,10.0,567.5,24.0,630.0,1.0,,0.0,,0.0,499.0,10.0,496.5,20.0,496.0,24.0,457.0,1.0,132.0,1.0
2023-04-27 21:00:05.5,1682600405500000000,,,,4461.0,0.0,0.0,561.5,10.0,563.5,10.0,564.0,10.0,567.5,24.0,630.0,1.0,496.5,10.0,496.0,24.0,457.0,1.0,132.0,1.0,102.0,4.0
2023-04-27 21:00:05.75,1682600405750000000,,,,4461.0,0.0,0.0,567.0,10.0,567.5,24.0,630.0,1.0,,0.0,,0.0,502.0,10.0,499.5,10.0,496.0,24.0,457.0,1.0,132.0,1.0
2023-04-27 21:00:06.0,1682600406000000000,,,,4461.0,0.0,0.0,558.5,10.0,561.0,10.0,566.5,10.0,567.5,24.0,630.0,1.0,502.5,10.0,502.0,10.0,497.0,10.0,496.0,24.0,457.0,1.0
2023-04-27 21:00:06.25,1682600406250000000,,,,4461.0,0.0,0.0,561.0,10.0,567.5,24.0,630.0,1.0,,0.0,,0.0,502.5,10.0,497.0,10.0,496.0,24.0,457.0,1.0,132.0,1.0
2023-04-27 21:00:06.5,1682600406500000000,,,,4461.0,0.0,0.0,560.5,10.0,561.0,10.0,567.5,24.0,630.0,1.0,,0.0,502.5,10.0,497.0,10.0,496.0,24.0,457.0,1.0,132.0,1.0
2023-04-27 21:00:07.5,1682600407500000000,,,,4461.0,0.0,0.0,560.0,10.0,560.5,10.0,567.5,24.0,630.0,1.0,,0.0,502.5,10.0,499.5,10.0,496.0,24.0,457.0,1.0,132.0,1.0
2023-04-27 21:00:07.75,1682600407750000000,,,,4461.0,0.0,0.0,560.0,10.0,567.5,24.0,630.0,1.0,,0.0,,0.0,499.5,10.0,496.0,24.0,457.0,1.0,132.0,1.0,102.0,4.0
2023-04-27 21:00:08.5,1682600408500000000,,,,4461.0,0.0,0.0,523.5,10.0,560.0,10.0,567.5,24.0,630.0,1.0,,0.0,499.5,10.0,496.0,34.0,457.0,1.0,132.0,1.0,102.0,4.0
2023-04-27 21:00:08.75,1682600408750000000,,,,4461.0,0.0,0.0,522.5,10.0,538.0,10.0,567.5,24.0,630.0,1.0,,0.0,496.5,10.0,496.0,34.0,457.0,1.0,132.0,1.0,102.0,4.0
2023-04-27 21:00:09.0,1682600409000000000,,,,4461.0,0.0,0.0,522.5,10.0,535.0,10.0,538.0,10.0,567.5,24.0,630.0,1.0,499.5,10.0,496.5,10.0,496.0,34.0,457.0,1.0,132.0,1.0
2023-04-27 21:00:09.25,1682600409250000000,,,,4461.0,0.0,0.0,535.0,10.0,551.0,10.0,567.5,24.0,630.0,1.0,,0.0,499.5,20.0,496.5,10.0,496.0,24.0,457.0,1.0,132.0,1.0
2023-04-27 21:00:09.5,1682600409500000000,,,,4461.0,0.0,0.0,535.0,10.0,551.0,10.0,567.5,24.0,630.0,1.0,,0.0,499.5,10.0,496.5,10.0,496.0,24.0,457.0,1.0,132.0,1.0
2023-04-27 21:00:10.25,1682600410250000000,,,,4461.0,0.0,0.0,535.0,10.0,551.0,10.0,630.0,1.0,,0.0,,0.0,499.5,10.0,496.5,10.0,457.0,1.0,132.0,1.0,118.5,1.0
2023-04-27 21:00:10.5,1682600410500000000,,,,4461.0,0.0,0.0,535.0,10.0,551.0,10.0,630.0,1.0,,0.0,,0.0,500.0,10.0,499.5,10.0,496.5,10.0,457.0,1.0,132.0,1.0
2023-04-27 21:00:10.75,1682600410750000000,,,,4461.0,0.0,0.0,535.0,10.0,551.0,10.0,630.0,1.0,,0.0,,0.0,503.0,10.0,496.5,10.0,457.0,1.0,132.0,1.0,118.5,1.0
2023-04-27 21:00:11.5,1682600411500000000,,,,4461.0,0.0,0.0,535.0,10.0,550.5,11.0,551.0,10.0,630.0,1.0,,0.0,499.5,10.0,496.5,10.0,486.0,11.0,457.0,1.0,132.0,1.0
2023-04-27 21:00:16.0,1682600416000000000,,,,4461.0,0.0,0.0,535.0,10.0,550.5,11.0,551.0,10.0,630.0,1.0,,0.0,499.0,10.0,496.5,10.0,486.0,11.0,457.0,1.0,132.0,1.0
2023-04-27 21:00:16.25,1682600416250000000,,,,4461.0,0.0,0.0,535.0,10.0,544.5,10.0,550.5,11.0,630.0,1.0,,0.0,497.5,10.0,490.5,10.0,486.0,11.0,457.0,1.0,132.0,1.0
2023-04-27 21:00:16.5,1682600416500000000,,,,4461.0,0.0,0.0,535.0,10.0,544.5,10.0,550.5,11.0,630.0,1.0,,0.0,493.5,10.0,490.5,10.0,486.0,11.0,457.0,1.0,132.0,1.0
2023-04-27 21:00:24.25,1682600424250000000,,,,4461.0,0.0,0.0,519.5,10.0,535.0,10.0,544.5,10.0,550.5,11.0,630.0,1.0,493.5,10.0,490.5,20.0,486.0,11.0,457.0,1.0,132.0,1.0
2023-04-27 21:00:24.5,1682600424500000000,,,,4461.0,0.0,0.0,519.5,10.0,535.0,10.0,544.5,10.0,550.5,11.0,630.0,1.0,494.0,10.0,493.5,10.0,490.5,20.0,486.0,11.0,457.0,1.0
2023-04-27 21:00:24.75,1682600424750000000,,,,4461.0,0.0,0.0,521.0,10.0,535.0,10.0,544.5,10.0,550.5,11.0,630.0,1.0,497.0,10.0,494.0,10.0,493.5,10.0,490.5,10.0,486.0,11.0
2023-04-27 21:00:25.0,1682600425000000000,,,,4461.0,0.0,0.0,521.0,10.0,535.0,10.0,544.5,10.0,550.5,11.0,630.0,1.0,497.0,10.0,493.5,10.0,490.5,10.0,486.0,11.0,457.0,1.0
2023-04-27 21:00:25.25,1682600425250000000,,,,4461.0,0.0,0.0,521.0,10.0,535.0,10.0,544.5,10.0,550.5,11.0,630.0,1.0,497.0,20.0,493.5,10.0,490.5,10.0,486.0,11.0,457.0,1.0
2023-04-27 21:00:26.0,1682600426000000000,,,,4461.0,0.0,0.0,521.0,10.0,535.0,10.0,544.5,10.0,550.5,11.0,630.0,1.0,497.0,10.0,493.5,10.0,490.5,10.0,486.0,11.0,457.0,1.0
2023-04-27 21:00:27.5,1682600427500000000,,,,4461.0,0.0,0.0,519.5,10.0,535.0,10.0,544.5,10.0,550.5,11.0,630.0,1.0,497.0,10.0,490.5,20.0,486.0,11.0,457.0,1.0,132.0,1.0
2023-04-27 21:00:28.25,1682600428250000000,,,,4461.0,0.0,0.0,535.0,10.0,544.5,10.0,550.5,11.0,630.0,1.0,,0.0,497.0,10.0,490.5,10.0,486.0,11.0,457.0,1.0,132.0,1.0
2023-04-27 21:00:38.25,1682600438250000000,,,,4461.0,0.0,0.0,535.0,10.0,544.5,10.0,550.5,11.0,630.0,1.0,,0.0,493.5,10.0,490.5,10.0,486.0,11.0,457.0,1.0,132.0,1.0
2023-04-27 21:00:45.25,1682600445250000000,,,,4461.0,0.0,0.0,535.0,10.0,544.5,10.0,550.5,11.0,630.0,1.0,,0.0,493.5,10.0,490.5,10.0,486.0,11.0,132.0,1.0,118.5,1.0
2023-04-27 21:00:45.5,1682600445500000000,,,,4461.0,0.0,0.0,535.0,20.0,544.5,10.0,550.5,11.0,630.0,1.0,,0.0,493.5,10.0,490.5,10.0,486.0,11.0,132.0,1.0,118.5,1.0
2023-04-27 21:00:46.0,1682600446000000000,,,,4461.0,0.0,0.0,535.0,10.0,544.5,10.0,550.5,11.0,630.0,1.0,,0.0,493.5,10.0,490.5,10.0,486.0,11.0,132.0,1.0,118.5,1.0
2023-04-27 21:00:46.25,1682600446250000000,,,,4461.0,0.0,0.0,535.0,20.0,544.5,10.0,550.5,11.0,630.0,1.0,,0.0,493.5,10.0,490.5,10.0,486.0,11.0,132.0,1.0,118.5,1.0
2023-04-27 21:00:50.5,1682600450500000000,,,,4461.0,0.0,0.0,535.0,20.0,537.5,10.0,550.5,11.0,630.0,1.0,,0.0,492.5,10.0,486.0,11.0,484.5,10.0,132.0,1.0,118.5,1.0
2023-04-27 21:00:50.75,1682600450750000000,,,,4461.0,0.0,0.0,532.0,10.0,535.0,10.0,537.5,10.0,550.5,11.0,630.0,1.0,492.5,10.0,486.0,11.0,484.5,10.0,132.0,1.0,118.5,1.0
2023-04-27 21:00:51.0,1682600451000000000,,,,4461.0,0.0,0.0,532.0,10.0,537.5,10.0,550.5,11.0,630.0,1.0,,0.0,492.5,10.0,486.0,11.0,484.5,10.0,132.0,1.0,118.5,1.0
2023-04-27 21:00:52.0,1682600452000000000,,,,4461.0,0.0,0.0,532.0,10.0,537.5,10.0,550.5,11.0,630.0,1.0,,0.0,489.0,10.0,486.0,11.0,484.5,10.0,132.0,1.0,118.5,1.0
2023-04-27 21:00:52.25,1682600452250000000,,,,4461.0,0.0,0.0,532.0,20.0,537.5,10.0,550.5,11.0,630.0,1.0,,0.0,489.0,10.0,486.0,11.0,484.5,10.0,132.0,1.0,118.5,1.0
2023-04-27 21:00:52.5,1682600452500000000,,,,4461.0,0.0,0.0,532.0,10.0,537.5,10.0,550.5,11.0,630.0,1.0,,0.0,489.0,10.0,486.0,11.0,484.5,10.0,132.0,1.0,118.5,1.0
2023-04-27 21:01:00.5,1682600460500000000,,,,4461.0,0.0,0.0,532.0,10.0,544.5,10.0,550.5,11.0,630.0,1.0,,0.0,489.5,10.0,489.0,10.0,486.0,11.0,132.0,1.0,118.5,1.0
2023-04-27 21:01:00.75,1682600460750000000,,,,4461.0,0.0,0.0,532.0,10.0,544.5,10.0,550.5,11.0,630.0,1.0,,0.0,492.5,10.0,490.0,10.0,489.5,10.0,486.0,11.0,132.0,1.0
2023-04-27 21:01:01.0,1682600461000000000,,,,4461.0,0.0,0.0,532.0,10.0,544.5,10.0,550.5,11.0,630.0,1.0,,0.0,492.5,10.0,489.5,10.0,486.0,11.0,132.0,1.0,118.5,1.0
2023-04-27 21:01:01.25,1682600461250000000,,,,4461.0,0.0,0.0,532.0,10.0,544.5,10.0,550.5,11.0,630.0,1.0,,0.0,493.0,10.0,492.5,10.0,489.5,10.0,486.0,11.0,132.0,1.0
2023-04-27 21:01:01.5,1682600461500000000,,,,4461.0,0.0,0.0,541.5,10.0,544.5,10.0,550.5,11.0,630.0,1.0,,0.0,496.0,10.0,493.0,10.0,489.5,10.0,486.0,11.0,132.0,1.0
2023-04-27 21:01:01.75,1682600461750000000,,,,4461.0,0.0,0.0,541.5,10.0,544.5,10.0,550.5,11.0,630.0,1.0,,0.0,496.0,10.0,489.5,10.0,486.0,11.0,132.0,1.0,118.5,1.0
2023-04-27 21:01:02.0,1682600462000000000,,,,4461.0,0.0,0.0,541.5,10.0,544.5,10.0,550.5,11.0,630.0,1.0,,0.0,496.5,10.0,496.0,10.0,489.5,10.0,486.0,11.0,132.0,1.0
2023-04-27 21:01:02.25,1682600462250000000,,,,4461.0,0.0,0.0,541.5,10.0,544.5,10.0,550.5,11.0,630.0,1.0,,0.0,499.5,10.0,496.5,10.0,489.5,10.0,486.0,11.0,132.0,1.0
2023-04-27 21:01:02.5,1682600462500000000,,,,4461.0,0.0,0.0,541.5,10.0,544.5,10.0,550.5,11.0,630.0,1.0,,0.0,499.5,10.0,489.5,10.0,486.0,11.0,132.0,1.0,118.5,1.0
2023-04-27 21:01:05.5,1682600465500000000,,,,4461.0,0.0,0.0,541.5,10.0,544.5,10.0,550.5,11.0,630.0,1.0,,0.0,499.5,10.0,498.5,7.0,489.5,10.0,486.0,11.0,132.0,1.0
2023-04-27 21:01:06.0,1682600466000000000,,,,4461.0,0.0,0.0,541.5,10.0,549.5,10.0,550.5,11.0,630.0,1.0,,0.0,499.5,10.0,498.5,7.0,495.5,10.0,486.0,11.0,132.0,1.0
2023-04-27 21:01:08.0,1682600468000000000,,,,4461.0,0.0,0.0,522.5,10.0,541.5,10.0,549.5,10.0,550.5,11.0,630.0,1.0,499.5,10.0,498.5,17.0,495.5,10.0,486.0,11.0,132.0,1.0
2023-04-27 21:01:08.25,1682600468250000000,,,,4461.0,0.0,0.0,521.0,10.0,541.5,10.0,549.5,10.0,550.5,11.0,630.0,1.0,499.5,10.0,498.5,17.0,495.5,10.0,486.0,11.0,132.0,1.0
2023-04-27 21:01:08.5,1682600468500000000,,,,4461.0,0.0,0.0,522.0,10.0,541.5,10.0,549.5,10.0,550.5,11.0,630.0,1.0,499.5,10.0,498.5,17.0,495.5,10.0,486.0,11.0,132.0,1.0
2023-04-27 21:01:08.75,1682600468750000000,,,,4461.0,0.0,0.0,522.0,10.0,538.5,10.0,541.5,10.0,550.5,11.0,630.0,1.0,500.0,10.0,499.5,10.0,498.5,17.0,486.0,11.0,132.0,1.0
2023-04-27 21:01:09.0,1682600469000000000,,,,4461.0,0.0,0.0,522.0,10.0,535.5,10.0,538.5,10.0,550.5,11.0,630.0,1.0,503.0,10.0,500.0,10.0,498.5,17.0,486.0,11.0,132.0,1.0
2023-04-27 21:01:09.25,1682600469250000000,,,,4461.0,0.0,0.0,522.0,10.0,535.5,10.0,550.5,11.0,552.5,10.0,630.0,1.0,503.0,10.0,498.5,17.0,495.5,10.0,486.0,11.0,132.0,1.0
2023-04-27 21:01:09.5,1682600469500000000,,,,4461.0,0.0,0.0,540.0,10.0,547.5,10.0,550.5,11.0,630.0,1.0,,0.0,503.0,10.0,501.0,10.0,498.5,7.0,486.0,11.0,132.0,1.0
2023-04-27 21:01:09.75,1682600469750000000,,,,4461.0,0.0,0.0,537.0,10.0,550.5,11.0,553.5,10.0,630.0,1.0,,0.0,503.0,10.0,498.5,7.0,495.5,10.0,486.0,11.0,132.0,1.0
2023-04-27 21:01:10.25,1682600470250000000,,,,4461.0,0.0,0.0,537.0,10.0,550.5,11.0,553.5,10.0,630.0,1.0,,0.0,501.5,10.0,498.5,7.0,495.5,10.0,486.0,11.0,132.0,1.0
2023-04-27 21:01:13.75,1682600473750000000,,,,4461.0,0.0,0.0,537.0,10.0,550.5,11.0,553.5,10.0,630.0,1.0,,0.0,501.0,10.0,498.5,7.0,495.5,10.0,486.0,11.0,132.0,1.0
2023-04-27 21:01:16.0,1682600476000000000,,,,4461.0,0.0,0.0,537.0,10.0,538.0,7.0,550.5,11.0,553.5,10.0,630.0,1.0,501.0,10.0,498.5,7.0,495.5,10.0,486.0,11.0,132.0,1.0
2023-04-27 21:01:17.25,1682600477250000000,,,,4461.0,0.0,0.0,537.0,10.0,538.0,7.0,550.5,11.0,553.5,10.0,630.0,1.0,500.5,10.0,498.5,7.0,495.5,10.0,486.0,11.0,132.0,1.0
2023-04-27 21:01:17.5,1682600477500000000,,,,4461.0,0.0,0.0,537.0,10.0,538.0,7.0,550.5,11.0,553.5,10.0,630.0,1.0,500.0,10.0,498.5,7.0,495.5,10.0,486.0,11.0,132.0,1.0
2023-04-27 21:01:17.75,1682600477750000000,,,,4461.0,0.0,0.0,537.0,10.0,538.0,7.0,550.5,11.0,554.5,10.0,630.0,1.0,499.5,10.0,498.5,7.0,490.0,10.0,486.0,11.0,132.0,1.0
2023-04-27 21:01:34.25,1682600494250000000,,,,4461.0,0.0,0.0,517.5,10.0,537.0,10.0,538.0,7.0,550.5,11.0,554.5,10.0,499.5,10.0,498.5,17.0,490.0,10.0,486.0,11.0,132.0,1.0
2023-04-27 21:01:34.5,1682600494500000000,517.5,517.5,517.5,4461.0,10.0,51750.0,537.0,10.0,538.0,7.0,550.5,11.0,554.5,10.0,630.0,1.0,499.5,10.0,498.5,7.0,490.0,10.0,486.0,11.0,132.0,1.0
2023-04-27 21:01:38.25,1682600498250000000,517.5,517.5,517.5,4461.0,10.0,51750.0,537.0,10.0,538.0,7.0,550.5,11.0,554.5,10.0,630.0,1.0,499.0,10.0,498.5,7.0,490.0,10.0,486.0,11.0,132.0,1.0
2023-04-27 21:01:38.5,1682600498500000000,517.5,517.5,517.5,4461.0,10.0,51750.0,537.0,20.0,538.0,7.0,550.5,11.0,554.5,10.0,630.0,1.0,498.5,17.0,490.0,10.0,486.0,11.0,132.0,1.0,118.5,1.0
2023-04-27 21:01:39.25,1682600499250000000,517.5,517.5,517.5,4461.0,10.0,51750.0,537.0,10.0,538.0,7.0,550.5,11.0,554.5,10.0,630.0,1.0,498.5,17.0,490.0,10.0,486.0,11.0,132.0,1.0,118.5,1.0
2023-04-27 21:01:41.0,1682600501000000000,517.5,517.5,517.5,4461.0,10.0,51750.0,537.0,10.0,538.0,7.0,550.5,11.0,554.5,10.0,630.0,1.0,498.5,7.0,493.0,10.0,490.0,10.0,486.0,11.0,132.0,1.0
2023-04-27 21:01:41.25,1682600501250000000,517.5,517.5,517.5,4461.0,10.0,51750.0,536.5,10.0,537.0,10.0,538.0,7.0,550.5,11.0,554.5,10.0,498.5,7.0,493.0,10.0,490.0,10.0,486.0,11.0,132.0,1.0
2023-04-27 21:01:41.5,1682600501500000000,517.5,517.5,517.5,4461.0,10.0,51750.0,533.5,10.0,536.5,10.0,538.0,7.0,550.5,11.0,554.5,10.0,498.5,7.0,493.0,10.0,490.0,10.0,486.0,11.0,132.0,1.0
2023-04-27 21:01:41.75,1682600501750000000,517.5,517.5,517.5,4461.0,10.0,51750.0,533.5,10.0,538.0,7.0,550.5,11.0,554.5,10.0,630.0,1.0,498.5,7.0,493.0,10.0,490.0,10.0,486.0,11.0,132.0,1.0
2023-04-27 21:01:48.5,1682600508500000000,517.5,517.5,517.5,4461.0,10.0,51750.0,533.5,10.0,538.0,7.0,550.5,11.0,554.5,10.0,630.0,1.0,498.5,7.0,492.5,10.0,490.0,10.0,486.0,11.0,132.0,1.0
2023-04-27 21:01:48.75,1682600508750000000,517.5,517.5,517.5,4461.0,10.0,51750.0,533.0,10.0,533.5,10.0,538.0,7.0,550.5,11.0,554.5,10.0,498.5,7.0,491.5,10.0,486.0,11.0,484.5,10.0,132.0,1.0
2023-04-27 21:01:49.0,1682600509000000000,517.5,517.5,517.5,4461.0,10.0,51750.0,530.0,10.0,532.5,10.0,533.0,10.0,538.0,7.0,550.5,11.0,498.5,7.0,489.0,10.0,488.5,10.0,486.0,11.0,132.0,1.0
2023-04-27 21:01:49.25,1682600509250000000,517.5,517.5,517.5,4461.0,10.0,51750.0,530.0,10.0,532.5,10.0,538.0,7.0,550.5,11.0,630.0,1.0,498.5,7.0,489.0,10.0,488.5,10.0,486.0,11.0,132.0,1.0
2023-04-27 21:01:49.5,1682600509500000000,517.5,517.5,517.5,4461.0,10.0,51750.0,527.0,10.0,529.5,10.0,532.5,10.0,538.0,7.0,550.5,11.0,498.5,7.0,489.0,10.0,488.5,10.0,486.0,11.0,132.0,1.0
2023-04-27 21:01:49.75,1682600509750000000,517.5,517.5,517.5,4461.0,10.0,51750.0,527.0,10.0,538.0,7.0,550.5,11.0,561.0,10.0,630.0,1.0,498.5,7.0,489.0,10.0,486.0,11.0,484.0,10.0,132.0,1.0
2023-04-27 21:01:54.0,1682600514000000000,517.5,517.5,517.5,4461.0,10.0,51750.0,527.0,10.0,538.0,7.0,550.5,11.0,561.0,10.0,630.0,1.0,498.5,7.0,488.5,10.0,486.0,11.0,484.0,10.0,132.0,1.0
2023-04-27 21:01:54.25,1682600514250000000,517.5,517.5,517.5,4461.0,10.0,51750.0,526.5,10.0,527.0,10.0,538.0,7.0,550.5,11.0,557.0,10.0,498.5,7.0,487.0,10.0,486.0,11.0,480.5,10.0,132.0,1.0
2023-04-27 21:01:54.5,1682600514500000000,517.5,517.5,517.5,4461.0,10.0,51750.0,523.5,10.0,538.0,7.0,550.5,11.0,557.0,10.0,630.0,1.0,498.5,7.0,487.0,10.0,486.0,11.0,480.5,10.0,132.0,1.0
2023-04-27 21:01:56.25,1682600516250000000,517.5,517.5,517.5,4461.0,10.0,51750.0,523.5,10.0,530.0,10.0,538.0,7.0,550.5,11.0,630.0,1.0,498.5,7.0,487.0,10.0,486.5,10.0,486.0,11.0,132.0,1.0
2023-04-27 21:01:56.5,1682600516500000000,517.5,517.5,517.5,4461.0,10.0,51750.0,523.5,10.0,538.0,7.0,550.5,11.0,560.0,10.0,630.0,1.0,498.5,7.0,487.0,10.0,486.0,11.0,481.5,10.0,132.0,1.0
2023-04-27 21:01:56.75,1682600516750000000,517.5,517.5,517.5,4461.0,10.0,51750.0,523.5,10.0,531.0,10.0,538.0,7.0,550.5,11.0,630.0,1.0,498.5,7.0,487.0,20.0,486.0,11.0,132.0,1.0,118.5,1.0
2023-04-27 21:01:57.25,1682600517250000000,517.5,517.5,517.5,4461.0,10.0,51750.0,523.5,10.0,538.0,7.0,550.5,11.0,561.5,10.0,630.0,1.0,498.5,7.0,487.0,10.0,486.0,11.0,482.5,10.0,132.0,1.0
2023-04-27 21:02:03.0,1682600523000000000,517.5,517.5,517.5,4461.0,10.0,51750.0,535.0,10.0,538.0,7.0,550.5,11.0,568.0,10.0,630.0,1.0,498.5,7.0,488.5,10.0,487.0,10.0,486.0,11.0,132.0,1.0
2023-04-27 21:02:03.25,1682600523250000000,517.5,517.5,517.5,4461.0,10.0,51750.0,534.5,10.0,535.0,10.0,538.0,7.0,550.5,11.0,568.0,10.0,498.5,7.0,491.5,10.0,488.5,10.0,486.0,11.0,132.0,1.0
2023-04-27 21:02:03.5,1682600523500000000,517.5,517.5,517.5,4461.0,10.0,51750.0,531.5,10.0,534.5,10.0,538.0,7.0,550.5,11.0,568.0,10.0,498.5,7.0,491.5,10.0,488.5,10.0,486.0,11.0,132.0,1.0
2023-04-27 21:02:03.75,1682600523750000000,517.5,517.5,517.5,4461.0,10.0,51750.0,531.5,10.0,538.0,7.0,550.5,11.0,568.0,10.0,630.0,1.0,498.5,7.0,491.5,10.0,488.5,10.0,486.0,11.0,132.0,1.0
2023-04-27 21:02:06.25,1682600526250000000,517.5,517.5,517.5,4461.0,10.0,51750.0,517.0,10.0,531.5,10.0,538.0,7.0,550.5,11.0,568.0,10.0,498.5,7.0,491.5,10.0,488.5,20.0,486.0,11.0,132.0,1.0
2023-04-27 21:02:06.5,1682600526500000000,517.5,517.5,517.5,4461.0,10.0,51750.0,531.5,10.0,538.0,7.0,550.5,11.0,568.0,10.0,630.0,1.0,498.5,7.0,491.5,10.0,488.5,10.0,486.0,11.0,132.0,1.0
2023-04-27 21:02:31.0,1682600551000000000,517.5,517.5,517.5,4461.0,10.0,51750.0,531.5,10.0,537.0,10.0,538.0,7.0,550.5,11.0,630.0,1.0,498.5,7.0,492.5,10.0,491.5,10.0,486.0,11.0,132.0,1.0
2023-04-27 21:02:31.25,1682600551250000000,517.5,517.5,517.5,4461.0,10.0,51750.0,531.5,10.0,537.0,10.0,538.0,7.0,550.5,11.0,630.0,1.0,498.5,7.0,495.5,10.0,492.5,10.0,486.0,11.0,132.0,1.0
2023-04-27 21:02:32.0,1682600552000000000,517.5,517.5,517.5,4461.0,10.0,51750.0,531.5,10.0,538.0,7.0,550.5,11.0,570.5,10.0,630.0,1.0,498.5,7.0,495.5,10.0,487.5,10.0,486.0,11.0,132.0,1.0
2023-04-27 21:02:33.25,1682600553250000000,517.5,517.5,517.5,4461.0,10.0,51750.0,531.5,10.0,538.0,7.0,550.5,11.0,570.5,10.0,630.0,1.0,498.5,7.0,490.5,10.0,487.5,10.0,486.0,11.0,132.0,1.0
2023-04-27 21:02:38.25,1682600558250000000,517.5,517.5,517.5,4461.0,10.0,51750.0,531.5,10.0,538.0,17.0,550.5,11.0,630.0,1.0,,0.0,498.5,7.0,493.0,10.0,490.5,10.0,486.0,11.0,132.0,1.0
2023-04-27 21:02:38.5,1682600558500000000,517.5,517.5,517.5,4461.0,10.0,51750.0,531.5,10.0,538.0,17.0,550.5,11.0,630.0,1.0,,0.0,498.5,7.0,495.0,10.0,493.0,10.0,486.0,11.0,132.0,1.0
2023-04-27 21:02:38.75,1682600558750000000,517.5,517.5,517.5,4461.0,10.0,51750.0,531.5,10.0,538.0,7.0,550.5,11.0,570.5,10.0,630.0,1.0,498.5,7.0,494.5,10.0,487.5,10.0,486.0,11.0,132.0,1.0
2023-04-27 21:02:40.25,1682600560250000000,517.5,517.5,517.5,4461.0,10.0,51750.0,531.5,10.0,538.0,7.0,550.5,11.0,570.5,10.0,630.0,1.0,498.5,7.0,490.5,10.0,487.5,10.0,486.0,11.0,132.0,1.0
2023-04-27 21:02:41.75,1682600561750000000,517.5,517.5,517.5,4461.0,10.0,51750.0,531.5,10.0,536.0,10.0,538.0,7.0,550.5,11.0,630.0,1.0,498.5,7.0,491.0,10.0,490.5,10.0,486.0,11.0,132.0,1.0
2023-04-27 21:02:42.0,1682600562000000000,517.5,517.5,517.5,4461.0,10.0,51750.0,531.5,10.0,536.0,10.0,538.0,7.0,550.5,11.0,630.0,1.0,498.5,7.0,493.5,10.0,491.0,10.0,486.0,11.0,132.0,1.0
2023-04-27 21:02:42.75,1682600562750000000,517.5,517.5,517.5,4461.0,10.0,51750.0,531.5,10.0,536.0,10.0,538.0,7.0,550.5,11.0,630.0,1.0,498.5,7.0,493.0,10.0,491.0,10.0,486.0,11.0,132.0,1.0
2023-04-27 21:02:43.0,1682600563000000000,517.5,517.5,517.5,4461.0,10.0,51750.0,531.5,20.0,536.0,10.0,538.0,7.0,550.5,11.0,630.0,1.0,498.5,7.0,492.5,10.0,491.0,10.0,486.0,11.0,132.0,1.0
2023-04-27 21:02:43.5,1682600563500000000,517.5,517.5,517.5,4461.0,10.0,51750.0,531.5,20.0,538.0,7.0,550.5,11.0,586.5,10.0,630.0,1.0,498.5,7.0,492.5,10.0,486.0,11.0,479.5,10.0,132.0,1.0
2023-04-27 21:02:43.75,1682600563750000000,517.5,517.5,517.5,4461.0,10.0,51750.0,531.5,10.0,538.0,7.0,550.5,11.0,586.5,10.0,630.0,1.0,498.5,7.0,492.5,10.0,486.0,11.0,479.5,10.0,132.0,1.0
2023-04-27 21:02:44.75,1682600564750000000,517.5,517.5,517.5,4461.0,10.0,51750.0,525.0,10.0,531.5,10.0,538.0,7.0,550.5,11.0,586.5,10.0,498.5,7.0,492.5,10.0,491.5,10.0,486.0,11.0,479.5,10.0
2023-04-27 21:02:45.0,1682600565000000000,517.5,517.5,517.5,4461.0,10.0,51750.0,523.0,10.0,525.0,10.0,538.0,7.0,543.0,10.0,550.5,11.0,498.5,7.0,492.5,10.0,491.5,10.0,486.0,21.0,132.0,1.0
2023-04-27 21:02:45.25,1682600565250000000,517.5,517.5,517.5,4461.0,10.0,51750.0,523.5,10.0,525.0,10.0,538.0,7.0,543.0,10.0,550.5,11.0,498.5,7.0,492.5,10.0,491.5,10.0,486.0,21.0,132.0,1.0
2023-04-27 21:02:45.5,1682600565500000000,517.5,517.5,517.5,4461.0,10.0,51750.0,523.5,10.0,525.0,10.0,538.0,7.0,550.5,11.0,590.5,10.0,498.5,7.0,492.5,10.0,491.5,10.0,486.0,11.0,480.0,10.0
2023-04-27 21:02:46.5,1682600566500000000,517.5,517.5,517.5,4461.0,10.0,51750.0,524.5,10.0,525.0,10.0,538.0,7.0,550.5,11.0,590.5,10.0,498.5,7.0,492.5,10.0,491.5,10.0,486.0,11.0,480.0,10.0
2023-04-27 21:02:46.75,1682600566750000000,517.5,517.5,517.5,4461.0,10.0,51750.0,524.5,10.0,525.0,10.0,538.0,7.0,545.0,10.0,550.5,11.0,498.5,7.0,492.5,10.0,491.5,10.0,487.0,10.0,486.0,11.0
2023-04-27 21:02:47.75,1682600567750000000,517.5,517.5,517.5,4461.0,10.0,51750.0,524.5,10.0,525.0,10.0,538.0,7.0,550.5,11.0,592.5,10.0,498.5,7.0,492.5,10.0,491.5,10.0,486.0,11.0,480.5,10.0
2023-04-27 21:02:48.5,1682600568500000000,517.5,517.5,517.5,4461.0,10.0,51750.0,524.5,10.0,525.0,10.0,538.0,7.0,546.0,10.0,550.5,11.0,498.5,7.0,492.5,10.0,491.5,10.0,487.5,10.0,486.0,11.0
2023-04-27 21:02:48.75,1682600568750000000,517.5,517.5,517.5,4461.0,10.0,51750.0,524.5,10.0,525.0,10.0,538.0,7.0,550.5,11.0,592.5,10.0,498.5,7.0,492.5,10.0,491.5,10.0,486.0,11.0,481.0,10.0
2023-04-27 21:02:49.0,1682600569000000000,517.5,517.5,517.5,4461.0,10.0,51750.0,524.5,10.0,525.0,10.0,538.0,7.0,546.0,10.0,550.5,11.0,498.5,7.0,492.5,10.0,491.5,10.0,487.5,10.0,486.0,11.0
2023-04-27 21:02:49.75,1682600569750000000,517.5,517.5,517.5,4461.0,10.0,51750.0,524.5,20.0,525.0,10.0,538.0,7.0,550.5,11.0,592.5,10.0,498.5,17.0,492.5,10.0,491.5,10.0,486.0,11.0,481.0,10.0
2023-04-27 21:02:50.0,1682600570000000000,517.5,517.5,517.5,4461.0,10.0,51750.0,524.5,20.0,525.0,10.0,538.0,7.0,546.0,10.0,550.5,11.0,498.5,17.0,492.5,10.0,491.5,10.0,487.5,10.0,486.0,11.0
2023-04-27 21:02:53.25,1682600573250000000,517.5,517.5,517.5,4461.0,10.0,51750.0,524.5,10.0,525.0,20.0,538.0,7.0,546.0,10.0,550.5,11.0,498.5,17.0,492.5,10.0,491.5,10.0,487.5,10.0,486.0,11.0
2023-04-27 21:02:54.5,1682600574500000000,517.5,517.5,517.5,4461.0,10.0,51750.0,524.5,10.0,525.0,10.0,535.0,10.0,538.0,7.0,546.0,10.0,498.5,17.0,492.5,10.0,491.5,10.0,487.5,10.0,486.0,11.0
2023-04-27 21:02:58.25,1682600578250000000,517.5,517.5,517.5,4461.0,10.0,51750.0,524.5,20.0,525.0,10.0,535.0,10.0,538.0,7.0,546.0,10.0,498.5,17.0,496.5,10.0,492.5,10.0,491.5,10.0,487.5,10.0
2023-04-27 21:02:58.5,1682600578500000000,517.5,517.5,517.5,4461.0,10.0,51750.0,524.0,10.0,524.5,20.0,525.0,10.0,535.0,10.0,538.0,7.0,498.5,17.0,496.5,20.0,492.5,10.0,491.5,10.0,487.5,10.0
2023-04-27 21:02:59.75,1682600579750000000,517.5,517.5,517.5,4461.0,10.0,51750.0,524.0,10.0,524.5,10.0,525.0,10.0,527.5,10.0,535.0,10.0,498.5,17.0,498.0,10.0,496.5,10.0,492.5,10.0,491.5,10.0
2023-04-27 21:03:00.0,1682600580000000000,517.5,517.5,517.5,4461.0,10.0,51750.0,524.0,10.0,524.5,10.0,525.0,10.0,527.5,10.0,535.0,10.0,498.5,17.0,498.0,10.0,497.5,10.0,496.5,10.0,491.5,10.0
2023-04-27 21:03:02.5,1682600582500000000,517.5,517.5,517.5,4461.0,10.0,51750.0,524.0,10.0,524.5,10.0,527.5,10.0,531.0,10.0,535.0,10.0,498.5,17.0,498.0,20.0,497.5,10.0,496.5,10.0,487.5,10.0
2023-04-27 21:03:02.75,1682600582750000000,517.5,517.5,517.5,4461.0,10.0,51750.0,524.0,10.0,524.5,10.0,527.5,10.0,529.5,10.0,531.0,10.0,499.0,10.0,498.5,17.0,498.0,20.0,496.5,10.0,487.5,10.0
2023-04-27 21:03:03.0,1682600583000000000,517.5,517.5,517.5,4461.0,10.0,51750.0,524.0,10.0,524.5,10.0,527.5,10.0,530.5,10.0,531.0,10.0,499.0,10.0,498.5,17.0,498.0,20.0,496.5,10.0,487.5,10.0
2023-04-27 21:03:03.5,1682600583500000000,517.5,517.5,517.5,4461.0,10.0,51750.0,524.0,10.0,524.5,10.0,527.5,10.0,531.0,20.0,538.0,7.0,499.0,10.0,498.5,17.0,498.0,20.0,496.5,10.0,487.5,10.0
2023-04-27 21:03:03.75,1682600583750000000,517.5,517.5,517.5,4461.0,10.0,51750.0,524.0,10.0,527.5,10.0,531.0,10.0,535.0,10.0,538.0,7.0,499.0,10.0,498.5,7.0,498.0,20.0,496.5,10.0,493.0,10.0
2023-04-27 21:03:11.0,1682600591000000000,517.5,517.5,517.5,4461.0,10.0,51750.0,524.0,10.0,527.5,10.0,531.0,10.0,535.0,10.0,538.0,7.0,499.0,10.0,498.5,7.0,498.0,20.0,496.5,10.0,486.0,11.0
2023-04-27 21:03:22.0,1682600602000000000,517.5,517.5,517.5,4461.0,10.0,51750.0,524.0,10.0,527.5,10.0,531.0,10.0,535.0,10.0,538.0,7.0,498.5,7.0,498.0,30.0,496.5,10.0,490.5,10.0,486.0,11.0
2023-04-27 21:03:22.25,1682600602250000000,517.5,517.5,517.5,4461.0,10.0,51750.0,524.0,10.0,527.5,10.0,529.0,10.0,531.0,10.0,538.0,7.0,498.5,7.0,498.0,30.0,496.5,10.0,486.0,11.0,484.0,10.0
2023-04-27 21:03:22.5,1682600602500000000,517.5,517.5,517.5,4461.0,10.0,51750.0,527.5,10.0,529.0,10.0,531.0,10.0,538.0,7.0,550.5,11.0,498.5,7.0,498.0,30.0,486.0,11.0,484.0,10.0,132.0,1.0
2023-04-27 21:03:22.75,1682600602750000000,517.5,517.5,517.5,4461.0,10.0,51750.0,529.0,10.0,531.0,10.0,538.0,7.0,550.5,11.0,592.0,10.0,498.5,7.0,498.0,20.0,486.0,11.0,484.0,10.0,132.0,1.0
2023-04-27 21:03:23.5,1682600603500000000,517.5,517.5,517.5,4461.0,10.0,51750.0,529.0,10.0,531.0,10.0,538.0,7.0,547.5,10.0,550.5,11.0,498.5,7.0,498.0,20.0,490.5,10.0,486.0,11.0,132.0,1.0
2023-04-27 21:03:23.75,1682600603750000000,517.5,517.5,517.5,4461.0,10.0,51750.0,529.0,10.0,531.0,10.0,538.0,7.0,547.5,10.0,550.5,11.0,498.5,7.0,498.0,10.0,493.5,10.0,490.5,10.0,486.0,11.0
2023-04-27 21:03:25.5,1682600605500000000,517.5,517.5,517.5,4461.0,10.0,51750.0,529.0,10.0,531.0,10.0,538.0,7.0,550.5,11.0,593.5,10.0,498.5,7.0,498.0,10.0,493.5,10.0,486.0,11.0,484.0,10.0
2023-04-27 21:03:27.0,1682600607000000000,517.5,517.5,517.5,4461.0,10.0,51750.0,529.5,10.0,531.0,10.0,538.0,7.0,550.5,11.0,593.5,10.0,498.5,7.0,498.0,10.0,493.5,10.0,486.0,11.0,484.0,10.0
2023-04-27 21:03:27.25,1682600607250000000,517.5,517.5,517.5,4461.0,10.0,51750.0,529.5,10.0,531.0,10.0,538.0,7.0,550.5,11.0,593.5,10.0,499.0,10.0,498.5,7.0,498.0,10.0,486.0,11.0,484.0,10.0
2023-04-27 21:03:29.0,1682600609000000000,517.5,517.5,517.5,4461.0,10.0,51750.0,530.0,10.0,531.0,10.0,538.0,7.0,550.5,11.0,593.5,10.0,499.0,10.0,498.5,7.0,498.0,10.0,486.0,11.0,484.0,10.0
2023-04-27 21:03:29.75,1682600609750000000,517.5,517.5,517.5,4461.0,10.0,51750.0,530.5,10.0,531.0,10.0,538.0,7.0,550.5,11.0,593.5,10.0,499.0,10.0,498.5,7.0,498.0,10.0,486.0,11.0,484.0,10.0
2023-04-27 21:03:30.5,1682600610500000000,517.5,517.5,517.5,4461.0,10.0,51750.0,531.0,20.0,538.0,7.0,550.5,11.0,593.5,10.0,630.0,1.0,499.0,10.0,498.5,7.0,498.0,10.0,486.0,11.0,484.0,10.0
2023-04-27 21:03:31.75,1682600611750000000,517.5,517.5,517.5,4461.0,10.0,51750.0,531.0,20.0,538.0,7.0,550.5,11.0,593.5,10.0,630.0,1.0,498.5,17.0,498.0,10.0,486.0,11.0,484.0,10.0,132.0,1.0
2023-04-27 21:03:44.5,1682600624500000000,517.5,517.5,517.5,4461.0,10.0,51750.0,531.0,10.0,535.0,10.0,538.0,7.0,550.5,11.0,593.5,10.0,498.5,17.0,498.0,10.0,486.0,11.0,484.0,10.0,132.0,1.0
2023-04-27 21:03:46.75,1682600626750000000,517.5,517.5,517.5,4461.0,10.0,51750.0,535.0,10.0,537.0,10.0,538.0,7.0,550.5,11.0,593.5,10.0,503.5,10.0,498.5,17.0,486.0,11.0,484.0,10.0,132.0,1.0
2023-04-27 21:03:47.25,1682600627250000000,517.5,517.5,517.5,4461.0,10.0,51750.0,522.5,10.0,535.0,10.0,537.0,10.0,538.0,7.0,550.5,11.0,503.5,10.0,498.5,27.0,486.0,11.0,484.0,10.0,132.0,1.0
2023-04-27 21:03:47.5,1682600627500000000,517.5,517.5,517.5,4461.0,10.0,51750.0,533.0,10.0,535.0,10.0,537.0,10.0,538.0,7.0,550.5,11.0,503.5,10.0,503.0,10.0,498.5,17.0,486.0,11.0,484.0,10.0
2023-04-27 21:03:47.75,1682600627750000000,517.5,517.5,517.5,4461.0,10.0,51750.0,535.0,10.0,537.0,10.0,538.0,7.0,550.5,11.0,593.5,10.0,503.5,10.0,498.5,17.0,486.0,11.0,484.0,10.0,132.0,1.0
2023-04-27 21:04:00.0,1682600640000000000,517.5,517.5,517.5,4461.0,10.0,51750.0,523.0,10.0,530.5,10.0,535.0,10.0,538.0,7.0,550.5,11.0,509.0,10.0,498.5,27.0,486.0,11.0,484.0,10.0,132.0,1.0
2023-04-27 21:04:00.25,1682600640250000000,517.5,517.5,517.5,4461.0,10.0,51750.0,523.0,10.0,530.5,10.0,535.0,10.0,536.0,10.0,538.0,7.0,509.0,10.0,506.0,10.0,498.5,27.0,486.0,11.0,484.0,10.0
2023-04-27 21:04:00.5,1682600640500000000,517.5,517.5,517.5,4461.0,10.0,51750.0,526.5,10.0,530.5,10.0,535.0,10.0,536.0,10.0,538.0,7.0,509.0,10.0,506.0,10.0,503.0,10.0,498.5,17.0,486.0,11.0
2023-04-27 21:04:00.75,1682600640750000000,517.5,517.5,517.5,4461.0,10.0,51750.0,526.5,10.0,530.5,10.0,535.0,10.0,536.0,10.0,538.0,7.0,509.0,10.0,506.0,10.0,503.5,10.0,503.0,10.0,498.5,7.0
2023-04-27 21:04:02.25,1682600642250000000,517.5,517.5,517.5,4461.0,10.0,51750.0,526.5,10.0,530.5,10.0,535.0,10.0,536.0,10.0,538.0,7.0,509.0,10.0,506.0,10.0,503.0,10.0,501.5,10.0,498.5,7.0
2023-04-27 21:04:02.5,1682600642500000000,517.5,517.5,517.5,4461.0,10.0,51750.0,521.5,10.0,530.5,10.0,535.0,10.0,536.0,10.0,538.0,7.0,509.0,10.0,506.0,20.0,501.5,10.0,498.5,7.0,493.5,10.0
2023-04-27 21:04:02.75,1682600642750000000,517.5,517.5,517.5,4461.0,10.0,51750.0,530.5,10.0,535.0,10.0,536.0,10.0,538.0,7.0,550.5,11.0,509.0,10.0,506.0,10.0,501.5,10.0,498.5,7.0,493.5,10.0
2023-04-27 21:04:03.0,1682600643000000000,517.5,517.5,517.5,4461.0,10.0,51750.0,530.5,10.0,535.0,10.0,536.0,10.0,538.0,7.0,550.5,11.0,509.0,10.0,506.0,10.0,501.5,10.0,498.5,7.0,487.0,10.0
2023-04-27 21:04:03.75,1682600643750000000,517.5,517.5,517.5,4461.0,10.0,51750.0,523.0,10.0,530.5,10.0,535.0,10.0,536.0,10.0,538.0,7.0,509.0,10.0,506.0,20.0,501.5,10.0,498.5,7.0,487.0,10.0
2023-04-27 21:04:04.0,1682600644000000000,517.5,517.5,517.5,4461.0,10.0,51750.0,523.0,10.0,530.5,10.0,535.0,10.0,536.0,10.0,538.0,7.0,509.0,10.0,506.0,20.0,501.5,10.0,498.5,7.0,494.5,10.0
2023-04-27 21:04:04.5,1682600644500000000,517.5,517.5,517.5,4461.0,10.0,51750.0,530.5,10.0,535.0,10.0,536.0,10.0,538.0,7.0,550.5,11.0,509.0,10.0,506.0,10.0,501.5,10.0,498.5,7.0,494.5,10.0
2023-04-27 21:04:04.75,1682600644750000000,517.5,517.5,517.5,4461.0,10.0,51750.0,530.5,10.0,535.0,10.0,536.0,10.0,538.0,7.0,550.5,11.0,509.0,10.0,506.0,10.0,501.5,10.0,498.5,7.0,488.5,10.0
2023-04-27 21:04:07.25,1682600647250000000,517.5,517.5,517.5,4461.0,10.0,51750.0,530.5,10.0,535.5,10.0,536.0,10.0,538.0,7.0,550.5,11.0,509.0,10.0,506.0,10.0,501.5,10.0,498.5,7.0,488.5,10.0
2023-04-27 21:04:07.5,1682600647500000000,517.5,517.5,517.5,4461.0,10.0,51750.0,530.5,10.0,535.5,10.0,536.0,10.0,538.0,7.0,550.5,11.0,509.0,10.0,506.0,10.0,501.5,10.0,498.5,7.0,497.5,10.0
2023-04-27 21:04:08.5,1682600648500000000,517.5,517.5,517.5,4461.0,10.0,51750.0,530.5,10.0,535.5,10.0,536.0,10.0,538.0,7.0,550.5,11.0,509.0,10.0,506.0,10.0,501.5,10.0,498.5,7.0,491.5,10.0
2023-04-27 21:04:08.75,1682600648750000000,517.5,517.5,517.5,4461.0,10.0,51750.0,530.5,10.0,536.0,20.0,538.0,7.0,550.5,11.0,603.5,10.0,509.0,10.0,506.0,10.0,501.5,10.0,498.5,7.0,491.5,10.0
2023-04-27 21:04:09.0,1682600649000000000,517.5,517.5,517.5,4461.0,10.0,51750.0,530.5,10.0,536.0,10.0,536.5,10.0,538.0,7.0,550.5,11.0,509.0,10.0,506.0,10.0,501.5,10.0,498.5,7.0,491.5,10.0
2023-04-27 21:04:10.0,1682600650000000000,517.5,517.5,517.5,4461.0,10.0,51750.0,530.5,10.0,536.0,10.0,536.5,10.0,538.0,7.0,550.5,11.0,509.0,10.0,506.0,10.0,501.5,10.0,498.5,7.0,498.0,10.0
2023-04-27 21:04:10.5,1682600650500000000,517.5,517.5,517.5,4461.0,10.0,51750.0,530.5,10.0,536.0,10.0,536.5,10.0,538.0,7.0,550.5,11.0,509.0,10.0,506.0,10.0,501.5,10.0,498.5,7.0,491.5,10.0
2023-04-27 21:04:11.25,1682600651250000000,517.5,517.5,517.5,4461.0,10.0,51750.0,530.5,10.0,536.0,10.0,537.0,10.0,538.0,7.0,550.5,11.0,509.0,10.0,506.0,10.0,501.5,10.0,498.5,7.0,491.5,10.0
2023-04-27 21:04:11.5,1682600651500000000,517.5,517.5,517.5,4461.0,10.0,51750.0,530.5,10.0,536.0,10.0,537.0,10.0,538.0,7.0,550.5,11.0,509.0,10.0,506.0,20.0,498.5,7.0,491.5,10.0,486.0,11.0
2023-04-27 21:04:12.0,1682600652000000000,517.5,517.5,517.5,4461.0,10.0,51750.0,530.5,10.0,536.0,10.0,537.5,10.0,538.0,7.0,550.5,11.0,509.0,10.0,506.0,20.0,498.5,7.0,491.5,10.0,486.0,11.0
2023-04-27 21:04:12.5,1682600652500000000,517.5,517.5,517.5,4461.0,10.0,51750.0,530.0,10.0,530.5,10.0,536.0,10.0,537.5,10.0,538.0,7.0,509.0,10.0,506.0,30.0,498.5,7.0,491.5,10.0,486.0,11.0
2023-04-27 21:04:12.75,1682600652750000000,517.5,517.5,517.5,4461.0,10.0,51750.0,530.0,10.0,530.5,10.0,536.0,10.0,537.5,10.0,538.0,7.0,509.0,10.0,506.0,30.0,499.0,10.0,498.5,7.0,486.0,11.0
2023-04-27 21:04:13.25,1682600653250000000,517.5,517.5,517.5,4461.0,10.0,51750.0,530.0,10.0,530.5,10.0,536.0,10.0,537.5,10.0,538.0,7.0,509.0,10.0,506.0,30.0,498.5,7.0,492.5,10.0,486.0,11.0
2023-04-27 21:04:13.5,1682600653500000000,517.5,517.5,517.5,4461.0,10.0,51750.0,530.0,10.0,530.5,10.0,536.0,10.0,537.5,10.0,538.0,7.0,509.0,10.0,506.0,30.0,499.0,10.0,498.5,7.0,486.0,11.0
2023-04-27 21:04:13.75,1682600653750000000,517.5,517.5,517.5,4461.0,10.0,51750.0,530.0,10.0,530.5,10.0,536.0,10.0,537.5,10.0,538.0,7.0,509.0,10.0,506.0,30.0,498.5,7.0,492.5,10.0,486.0,11.0
2023-04-27 21:04:14.0,1682600654000000000,517.5,517.5,517.5,4461.0,10.0,51750.0,530.0,10.0,530.5,10.0,536.0,10.0,537.5,10.0,538.0,7.0,509.0,10.0,506.0,30.0,499.5,10.0,498.5,7.0,486.0,11.0
2023-04-27 21:04:14.25,1682600654250000000,517.5,517.5,517.5,4461.0,10.0,51750.0,530.0,10.0,534.5,10.0,536.0,10.0,537.5,10.0,538.0,7.0,512.0,10.0,506.0,30.0,499.5,10.0,498.5,7.0,486.0,11.0
2023-04-27 21:04:14.5,1682600654500000000,517.5,517.5,517.5,4461.0,10.0,51750.0,534.5,10.0,536.0,10.0,537.5,10.0,538.0,7.0,550.5,11.0,512.0,10.0,506.0,20.0,499.5,10.0,498.5,7.0,486.0,11.0
2023-04-27 21:04:14.75,1682600654750000000,517.5,517.5,517.5,4461.0,10.0,51750.0,534.5,10.0,536.0,10.0,538.0,7.0,547.5,10.0,550.5,11.0,512.0,10.0,506.0,20.0,499.5,10.0,498.5,7.0,486.0,11.0
2023-04-27 21:04:16.5,1682600656500000000,517.5,517.5,517.5,4461.0,10.0,51750.0,534.0,10.0,534.5,10.0,536.0,10.0,538.0,7.0,547.5,10.0,512.0,10.0,506.0,30.0,499.5,10.0,498.5,7.0,486.0,11.0
2023-04-27 21:04:25.0,1682600665000000000,517.5,517.5,517.5,4461.0,10.0,51750.0,534.0,10.0,536.0,10.0,538.0,17.0,547.5,10.0,550.5,11.0,516.5,10.0,506.0,30.0,499.5,10.0,498.5,7.0,486.0,11.0
2023-04-27 21:04:26.25,1682600666250000000,517.5,517.5,517.5,4461.0,10.0,51750.0,534.0,10.0,536.0,10.0,538.0,17.0,547.5,10.0,550.5,11.0,516.5,10.0,506.0,30.0,505.0,10.0,498.5,7.0,486.0,11.0
2023-04-27 21:04:59.5,1682600699500000000,517.5,517.5,517.5,4461.0,10.0,51750.0,534.0,10.0,536.0,10.0,538.0,17.0,547.5,10.0,550.5,11.0,516.5,10.0,506.0,30.0,503.0,10.0,498.5,7.0,486.0,11.0
2023-04-27 21:05:00.5,1682600700500000000,517.5,517.5,517.5,4461.0,10.0,51750.0,534.0,20.0,536.0,10.0,538.0,17.0,547.5,10.0,550.5,11.0,516.5,20.0,506.0,30.0,503.0,10.0,498.5,7.0,486.0,11.0
2023-04-27 21:05:02.25,1682600702250000000,517.5,517.5,517.5,4461.0,10.0,51750.0,533.5,10.0,534.0,20.0,536.0,10.0,538.0,7.0,547.5,10.0,516.5,10.0,512.5,10.0,506.0,30.0,503.0,10.0,498.5,7.0
2023-04-27 21:05:02.5,1682600702500000000,517.5,517.5,517.5,4461.0,10.0,51750.0,533.0,10.0,533.5,10.0,534.0,10.0,536.0,10.0,537.0,10.0,516.5,10.0,512.5,20.0,506.0,20.0,503.0,10.0,498.5,7.0
2023-04-27 21:05:02.75,1682600702750000000,517.5,517.5,517.5,4461.0,10.0,51750.0,533.0,10.0,533.5,10.0,534.0,10.0,536.0,10.0,538.0,7.0,516.5,10.0,512.5,20.0,506.0,20.0,503.0,10.0,498.5,7.0
2023-04-27 21:05:03.0,1682600703000000000,517.5,517.5,517.5,4461.0,10.0,51750.0,533.0,20.0,533.5,10.0,536.0,10.0,537.5,10.0,538.0,7.0,516.5,10.0,512.5,20.0,506.0,20.0,503.0,10.0,498.5,7.0
2023-04-27 21:05:05.0,1682600705000000000,517.5,517.5,517.5,4461.0,10.0,51750.0,533.0,20.0,533.5,10.0,536.0,10.0,538.0,17.0,550.5,11.0,516.5,10.0,512.5,20.0,506.0,20.0,503.0,10.0,498.5,7.0
2023-04-27 21:05:05.25,1682600705250000000,517.5,517.5,517.5,4461.0,10.0,51750.0,533.0,20.0,533.5,10.0,536.0,10.0,538.0,7.0,547.5,10.0,516.5,10.0,512.5,20.0,506.0,20.0,503.0,10.0,498.5,7.0
2023-04-27 21:05:11.5,1682600711500000000,517.5,517.5,517.5,4461.0,10.0,51750.0,533.0,20.0,533.5,10.0,536.0,10.0,538.0,7.0,547.5,10.0,516.5,10.0,512.5,20.0,506.0,20.0,501.5,10.0,498.5,7.0
2023-04-27 21:05:11.75,1682600711750000000,517.5,517.5,517.5,4461.0,10.0,51750.0,533.0,20.0,533.5,10.0,536.0,10.0,537.5,10.0,538.0,7.0,516.5,10.0,512.5,20.0,506.0,20.0,501.5,10.0,498.5,7.0
2023-04-27 21:05:13.5,1682600713500000000,517.5,517.5,517.5,4461.0,10.0,51750.0,533.0,20.0,533.5,10.0,536.0,10.0,537.5,10.0,538.0,7.0,516.5,10.0,512.5,20.0,506.0,10.0,504.5,10.0,501.5,10.0
2023-04-27 21:05:15.0,1682600715000000000,517.5,517.5,517.5,4461.0,10.0,51750.0,533.0,20.0,533.5,10.0,536.0,10.0,537.5,10.0,538.0,7.0,516.5,10.0,512.5,20.0,506.0,10.0,504.0,10.0,501.5,10.0
2023-04-27 21:05:15.25,1682600715250000000,517.5,517.5,517.5,4461.0,10.0,51750.0,533.0,20.0,533.5,10.0,534.5,10.0,536.0,10.0,538.0,7.0,516.5,10.0,512.5,20.0,506.0,10.0,504.0,10.0,501.5,10.0
2023-04-27 21:05:15.5,1682600715500000000,517.5,517.5,517.5,4461.0,10.0,51750.0,533.0,20.0,533.5,10.0,534.5,10.0,536.0,10.0,538.0,7.0,516.5,10.0,512.5,20.0,506.0,10.0,503.5,10.0,501.5,10.0
2023-04-27 21:05:16.75,1682600716750000000,517.5,517.5,517.5,4461.0,10.0,51750.0,533.0,20.0,533.5,10.0,535.0,10.0,536.0,10.0,538.0,7.0,516.5,10.0,512.5,20.0,506.0,10.0,503.5,10.0,501.5,10.0
2023-04-27 21:05:17.25,1682600717250000000,517.5,517.5,517.5,4461.0,10.0,51750.0,533.0,20.0,533.5,10.0,535.5,10.0,536.0,10.0,538.0,7.0,516.5,10.0,512.5,20.0,506.0,10.0,503.5,10.0,501.5,10.0
2023-04-27 21:05:20.25,1682600720250000000,517.5,517.5,517.5,4461.0,10.0,51750.0,529.5,10.0,533.0,20.0,535.5,10.0,536.0,10.0,538.0,7.0,516.5,10.0,512.5,10.0,508.0,10.0,506.0,10.0,503.5,10.0
2023-04-27 21:05:20.5,1682600720500000000,517.5,517.5,517.5,4461.0,10.0,51750.0,529.0,10.0,529.5,20.0,535.5,10.0,536.0,10.0,538.0,7.0,516.0,10.0,508.0,20.0,506.0,10.0,501.5,10.0,498.5,7.0
2023-04-27 21:05:20.75,1682600720750000000,517.5,517.5,517.5,4461.0,10.0,51750.0,529.0,10.0,529.5,20.0,535.5,10.0,536.0,10.0,538.0,7.0,516.0,10.0,508.0,20.0,506.0,10.0,503.0,10.0,501.5,10.0
2023-04-27 21:05:21.25,1682600721250000000,517.5,517.5,517.5,4461.0,10.0,51750.0,529.0,20.0,529.5,10.0,535.5,10.0,536.0,10.0,538.0,7.0,515.5,10.0,508.0,20.0,506.0,10.0,502.5,10.0,501.5,10.0
2023-04-27 21:05:22.25,1682600722250000000,517.5,517.5,517.5,4461.0,10.0,51750.0,529.0,20.0,529.5,10.0,535.5,10.0,536.0,10.0,538.0,7.0,515.5,10.0,508.0,20.0,506.0,10.0,502.5,10.0,498.5,7.0
2023-04-27 21:05:22.5,1682600722500000000,517.5,517.5,517.5,4461.0,10.0,51750.0,529.0,20.0,529.5,10.0,535.5,10.0,536.0,10.0,538.0,7.0,515.0,10.0,508.0,20.0,506.0,10.0,501.5,10.0,498.5,7.0
2023-04-27 21:05:23.25,1682600723250000000,517.5,517.5,517.5,4461.0,10.0,51750.0,529.0,20.0,529.5,10.0,535.5,10.0,536.0,10.0,538.0,7.0,514.5,10.0,508.0,20.0,506.0,10.0,501.0,10.0,498.5,7.0
2023-04-27 21:05:23.5,1682600723500000000,517.5,517.5,517.5,4461.0,10.0,51750.0,529.0,20.0,529.5,10.0,535.5,10.0,536.0,10.0,538.0,7.0,513.5,10.0,508.0,20.0,506.0,10.0,500.5,10.0,498.5,7.0
2023-04-27 21:05:32.25,1682600732250000000,517.5,517.5,517.5,4461.0,10.0,51750.0,525.0,10.0,529.0,20.0,535.5,10.0,536.0,10.0,538.0,7.0,511.5,10.0,508.0,10.0,506.0,10.0,503.5,10.0,499.0,10.0
2023-04-27 21:05:32.5,1682600732500000000,517.5,517.5,517.5,4461.0,10.0,51750.0,524.5,10.0,525.0,20.0,535.5,10.0,536.0,10.0,537.5,10.0,511.0,10.0,506.0,20.0,503.5,10.0,498.5,7.0,491.0,10.0
2023-04-27 21:05:32.75,1682600732750000000,517.5,517.5,517.5,4461.0,10.0,51750.0,524.5,20.0,525.0,10.0,535.5,10.0,536.0,10.0,537.5,10.0,510.5,10.0,506.0,20.0,503.5,10.0,498.5,7.0,494.0,10.0
2023-04-27 21:05:37.0,1682600737000000000,517.5,517.5,517.5,4461.0,10.0,51750.0,524.5,20.0,525.0,10.0,535.5,10.0,536.0,10.0,538.0,7.0,510.5,10.0,506.0,20.0,503.5,10.0,498.5,7.0,494.0,10.0
2023-04-27 21:05:37.5,1682600737500000000,517.5,517.5,517.5,4461.0,10.0,51750.0,524.5,20.0,525.0,10.0,535.5,10.0,536.0,10.0,537.5,10.0,510.5,10.0,506.0,20.0,503.5,10.0,498.5,7.0,494.0,10.0
2023-04-27 21:05:45.25,1682600745250000000,517.5,517.5,517.5,4461.0,10.0,51750.0,524.5,20.0,525.0,10.0,535.5,10.0,536.0,10.0,537.5,10.0,510.0,10.0,506.0,20.0,503.5,10.0,498.5,7.0,494.0,10.0
2023-04-27 21:05:45.5,1682600745500000000,517.5,517.5,517.5,4461.0,10.0,51750.0,524.5,20.0,525.0,10.0,535.5,10.0,536.0,10.0,537.5,10.0,509.0,10.0,506.0,20.0,503.5,10.0,498.5,7.0,494.0,10.0
2023-04-27 21:05:45.75,1682600745750000000,517.5,517.5,517.5,4461.0,10.0,51750.0,521.0,10.0,524.5,20.0,535.5,10.0,536.0,10.0,537.5,10.0,508.5,10.0,506.0,20.0,500.0,10.0,498.5,7.0,494.0,10.0
2023-04-27 21:05:46.0,1682600746000000000,517.5,517.5,517.5,4461.0,10.0,51750.0,521.0,10.0,524.5,10.0,535.5,10.0,536.0,10.0,538.0,7.0,508.5,10.0,506.0,10.0,500.0,10.0,498.5,7.0,494.0,10.0
2023-04-27 21:05:46.25,1682600746250000000,517.5,517.5,517.5,4461.0,10.0,51750.0,521.0,20.0,535.5,10.0,536.0,10.0,538.0,7.0,544.0,10.0,508.5,10.0,506.0,10.0,500.0,10.0,498.5,7.0,494.0,10.0
2023-04-27 21:05:48.0,1682600748000000000,517.5,517.5,517.5,4461.0,10.0,51750.0,520.5,10.0,521.0,20.0,535.5,10.0,536.0,10.0,538.0,7.0,508.5,10.0,506.0,20.0,500.0,10.0,498.5,7.0,494.0,10.0
2023-04-27 21:05:48.75,1682600748750000000,517.5,517.5,517.5,4461.0,10.0,51750.0,520.5,10.0,521.0,20.0,535.5,20.0,536.0,10.0,538.0,7.0,508.5,10.0,506.0,20.0,500.0,10.0,498.5,7.0,494.0,10.0
2023-04-27 21:05:56.25,1682600756250000000,517.5,517.5,517.5,4461.0,10.0,51750.0,520.5,10.0,521.0,10.0,525.0,10.0,535.5,20.0,536.0,10.0,508.5,10.0,506.0,20.0,502.5,10.0,498.5,7.0,494.0,10.0
2023-04-27 21:05:59.0,1682600759000000000,517.5,517.5,517.5,4461.0,10.0,51750.0,520.5,10.0,521.0,10.0,525.0,10.0,535.5,10.0,536.0,10.0,508.5,10.0,506.0,20.0,502.5,10.0,498.5,7.0,494.5,10.0
2023-04-27 21:05:59.25,1682600759250000000,517.5,517.5,517.5,4461.0,10.0,51750.0,520.5,10.0,521.0,10.0,525.0,10.0,535.5,10.0,536.0,10.0,508.5,10.0,506.0,20.0,502.5,10.0,499.5,10.0,498.5,7.0
2023-04-27 21:06:00.5,1682600760500000000,517.5,517.5,517.5,4461.0,10.0,51750.0,520.5,10.0,521.0,10.0,525.0,10.0,535.5,10.0,536.0,10.0,508.5,10.0,506.0,20.0,502.5,10.0,499.0,10.0,498.5,7.0
2023-04-27 21:06:08.0,1682600768000000000,517.5,517.5,517.5,4461.0,10.0,51750.0,520.5,10.0,521.0,10.0,528.5,10.0,535.5,10.0,536.0,10.0,508.5,10.0,507.0,10.0,506.0,20.0,499.0,10.0,498.5,7.0
2023-04-27 21:06:10.5,1682600770500000000,517.5,517.5,517.5,4461.0,10.0,51750.0,520.5,10.0,528.5,10.0,535.5,10.0,536.0,10.0,538.0,7.0,507.0,10.0,506.0,20.0,499.0,10.0,498.5,7.0,494.5,10.0
2023-04-27 21:06:10.75,1682600770750000000,517.5,517.5,517.5,4461.0,10.0,51750.0,528.0,10.0,528.5,10.0,535.5,10.0,536.0,10.0,538.0,7.0,507.0,10.0,506.0,20.0,499.0,10.0,498.5,7.0,494.5,10.0
2023-04-27 21:06:14.25,1682600774250000000,517.5,517.5,517.5,4461.0,10.0,51750.0,527.5,10.0,528.0,10.0,528.5,10.0,535.5,10.0,536.0,10.0,510.5,10.0,507.0,10.0,506.0,20.0,499.0,10.0,498.5,7.0
2023-04-27 21:06:14.5,1682600774500000000,517.5,517.5,517.5,4461.0,10.0,51750.0,527.0,10.0,527.5,10.0,528.5,10.0,535.5,10.0,536.0,10.0,510.5,10.0,507.0,20.0,506.0,10.0,499.0,10.0,498.5,7.0
2023-04-27 21:06:15.5,1682600775500000000,517.5,517.5,517.5,4461.0,10.0,51750.0,527.0,20.0,528.5,10.0,535.5,10.0,536.0,10.0,538.0,7.0,510.0,10.0,507.0,20.0,506.0,10.0,499.0,10.0,498.5,7.0
2023-04-27 21:06:16.75,1682600776750000000,517.5,517.5,517.5,4461.0,10.0,51750.0,526.0,10.0,527.0,10.0,528.5,10.0,535.5,10.0,536.0,10.0,509.5,10.0,507.0,20.0,506.0,10.0,499.0,10.0,498.5,7.0
2023-04-27 21:06:17.0,1682600777000000000,517.5,517.5,517.5,4461.0,10.0,51750.0,525.5,10.0,526.0,10.0,528.5,10.0,535.5,10.0,536.0,10.0,509.5,10.0,507.0,20.0,506.0,10.0,499.0,10.0,498.5,7.0
2023-04-27 21:06:18.0,1682600778000000000,517.5,517.5,517.5,4461.0,10.0,51750.0,525.5,10.0,526.0,10.0,528.5,10.0,535.5,10.0,536.0,10.0,509.0,10.0,507.0,20.0,506.0,10.0,499.0,10.0,498.5,7.0
2023-04-27 21:06:18.25,1682600778250000000,517.5,517.5,517.5,4461.0,10.0,51750.0,525.5,10.0,526.5,10.0,528.5,10.0,535.5,10.0,536.0,10.0,510.0,10.0,507.0,20.0,506.0,10.0,499.0,10.0,498.5,7.0
2023-04-27 21:06:18.75,1682600778750000000,517.5,517.5,517.5,4461.0,10.0,51750.0,525.5,10.0,526.0,10.0,528.5,10.0,535.5,10.0,536.0,10.0,509.0,10.0,507.0,20.0,506.0,10.0,499.0,10.0,498.5,7.0
2023-04-27 21:06:19.0,1682600779000000000,517.5,517.5,517.5,4461.0,10.0,51750.0,524.5,10.0,525.5,10.0,528.5,10.0,535.5,10.0,536.0,10.0,507.5,10.0,507.0,20.0,506.0,10.0,499.0,10.0,498.5,7.0
2023-04-27 21:06:19.25,1682600779250000000,517.5,517.5,517.5,4461.0,10.0,51750.0,524.0,20.0,528.5,10.0,535.5,10.0,536.0,10.0,538.0,7.0,507.0,30.0,506.0,10.0,499.0,10.0,498.5,7.0,487.5,10.0
2023-04-27 21:06:19.75,1682600779750000000,517.5,517.5,517.5,4461.0,10.0,51750.0,523.5,10.0,524.0,10.0,528.5,10.0,535.5,10.0,536.0,10.0,507.0,30.0,506.0,10.0,499.0,10.0,498.5,7.0,487.5,10.0
2023-04-27 21:06:20.0,1682600780000000000,517.5,517.5,517.5,4461.0,10.0,51750.0,523.0,10.0,523.5,10.0,528.5,10.0,535.5,10.0,536.0,10.0,507.0,20.0,506.0,20.0,499.0,10.0,498.5,7.0,487.5,10.0
2023-04-27 21:06:21.75,1682600781750000000,517.5,517.5,517.5,4461.0,10.0,51750.0,523.0,10.0,525.0,10.0,528.5,10.0,535.5,10.0,536.0,10.0,508.5,10.0,507.0,10.0,506.0,20.0,499.0,10.0,498.5,7.0
2023-04-27 21:06:22.5,1682600782500000000,517.5,517.5,517.5,4461.0,10.0,51750.0,523.0,10.0,525.5,10.0,528.5,10.0,535.5,10.0,536.0,10.0,508.5,10.0,507.0,10.0,506.0,20.0,499.0,10.0,498.5,7.0
2023-04-27 21:06:23.0,1682600783000000000,517.5,517.5,517.5,4461.0,10.0,51750.0,523.0,10.0,526.5,10.0,528.5,10.0,535.5,10.0,536.0,10.0,509.5,10.0,507.0,10.0,506.0,20.0,499.0,10.0,498.5,7.0
2023-04-27 21:06:23.25,1682600783250000000,517.5,517.5,517.5,4461.0,10.0,51750.0,523.0,10.0,525.5,10.0,528.5,10.0,535.5,10.0,536.0,10.0,508.5,10.0,507.0,10.0,506.0,20.0,499.0,10.0,498.5,7.0
2023-04-27 21:06:23.75,1682600783750000000,517.5,517.5,517.5,4461.0,10.0,51750.0,523.0,10.0,526.5,10.0,528.5,10.0,535.5,10.0,536.0,10.0,509.5,10.0,507.0,10.0,506.0,20.0,499.0,10.0,498.5,7.0
2023-04-27 21:06:24.5,1682600784500000000,517.5,517.5,517.5,4461.0,10.0,51750.0,523.0,10.0,525.5,10.0,528.5,10.0,535.5,10.0,536.0,10.0,508.5,10.0,507.0,10.0,506.0,20.0,499.0,10.0,498.5,7.0
2023-04-27 21:06:25.0,1682600785000000000,517.5,517.5,517.5,4461.0,10.0,51750.0,523.0,10.0,525.5,10.0,528.5,10.0,535.5,10.0,536.0,10.0,509.0,10.0,507.0,10.0,506.0,20.0,499.0,10.0,498.5,7.0
2023-04-27 21:06:25.25,1682600785250000000,517.5,517.5,517.5,4461.0,10.0,51750.0,523.0,10.0,525.0,10.0,528.5,10.0,535.5,10.0,536.0,10.0,508.0,10.0,507.0,10.0,506.0,20.0,499.0,10.0,498.5,7.0
2023-04-27 21:06:25.5,1682600785500000000,517.5,517.5,517.5,4461.0,10.0,51750.0,523.0,10.0,525.5,10.0,528.5,10.0,535.5,10.0,536.0,10.0,509.0,10.0,507.0,10.0,506.0,20.0,499.0,10.0,498.5,7.0
2023-04-27 21:06:25.75,1682600785750000000,517.5,517.5,517.5,4461.0,10.0,51750.0,523.0,10.0,525.0,10.0,528.5,10.0,535.5,10.0,536.0,10.0,508.0,10.0,507.0,10.0,506.0,20.0,499.0,10.0,498.5,7.0
2023-04-27 21:06:27.75,1682600787750000000,517.5,517.5,517.5,4461.0,10.0,51750.0,523.0,10.0,524.0,10.0,528.5,10.0,535.5,10.0,536.0,10.0,507.5,10.0,507.0,10.0,506.0,20.0,499.0,10.0,498.5,7.0
2023-04-27 21:06:28.25,1682600788250000000,517.5,517.5,517.5,4461.0,10.0,51750.0,523.0,10.0,524.5,10.0,528.5,10.0,535.5,10.0,536.0,10.0,507.5,10.0,507.0,10.0,506.0,20.0,499.0,10.0,498.5,7.0
2023-04-27 21:06:28.5,1682600788500000000,517.5,517.5,517.5,4461.0,10.0,51750.0,523.0,10.0,524.0,10.0,528.5,10.0,535.5,10.0,536.0,10.0,507.0,20.0,506.0,20.0,499.0,10.0,498.5,7.0,494.5,10.0
2023-04-27 21:06:28.75,1682600788750000000,517.5,517.5,517.5,4461.0,10.0,51750.0,523.0,20.0,524.5,10.0,535.5,10.0,536.0,10.0,538.0,7.0,506.5,10.0,506.0,20.0,503.5,10.0,498.5,17.0,494.5,10.0
2023-04-27 21:06:29.0,1682600789000000000,517.5,517.5,517.5,4461.0,10.0,51750.0,523.0,10.0,523.5,10.0,524.5,10.0,529.0,10.0,535.5,10.0,506.5,10.0,506.0,10.0,503.5,10.0,499.5,10.0,498.5,17.0
2023-04-27 21:06:29.25,1682600789250000000,517.5,517.5,517.5,4461.0,10.0,51750.0,522.5,10.0,523.0,10.0,524.5,10.0,529.0,10.0,535.5,10.0,506.0,20.0,503.5,10.0,499.5,10.0,498.5,7.0,494.5,10.0
2023-04-27 21:06:29.5,1682600789500000000,517.5,517.5,517.5,4461.0,10.0,51750.0,522.0,10.0,522.5,10.0,524.5,10.0,528.0,10.0,529.0,10.0,506.0,10.0,503.5,20.0,499.5,10.0,498.5,7.0,497.5,10.0
2023-04-27 21:06:29.75,1682600789750000000,517.5,517.5,517.5,4461.0,10.0,51750.0,522.0,20.0,524.5,10.0,528.0,10.0,529.0,10.0,538.0,7.0,505.5,10.0,503.5,20.0,499.5,10.0,498.5,7.0,497.5,10.0
2023-04-27 21:06:30.75,1682600790750000000,517.5,517.5,517.5,4461.0,10.0,51750.0,522.0,20.0,524.5,10.0,528.0,10.0,529.0,10.0,538.0,7.0,505.0,10.0,503.5,20.0,499.5,10.0,498.5,7.0,497.5,10.0
2023-04-27 21:06:31.5,1682600791500000000,517.5,517.5,517.5,4461.0,10.0,51750.0,521.5,10.0,522.0,10.0,524.5,10.0,528.0,10.0,529.0,10.0,505.0,10.0,503.5,20.0,499.5,10.0,498.5,7.0,497.5,10.0
2023-04-27 21:06:31.75,1682600791750000000,517.5,517.5,517.5,4461.0,10.0,51750.0,521.0,10.0,521.5,10.0,524.5,10.0,528.0,10.0,529.0,10.0,505.0,10.0,503.5,20.0,499.5,10.0,498.5,7.0,497.5,10.0
2023-04-27 21:06:32.0,1682600792000000000,517.5,517.5,517.5,4461.0,10.0,51750.0,521.0,10.0,522.5,10.0,524.5,10.0,528.5,10.0,529.0,10.0,506.0,10.0,503.5,20.0,499.5,10.0,498.5,7.0,497.5,10.0
2023-04-27 21:06:33.0,1682600793000000000,517.5,517.5,517.5,4461.0,10.0,51750.0,521.0,10.0,523.0,10.0,524.5,10.0,529.0,20.0,538.0,7.0,506.5,10.0,503.5,20.0,499.5,10.0,498.5,7.0,497.5,10.0
2023-04-27 21:06:33.5,1682600793500000000,517.5,517.5,517.5,4461.0,10.0,51750.0,521.0,10.0,523.0,10.0,524.5,10.0,529.0,10.0,535.0,10.0,506.5,10.0,503.5,20.0,499.5,10.0,498.5,7.0,497.5,10.0
2023-04-27 21:06:33.75,1682600793750000000,517.5,517.5,517.5,4461.0,10.0,51750.0,521.0,10.0,523.0,10.0,524.5,10.0,529.0,10.0,535.0,10.0,506.5,10.0,503.5,20.0,499.5,10.0,499.0,10.0,498.5,7.0
2023-04-27 21:06:34.0,1682600794000000000,517.5,517.5,517.5,4461.0,10.0,51750.0,521.0,10.0,522.5,10.0,524.5,10.0,529.0,10.0,535.0,10.0,506.0,10.0,503.5,20.0,499.5,10.0,498.5,17.0,492.0,10.0
2023-04-27 21:06:34.75,1682600794750000000,517.5,517.5,517.5,4461.0,10.0,51750.0,521.0,10.0,522.5,10.0,524.5,10.0,529.0,10.0,535.0,10.0,506.0,10.0,503.5,20.0,499.5,10.0,498.5,7.0,495.0,10.0
2023-04-27 21:06:35.0,1682600795000000000,517.5,517.5,517.5,4461.0,10.0,51750.0,521.0,10.0,522.5,10.0,524.5,10.0,528.5,10.0,529.0,10.0,506.0,10.0,503.5,20.0,499.5,10.0,498.5,7.0,495.0,10.0
2023-04-27 21:06:35.25,1682600795250000000,517.5,517.5,517.5,4461.0,10.0,51750.0,521.0,10.0,521.5,10.0,524.5,10.0,528.5,10.0,529.0,10.0,505.0,10.0,503.5,20.0,499.5,10.0,498.5,7.0,495.0,10.0
2023-04-27 21:06:36.25,1682600796250000000,517.5,517.5,517.5,4461.0,10.0,51750.0,521.0,10.0,522.0,10.0,524.5,10.0,528.5,10.0,529.0,10.0,505.0,10.0,503.5,20.0,499.5,10.0,498.5,7.0,495.0,10.0
2023-04-27 21:06:36.5,1682600796500000000,517.5,517.5,517.5,4461.0,10.0,51750.0,521.0,10.0,521.5,10.0,524.5,10.0,528.5,10.0,529.0,10.0,505.0,10.0,503.5,20.0,499.5,10.0,498.5,7.0,495.0,10.0
2023-04-27 21:06:37.5,1682600797500000000,517.5,517.5,517.5,4461.0,10.0,51750.0,521.0,10.0,521.5,10.0,524.5,10.0,528.5,10.0,529.0,10.0,504.5,10.0,503.5,20.0,499.5,10.0,498.5,7.0,495.0,10.0
2023-04-27 21:06:37.75,1682600797750000000,517.5,517.5,517.5,4461.0,10.0,51750.0,521.0,10.0,521.5,10.0,524.5,10.0,528.5,10.0,529.0,10.0,505.0,10.0,503.5,20.0,499.5,10.0,498.5,7.0,495.0,10.0
2023-04-27 21:06:38.0,1682600798000000000,517.5,517.5,517.5,4461.0,10.0,51750.0,521.0,10.0,521.5,10.0,524.5,10.0,528.5,10.0,529.0,10.0,504.5,10.0,503.5,20.0,499.5,10.0,498.5,7.0,495.0,10.0
2023-04-27 21:06:38.25,1682600798250000000,517.5,517.5,517.5,4461.0,10.0,51750.0,521.0,10.0,521.5,10.0,524.5,10.0,528.5,10.0,529.0,10.0,505.0,10.0,503.5,20.0,499.5,10.0,498.5,7.0,495.0,10.0
2023-04-27 21:06:38.5,1682600798500000000,517.5,517.5,517.5,4461.0,10.0,51750.0,521.0,10.0,522.0,10.0,524.5,10.0,528.5,10.0,529.0,10.0,505.0,10.0,503.5,20.0,499.5,10.0,498.5,7.0,495.0,10.0
2023-04-27 21:06:40.25,1682600800250000000,517.5,517.5,517.5,4461.0,10.0,51750.0,521.0,10.0,523.0,10.0,524.5,10.0,528.5,10.0,529.0,10.0,506.0,10.0,503.5,20.0,499.5,10.0,498.5,7.0,495.0,10.0
2023-04-27 21:06:42.75,1682600802750000000,517.5,517.5,517.5,4461.0,10.0,51750.0,521.0,10.0,523.0,10.0,524.5,10.0,529.0,20.0,538.0,7.0,506.0,10.0,503.5,20.0,499.5,10.0,498.5,7.0,495.0,10.0
2023-04-27 21:06:43.25,1682600803250000000,517.5,517.5,517.5,4461.0,10.0,51750.0,521.0,10.0,523.5,10.0,524.5,10.0,529.0,20.0,538.0,7.0,506.5,10.0,503.5,20.0,499.5,10.0,498.5,7.0,495.0,10.0
2023-04-27 21:06:43.5,1682600803500000000,517.5,517.5,517.5,4461.0,10.0,51750.0,521.0,20.0,523.5,10.0,524.5,10.0,529.0,10.0,535.0,10.0,506.5,20.0,503.5,20.0,499.5,10.0,499.0,10.0,498.5,7.0
2023-04-27 21:06:44.0,1682600804000000000,517.5,517.5,517.5,4461.0,10.0,51750.0,521.0,20.0,523.0,10.0,524.5,10.0,529.0,10.0,535.0,10.0,506.5,20.0,503.5,20.0,499.5,10.0,498.5,17.0,492.0,10.0
2023-04-27 21:06:44.5,1682600804500000000,517.5,517.5,517.5,4461.0,10.0,51750.0,521.0,20.0,524.0,10.0,524.5,10.0,529.0,10.0,535.0,10.0,507.0,10.0,506.5,10.0,503.5,20.0,499.5,10.0,498.5,17.0
2023-04-27 21:06:44.75,1682600804750000000,517.5,517.5,517.5,4461.0,10.0,51750.0,521.0,20.0,524.0,10.0,524.5,10.0,529.0,10.0,535.0,10.0,507.0,10.0,506.5,20.0,503.5,10.0,499.5,10.0,498.5,17.0
2023-04-27 21:06:45.0,1682600805000000000,517.5,517.5,517.5,4461.0,10.0,51750.0,520.5,10.0,521.0,10.0,524.0,10.0,524.5,10.0,529.0,10.0,507.0,10.0,506.5,20.0,503.5,10.0,499.5,10.0,498.5,17.0
2023-04-27 21:06:45.5,1682600805500000000,517.5,517.5,517.5,4461.0,10.0,51750.0,520.5,10.0,521.0,10.0,523.5,10.0,524.5,10.0,529.0,10.0,506.5,30.0,503.5,10.0,499.5,10.0,498.5,17.0,492.0,10.0
2023-04-27 21:06:46.25,1682600806250000000,517.5,517.5,517.5,4461.0,10.0,51750.0,520.5,10.0,521.0,10.0,524.5,10.0,525.5,10.0,529.0,10.0,508.5,10.0,506.5,20.0,503.5,10.0,499.5,10.0,498.5,17.0
2023-04-27 21:06:46.75,1682600806750000000,517.5,517.5,517.5,4461.0,10.0,51750.0,520.5,20.0,524.5,10.0,525.5,10.0,529.0,10.0,535.0,10.0,508.5,20.0,506.5,10.0,503.5,10.0,499.5,10.0,498.5,17.0
2023-04-27 21:06:47.25,1682600807250000000,517.5,517.5,517.5,4461.0,10.0,51750.0,520.5,20.0,524.5,10.0,526.0,10.0,529.0,10.0,535.0,10.0,509.0,10.0,508.5,10.0,506.5,10.0,503.5,10.0,499.5,10.0
2023-04-27 21:06:47.75,1682600807750000000,517.5,517.5,517.5,4461.0,10.0,51750.0,520.5,20.0,524.5,10.0,525.0,10.0,529.0,10.0,535.0,10.0,508.5,10.0,508.0,10.0,506.5,10.0,503.5,10.0,499.5,10.0
2023-04-27 21:06:52.5,1682600812500000000,517.5,517.5,517.5,4461.0,10.0,51750.0,520.5,20.0,524.5,10.0,525.5,10.0,529.0,10.0,535.0,10.0,508.5,20.0,506.5,10.0,503.5,10.0,499.5,10.0,498.5,17.0
2023-04-27 21:06:54.25,1682600814250000000,517.5,517.5,517.5,4461.0,10.0,51750.0,520.5,20.0,524.5,10.0,526.5,10.0,529.0,10.0,535.0,10.0,509.5,10.0,508.5,10.0,506.5,10.0,503.5,10.0,499.5,10.0
2023-04-27 21:06:54.75,1682600814750000000,517.5,517.5,517.5,4461.0,10.0,51750.0,520.5,20.0,524.5,10.0,526.5,10.0,529.0,10.0,535.0,10.0,509.5,20.0,506.5,10.0,503.5,10.0,499.5,10.0,498.5,17.0
2023-04-27 21:06:56.5,1682600816500000000,517.5,517.5,517.5,4461.0,10.0,51750.0,520.5,20.0,524.5,10.0,527.0,10.0,529.0,10.0,535.0,10.0,510.0,10.0,509.5,10.0,506.5,10.0,503.5,10.0,499.5,10.0
2023-04-27 21:06:56.75,1682600816750000000,517.5,517.5,517.5,4461.0,10.0,51750.0,520.5,20.0,524.5,10.0,527.0,10.0,529.0,10.0,535.0,10.0,510.0,10.0,509.5,20.0,503.5,10.0,500.0,10.0,499.5,10.0
2023-04-27 21:06:57.0,1682600817000000000,517.5,517.5,517.5,4461.0,10.0,51750.0,520.0,10.0,520.5,10.0,524.5,10.0,526.0,10.0,529.0,10.0,509.5,20.0,509.0,10.0,503.5,10.0,499.5,20.0,498.5,7.0
2023-04-27 21:06:57.75,1682600817750000000,517.5,517.5,517.5,4461.0,10.0,51750.0,520.0,10.0,520.5,10.0,524.5,10.0,527.0,10.0,529.0,10.0,510.0,10.0,509.5,20.0,503.5,10.0,499.5,20.0,498.5,7.0
2023-04-27 21:06:58.0,1682600818000000000,517.5,517.5,517.5,4461.0,10.0,51750.0,520.0,10.0,520.5,10.0,524.5,10.0,527.5,10.0,529.0,10.0,510.5,10.0,509.5,20.0,503.5,10.0,499.5,20.0,498.5,7.0
2023-04-27 21:06:58.25,1682600818250000000,517.5,517.5,517.5,4461.0,10.0,51750.0,520.0,20.0,524.5,10.0,527.5,10.0,529.0,10.0,535.0,10.0,510.5,20.0,509.5,10.0,503.5,10.0,499.5,20.0,498.5,7.0
2023-04-27 21:06:58.5,1682600818500000000,517.5,517.5,517.5,4461.0,10.0,51750.0,520.0,20.0,524.5,10.0,527.5,10.0,529.0,10.0,535.0,10.0,510.5,20.0,503.5,20.0,499.5,20.0,498.5,7.0,492.0,10.0
2023-04-27 21:06:58.75,1682600818750000000,517.5,517.5,517.5,4461.0,10.0,51750.0,519.5,10.0,520.0,10.0,524.5,10.0,527.0,10.0,529.0,10.0,510.5,10.0,510.0,10.0,503.5,20.0,499.5,20.0,498.5,7.0
2023-04-27 21:06:59.0,1682600819000000000,517.5,517.5,517.5,4461.0,10.0,51750.0,519.5,10.0,520.0,10.0,524.5,10.0,527.0,10.0,529.0,10.0,510.5,10.0,510.0,20.0,503.5,10.0,499.5,20.0,498.5,7.0
2023-04-27 21:06:59.75,1682600819750000000,517.5,517.5,517.5,4461.0,10.0,51750.0,519.5,10.0,520.0,10.0,521.5,10.0,524.5,10.0,527.0,10.0,510.5,10.0,510.0,20.0,508.5,10.0,503.5,10.0,499.5,20.0
2023-04-27 21:07:00.75,1682600820750000000,517.5,517.5,517.5,4461.0,10.0,51750.0,519.5,10.0,520.0,10.0,521.5,10.0,524.5,10.0,528.0,10.0,511.0,10.0,510.5,10.0,510.0,10.0,508.5,10.0,503.5,10.0
2023-04-27 21:07:01.0,1682600821000000000,517.5,517.5,517.5,4461.0,10.0,51750.0,519.5,10.0,520.0,10.0,521.5,10.0,524.5,10.0,528.0,10.0,511.0,10.0,510.5,10.0,510.0,10.0,509.0,10.0,503.5,10.0
2023-04-27 21:07:02.25,1682600822250000000,517.5,517.5,517.5,4461.0,10.0,51750.0,519.5,10.0,520.0,10.0,521.5,10.0,524.5,10.0,526.5,10.0,510.5,10.0,510.0,10.0,509.5,10.0,509.0,10.0,503.5,10.0
2023-04-27 21:07:02.75,1682600822750000000,517.5,517.5,517.5,4461.0,10.0,51750.0,519.5,10.0,520.0,10.0,521.5,10.0,524.5,10.0,526.5,10.0,510.5,10.0,510.0,10.0,509.5,10.0,508.5,10.0,503.5,10.0
2023-04-27 21:07:03.25,1682600823250000000,517.5,517.5,517.5,4461.0,10.0,51750.0,519.5,10.0,520.0,10.0,521.5,10.0,524.5,10.0,525.5,10.0,510.5,10.0,510.0,10.0,509.0,10.0,508.5,10.0,503.5,10.0
2023-04-27 21:07:04.0,1682600824000000000,517.5,517.5,517.5,4461.0,10.0,51750.0,519.5,10.0,520.0,10.0,521.5,10.0,524.5,10.0,526.5,10.0,510.5,10.0,510.0,10.0,509.5,10.0,508.5,10.0,503.5,10.0
2023-04-27 21:07:08.25,1682600828250000000,517.5,517.5,517.5,4461.0,10.0,51750.0,519.5,10.0,520.0,10.0,521.5,10.0,524.5,10.0,526.0,10.0,510.5,10.0,510.0,10.0,509.5,10.0,508.5,10.0,503.5,10.0
2023-04-27 21:07:08.5,1682600828500000000,517.5,517.5,517.5,4461.0,10.0,51750.0,519.5,10.0,520.0,10.0,521.5,10.0,524.5,10.0,525.5,10.0,510.5,10.0,510.0,10.0,508.5,20.0,503.5,10.0,499.5,10.0
2023-04-27 21:07:08.75,1682600828750000000,517.5,517.5,517.5,4461.0,10.0,51750.0,519.5,10.0,520.0,10.0,521.5,10.0,524.5,10.0,526.0,10.0,510.5,10.0,510.0,10.0,509.5,10.0,508.5,10.0,503.5,10.0
2023-04-27 21:07:09.0,1682600829000000000,517.5,517.5,517.5,4461.0,10.0,51750.0,519.5,10.0,520.0,10.0,521.5,10.0,524.5,10.0,525.5,10.0,510.5,10.0,510.0,10.0,508.5,20.0,503.5,10.0,499.5,20.0
2023-04-27 21:07:09.25,1682600829250000000,517.5,517.5,517.5,4461.0,10.0,51750.0,519.5,10.0,520.0,10.0,521.5,10.0,524.5,10.0,525.0,10.0,510.5,10.0,510.0,10.0,508.5,20.0,503.5,10.0,499.5,10.0
2023-04-27 21:07:09.5,1682600829500000000,517.5,517.5,517.5,4461.0,10.0,51750.0,519.5,10.0,520.0,10.0,521.5,10.0,524.5,10.0,526.0,10.0,510.5,10.0,510.0,10.0,509.5,10.0,508.5,10.0,503.5,10.0
2023-04-27 21:07:10.0,1682600830000000000,517.5,517.5,517.5,4461.0,10.0,51750.0,519.5,10.0,520.0,10.0,521.5,10.0,524.5,10.0,526.5,10.0,510.5,10.0,510.0,20.0,508.5,10.0,503.5,10.0,499.5,20.0
2023-04-27 21:07:10.25,1682600830250000000,517.5,517.5,517.5,4461.0,10.0,51750.0,519.5,10.0,520.0,10.0,521.5,10.0,524.5,10.0,527.0,10.0,510.5,10.0,510.0,20.0,508.5,10.0,503.5,10.0,499.5,20.0
2023-04-27 21:07:10.5,1682600830500000000,517.5,517.5,517.5,4461.0,10.0,51750.0,519.5,10.0,520.0,10.0,521.5,10.0,524.5,10.0,527.5,10.0,511.0,10.0,510.5,10.0,510.0,10.0,508.5,10.0,503.5,10.0
2023-04-27 21:07:11.0,1682600831000000000,517.5,517.5,517.5,4461.0,10.0,51750.0,519.5,10.0,520.0,10.0,521.5,10.0,524.5,10.0,527.5,10.0,511.0,10.0,510.5,10.0,510.0,10.0,509.0,10.0,503.5,10.0
2023-04-27 21:07:13.75,1682600833750000000,517.5,517.5,517.5,4461.0,10.0,51750.0,519.5,10.0,520.0,10.0,521.5,10.0,524.5,10.0,527.0,10.0,510.5,10.0,510.0,20.0,509.0,10.0,503.5,10.0,499.5,20.0
2023-04-27 21:07:14.0,1682600834000000000,517.5,517.5,517.5,4461.0,10.0,51750.0,518.5,10.0,519.5,10.0,520.0,10.0,521.5,10.0,523.0,10.0,513.0,10.0,511.0,10.0,510.5,10.0,510.0,20.0,508.5,10.0
2023-04-27 21:07:14.5,1682600834500000000,517.5,517.5,517.5,4461.0,10.0,51750.0,518.5,20.0,519.5,10.0,520.5,10.0,523.0,10.0,527.5,10.0,513.0,20.0,511.0,20.0,510.0,20.0,499.5,10.0,498.5,7.0
2023-04-27 21:07:15.5,1682600835500000000,517.5,517.5,517.5,4461.0,10.0,51750.0,518.5,20.0,519.0,10.0,519.5,10.0,520.5,10.0,523.0,10.0,513.0,30.0,511.0,20.0,510.0,20.0,499.5,10.0,498.5,7.0
2023-04-27 21:07:20.5,1682600840500000000,517.5,517.5,517.5,4461.0,10.0,51750.0,518.5,10.0,519.0,10.0,519.5,10.0,520.5,10.0,523.0,10.0,513.0,20.0,511.0,20.0,510.0,20.0,499.5,10.0,498.5,7.0
2023-04-27 21:07:21.0,1682600841000000000,517.5,517.5,517.5,4461.0,10.0,51750.0,518.5,10.0,519.0,10.0,519.5,10.0,520.5,10.0,523.0,10.0,513.0,20.0,511.0,10.0,510.0,30.0,499.5,10.0,498.5,7.0
2023-04-27 21:07:22.0,1682600842000000000,517.5,517.5,517.5,4461.0,10.0,51750.0,518.5,10.0,519.0,10.0,519.5,10.0,520.5,10.0,523.0,10.0,513.0,20.0,512.0,10.0,511.0,10.0,510.0,20.0,499.5,10.0
2023-04-27 21:07:22.25,1682600842250000000,517.5,517.5,517.5,4461.0,10.0,51750.0,518.5,10.0,519.0,20.0,520.5,10.0,523.0,10.0,528.5,10.0,513.0,20.0,512.0,20.0,511.0,10.0,510.0,10.0,499.5,10.0
2023-04-27 21:07:22.5,1682600842500000000,517.5,517.5,517.5,4461.0,10.0,51750.0,518.0,10.0,518.5,10.0,519.0,10.0,520.5,10.0,523.0,10.0,513.0,20.0,512.0,20.0,511.0,10.0,510.0,10.0,499.5,10.0
2023-04-27 21:07:23.0,1682600843000000000,517.5,517.5,517.5,4461.0,10.0,51750.0,518.5,10.0,519.0,20.0,520.5,10.0,523.0,10.0,529.0,20.0,513.0,20.0,512.5,10.0,512.0,10.0,511.0,10.0,510.0,10.0
2023-04-27 21:07:24.0,1682600844000000000,517.5,517.5,517.5,4461.0,10.0,51750.0,518.5,10.0,519.0,20.0,520.5,10.0,523.0,10.0,527.5,10.0,513.0,20.0,512.0,10.0,511.0,10.0,510.5,10.0,510.0,10.0
2023-04-27 21:07:24.25,1682600844250000000,517.5,517.5,517.5,4461.0,10.0,51750.0,518.5,10.0,519.0,20.0,520.5,10.0,523.0,10.0,527.5,10.0,513.0,20.0,512.0,10.0,511.0,20.0,510.0,10.0,502.0,10.0
2023-04-27 21:07:25.0,1682600845000000000,517.5,517.5,517.5,4461.0,10.0,51750.0,518.0,10.0,518.5,10.0,519.0,10.0,520.5,10.0,523.0,10.0,513.0,20.0,511.0,30.0,510.0,10.0,502.0,10.0,499.5,10.0
2023-04-27 21:07:25.5,1682600845500000000,517.5,517.5,517.5,4461.0,10.0,51750.0,518.5,10.0,519.0,20.0,520.0,10.0,523.0,10.0,527.5,10.0,513.0,20.0,511.0,30.0,510.0,10.0,502.0,10.0,499.5,10.0
2023-04-27 21:07:26.0,1682600846000000000,517.5,517.5,517.5,4461.0,10.0,51750.0,518.5,10.0,519.0,20.0,520.5,10.0,523.0,10.0,527.5,10.0,513.0,20.0,511.0,30.0,510.0,10.0,502.0,10.0,499.5,10.0
2023-04-27 21:07:26.25,1682600846250000000,517.5,517.5,517.5,4461.0,10.0,51750.0,518.5,10.0,519.0,20.0,520.5,10.0,523.0,10.0,528.5,10.0,513.0,20.0,511.5,10.0,511.0,20.0,510.0,10.0,502.0,10.0
2023-04-27 21:07:29.5,1682600849500000000,517.5,517.5,517.5,4461.0,10.0,51750.0,518.5,10.0,519.0,20.0,520.5,10.0,523.0,10.0,528.0,10.0,513.0,20.0,511.0,30.0,510.0,10.0,502.0,10.0,499.5,10.0
2023-04-27 21:07:29.75,1682600849750000000,517.5,517.5,517.5,4461.0,10.0,51750.0,518.5,10.0,519.0,20.0,520.5,10.0,523.0,10.0,527.5,10.0,513.0,20.0,511.0,30.0,510.0,10.0,502.0,10.0,499.5,10.0
2023-04-27 21:07:30.0,1682600850000000000,517.5,517.5,517.5,4461.0,10.0,51750.0,518.5,10.0,519.0,20.0,520.5,10.0,523.0,10.0,527.5,10.0,513.0,20.0,511.0,20.0,510.5,10.0,510.0,10.0,502.0,10.0
2023-04-27 21:07:31.25,1682600851250000000,517.5,517.5,517.5,4461.0,10.0,51750.0,518.5,10.0,519.0,20.0,520.5,10.0,523.0,10.0,528.5,10.0,513.0,20.0,511.5,10.0,511.0,20.0,510.0,10.0,502.0,10.0
2023-04-27 21:07:32.5,1682600852500000000,517.5,517.5,517.5,4461.0,10.0,51750.0,518.5,10.0,519.0,20.0,520.5,10.0,523.0,10.0,527.5,10.0,513.0,20.0,511.0,20.0,510.5,10.0,510.0,10.0,502.0,10.0
2023-04-27 21:07:32.75,1682600852750000000,517.5,517.5,517.5,4461.0,10.0,51750.0,518.5,10.0,519.0,20.0,520.5,10.0,523.0,10.0,528.5,10.0,513.0,20.0,511.5,10.0,511.0,20.0,510.0,10.0,502.0,10.0
2023-04-27 21:07:35.5,1682600855500000000,517.5,517.5,517.5,4461.0,10.0,51750.0,518.5,10.0,519.0,20.0,520.5,10.0,523.0,10.0,526.0,10.0,513.0,20.0,511.5,10.0,511.0,20.0,510.0,10.0,509.0,10.0
2023-04-27 21:07:36.5,1682600856500000000,517.5,517.5,517.5,4461.0,10.0,51750.0,519.0,10.0,520.0,20.0,520.5,10.0,523.0,10.0,526.0,10.0,514.0,10.0,513.0,10.0,511.5,20.0,511.0,10.0,510.0,10.0
2023-04-27 21:07:37.0,1682600857000000000,517.5,517.5,517.5,4461.0,10.0,51750.0,519.0,10.0,520.0,20.0,521.0,10.0,523.0,10.0,526.0,10.0,514.0,20.0,512.0,10.0,511.5,20.0,510.0,10.0,509.0,10.0
2023-04-27 21:07:37.25,1682600857250000000,517.5,517.5,517.5,4461.0,10.0,51750.0,519.0,10.0,520.0,20.0,521.0,10.0,523.0,10.0,526.0,10.0,514.0,20.0,512.5,10.0,512.0,10.0,511.5,10.0,510.0,10.0
2023-04-27 21:07:37.75,1682600857750000000,517.5,517.5,517.5,4461.0,10.0,51750.0,519.5,10.0,521.0,20.0,521.5,10.0,523.0,10.0,526.0,10.0,514.5,10.0,514.0,10.0,512.5,10.0,512.0,20.0,510.0,10.0
2023-04-27 21:07:38.0,1682600858000000000,517.5,517.5,517.5,4461.0,10.0,51750.0,520.0,10.0,521.0,10.0,521.5,20.0,525.0,10.0,526.0,10.0,514.5,20.0,513.0,10.0,512.5,30.0,509.0,10.0,499.5,10.0
2023-04-27 21:07:38.5,1682600858500000000,517.5,517.5,517.5,4461.0,10.0,51750.0,520.0,10.0,521.0,10.0,521.5,10.0,522.0,10.0,525.0,10.0,514.5,20.0,513.0,10.0,512.5,30.0,509.0,10.0,499.5,10.0
2023-04-27 21:07:38.75,1682600858750000000,517.5,517.5,517.5,4461.0,10.0,51750.0,520.5,10.0,521.5,10.0,522.0,20.0,525.0,10.0,526.0,10.0,515.5,10.0,514.5,10.0,513.0,10.0,512.5,30.0,509.0,10.0
2023-04-27 21:07:39.0,1682600859000000000,517.5,517.5,517.5,4461.0,10.0,51750.0,520.5,10.0,522.0,10.0,522.5,20.0,525.0,10.0,526.0,10.0,515.5,20.0,514.5,10.0,513.5,20.0,512.5,10.0,509.0,10.0
2023-04-27 21:07:39.25,1682600859250000000,520.5,520.5,517.5,4451.0,20.0,103800.0,522.0,10.0,522.5,20.0,525.0,10.0,526.0,10.0,529.0,10.0,515.5,20.0,514.5,10.0,513.5,20.0,512.5,10.0,509.0,10.0
2023-04-27 21:07:39.5,1682600859500000000,520.5,520.5,517.5,4451.0,20.0,103800.0,521.0,10.0,522.0,10.0,522.5,10.0,524.0,10.0,525.0,10.0,515.5,20.0,514.5,10.0,513.5,10.0,513.0,10.0,512.5,10.0
2023-04-27 21:07:39.75,1682600859750000000,520.5,520.5,517.5,4451.0,20.0,103800.0,521.0,10.0,522.0,10.0,522.5,10.0,524.0,10.0,525.0,10.0,515.5,20.0,514.5,10.0,513.5,20.0,512.5,10.0,511.5,10.0
2023-04-27 21:07:40.0,1682600860000000000,520.5,520.5,517.5,4451.0,20.0,103800.0,522.0,10.0,523.0,20.0,523.5,10.0,525.0,10.0,529.0,20.0,517.0,10.0,515.5,10.0,514.5,10.0,513.5,20.0,512.5,10.0
2023-04-27 21:07:40.25,1682600860250000000,520.5,520.5,517.5,4451.0,20.0,103800.0,522.0,10.0,523.0,20.0,524.0,10.0,525.0,10.0,529.0,20.0,517.0,20.0,515.5,10.0,514.5,10.0,513.5,10.0,512.5,10.0
2023-04-27 21:07:40.5,1682600860500000000,520.5,520.5,517.5,4451.0,20.0,103800.0,522.5,10.0,524.0,30.0,528.0,10.0,529.0,20.0,532.5,10.0,517.5,10.0,517.0,10.0,515.5,20.0,515.0,20.0,511.5,10.0
2023-04-27 21:07:40.75,1682600860750000000,520.5,520.5,517.5,4451.0,20.0,103800.0,523.0,10.0,524.0,20.0,528.0,10.0,529.0,20.0,531.5,10.0,517.5,20.0,515.0,20.0,514.5,10.0,511.5,10.0,499.5,10.0
2023-04-27 21:07:41.0,1682600861000000000,520.5,520.5,517.5,4451.0,20.0,103800.0,523.0,20.0,524.0,10.0,525.0,10.0,528.0,10.0,529.0,20.0,517.5,10.0,517.0,10.0,515.5,20.0,515.0,20.0,511.5,10.0
2023-04-27 21:07:41.25,1682600861250000000,520.5,520.5,517.5,4451.0,20.0,103800.0,523.0,20.0,524.0,10.0,525.0,10.0,528.0,10.0,529.0,20.0,517.5,10.0,517.0,20.0,515.5,10.0,515.0,10.0,514.5,10.0
2023-04-27 21:07:41.5,1682600861500000000,520.5,520.5,517.5,4451.0,20.0,103800.0,523.0,20.0,524.0,10.0,525.0,10.0,528.0,10.0,529.0,20.0,517.5,10.0,517.0,20.0,515.5,20.0,515.0,10.0,511.5,10.0
2023-04-27 21:07:42.0,1682600862000000000,520.5,520.5,517.5,4451.0,20.0,103800.0,523.0,20.0,524.0,10.0,525.0,10.0,528.0,10.0,529.0,20.0,517.5,10.0,517.0,20.0,515.5,10.0,515.0,20.0,511.5,10.0
2023-04-27 21:07:42.25,1682600862250000000,520.5,520.5,517.5,4451.0,20.0,103800.0,523.0,20.0,524.0,10.0,525.0,10.0,528.0,10.0,529.0,20.0,517.5,10.0,517.0,20.0,516.0,10.0,515.5,10.0,515.0,10.0
2023-04-27 21:07:42.5,1682600862500000000,520.5,520.5,517.5,4451.0,20.0,103800.0,523.0,20.0,524.0,10.0,525.0,10.0,528.0,10.0,529.0,20.0,517.5,10.0,517.0,20.0,515.5,20.0,515.0,10.0,511.5,10.0
2023-04-27 21:07:43.0,1682600863000000000,520.5,520.5,517.5,4451.0,20.0,103800.0,523.0,20.0,524.0,10.0,525.0,10.0,528.0,10.0,529.0,20.0,517.5,10.0,517.0,20.0,515.5,10.0,515.0,10.0,514.5,10.0
2023-04-27 21:07:43.25,1682600863250000000,520.5,520.5,517.5,4451.0,20.0,103800.0,523.0,20.0,524.0,10.0,525.0,10.0,528.0,10.0,529.0,20.0,517.5,10.0,517.0,20.0,515.5,20.0,515.0,10.0,511.5,10.0
2023-04-27 21:07:44.0,1682600864000000000,520.5,520.5,517.5,4451.0,20.0,103800.0,523.0,20.0,524.0,10.0,525.0,10.0,528.0,10.0,529.0,20.0,517.5,10.0,517.0,20.0,515.5,10.0,515.0,10.0,514.5,10.0
2023-04-27 21:07:44.25,1682600864250000000,520.5,520.5,517.5,4451.0,20.0,103800.0,523.0,20.0,524.0,10.0,525.0,10.0,528.0,10.0,529.0,20.0,517.5,10.0,517.0,20.0,515.5,20.0,515.0,10.0,511.5,10.0
2023-04-27 21:07:46.75,1682600866750000000,520.5,520.5,517.5,4451.0,20.0,103800.0,524.5,10.0,525.0,20.0,525.5,10.0,528.0,10.0,529.0,10.0,518.5,10.0,517.5,10.0,517.0,10.0,516.5,10.0,515.5,10.0
2023-04-27 21:07:47.0,1682600867000000000,520.5,520.5,517.5,4451.0,20.0,103800.0,524.5,10.0,525.0,10.0,525.5,10.0,526.5,10.0,528.0,10.0,518.5,10.0,517.5,10.0,517.0,10.0,516.5,10.0,515.5,10.0
2023-04-27 21:07:47.25,1682600867250000000,520.5,520.5,517.5,4451.0,20.0,103800.0,524.0,10.0,524.5,10.0,525.5,10.0,526.5,10.0,528.0,10.0,518.5,10.0,518.0,10.0,517.0,10.0,516.5,10.0,516.0,10.0
2023-04-27 21:07:47.5,1682600867500000000,520.5,520.5,517.5,4451.0,20.0,103800.0,524.0,10.0,524.5,10.0,525.5,10.0,526.0,10.0,528.0,10.0,518.5,10.0,518.0,10.0,517.0,10.0,516.5,10.0,516.0,10.0
2023-04-27 21:07:50.5,1682600870500000000,520.5,520.5,517.5,4451.0,20.0,103800.0,524.0,10.0,524.5,10.0,525.5,10.0,526.0,10.0,528.0,10.0,518.5,10.0,518.0,10.0,517.0,10.0,516.5,20.0,515.0,10.0
2023-04-27 21:07:51.25,1682600871250000000,520.5,520.5,517.5,4451.0,20.0,103800.0,524.0,20.0,524.5,10.0,526.0,10.0,528.0,10.0,529.0,10.0,518.5,10.0,518.0,20.0,516.5,10.0,515.5,10.0,515.0,10.0
2023-04-27 21:07:54.5,1682600874500000000,520.5,520.5,517.5,4451.0,20.0,103800.0,524.0,20.0,524.5,10.0,526.0,10.0,528.0,10.0,529.0,10.0,518.5,10.0,518.0,20.0,516.5,10.0,516.0,10.0,515.0,10.0
2023-04-27 21:07:54.75,1682600874750000000,520.5,520.5,517.5,4451.0,20.0,103800.0,524.0,20.0,524.5,10.0,526.0,10.0,528.0,10.0,529.0,10.0,518.5,10.0,518.0,20.0,516.5,10.0,515.0,20.0,514.5,10.0
2023-04-27 21:07:55.25,1682600875250000000,520.5,520.5,517.5,4451.0,20.0,103800.0,524.0,30.0,526.0,10.0,528.0,10.0,529.0,10.0,531.5,10.0,518.0,30.0,516.5,10.0,515.0,20.0,514.5,10.0,499.5,10.0
2023-04-27 21:07:55.5,1682600875500000000,520.5,520.5,517.5,4451.0,20.0,103800.0,524.0,30.0,526.0,10.0,528.0,10.0,529.0,10.0,531.5,10.0,518.0,30.0,516.0,10.0,515.5,10.0,515.0,10.0,514.5,10.0
2023-04-27 21:07:55.75,1682600875750000000,520.5,520.5,517.5,4451.0,20.0,103800.0,524.0,30.0,526.0,10.0,528.0,10.0,529.0,10.0,531.5,10.0,518.0,20.0,516.0,20.0,515.5,10.0,515.0,10.0,514.5,10.0
2023-04-27 21:07:57.0,1682600877000000000,520.5,520.5,517.5,4451.0,20.0,103800.0,523.5,10.0,524.0,20.0,526.0,10.0,528.0,10.0,529.0,10.0,518.0,10.0,517.0,10.0,516.0,20.0,515.0,10.0,514.5,20.0
2023-04-27 21:07:57.5,1682600877500000000,520.5,520.5,517.5,4451.0,20.0,103800.0,523.5,10.0,524.0,20.0,525.5,10.0,528.0,10.0,529.0,10.0,518.0,10.0,517.0,10.0,516.0,20.0,515.0,10.0,514.5,20.0
2023-04-27 21:07:58.25,1682600878250000000,520.5,520.5,517.5,4451.0,20.0,103800.0,523.0,10.0,523.5,10.0,524.0,10.0,525.5,10.0,528.0,10.0,518.0,10.0,517.0,20.0,516.0,10.0,515.0,10.0,514.5,20.0
2023-04-27 21:07:58.5,1682600878500000000,520.5,520.5,517.5,4451.0,20.0,103800.0,523.0,10.0,523.5,10.0,524.0,10.0,525.0,10.0,528.0,10.0,518.0,10.0,517.0,20.0,516.0,10.0,515.0,10.0,514.5,20.0
2023-04-27 21:07:59.25,1682600879250000000,520.5,520.5,517.5,4451.0,20.0,103800.0,523.0,10.0,523.5,10.0,524.0,10.0,525.0,10.0,528.0,10.0,518.0,10.0,517.0,20.0,516.0,10.0,515.0,20.0,514.5,10.0
2023-04-27 21:07:59.5,1682600879500000000,520.5,520.5,517.5,4451.0,20.0,103800.0,523.0,10.0,523.5,10.0,524.0,10.0,525.0,10.0,528.0,10.0,518.0,10.0,517.0,20.0,516.0,20.0,515.0,10.0,514.5,10.0
2023-04-27 21:08:01.25,1682600881250000000,520.5,520.5,517.5,4451.0,20.0,103800.0,523.0,10.0,523.5,10.0,524.0,10.0,525.0,10.0,525.5,10.0,518.0,10.0,517.0,30.0,516.0,10.0,515.5,10.0,515.0,10.0
2023-04-27 21:08:04.5,1682600884500000000,520.5,520.5,517.5,4451.0,20.0,103800.0,523.0,20.0,523.5,10.0,525.0,10.0,525.5,10.0,528.0,10.0,518.0,10.0,517.0,30.0,516.0,10.0,515.5,10.0,515.0,10.0
2023-04-27 21:08:04.75,1682600884750000000,520.5,520.5,517.5,4451.0,20.0,103800.0,522.5,10.0,523.0,20.0,525.0,10.0,525.5,10.0,528.0,10.0,517.5,10.0,517.0,20.0,516.5,10.0,516.0,10.0,515.5,10.0
2023-04-27 21:08:05.0,1682600885000000000,520.5,520.5,517.5,4451.0,20.0,103800.0,522.5,10.0,523.0,20.0,524.5,10.0,525.5,10.0,528.0,10.0,517.5,10.0,517.0,20.0,516.5,10.0,515.5,10.0,515.0,10.0
2023-04-27 21:08:05.5,1682600885500000000,520.5,520.5,517.5,4451.0,20.0,103800.0,522.5,10.0,523.0,20.0,524.5,10.0,525.5,10.0,528.0,10.0,517.5,10.0,517.0,20.0,516.5,10.0,515.5,20.0,515.0,10.0
2023-04-27 21:08:06.5,1682600886500000000,520.5,520.5,517.5,4451.0,20.0,103800.0,522.5,10.0,523.0,20.0,524.5,10.0,525.5,10.0,528.0,10.0,517.5,10.0,517.0,20.0,516.5,10.0,515.5,10.0,515.0,10.0
2023-04-27 21:08:06.75,1682600886750000000,520.5,520.5,517.5,4451.0,20.0,103800.0,522.5,10.0,523.0,20.0,524.5,10.0,525.5,10.0,528.0,10.0,517.5,10.0,517.0,20.0,516.5,10.0,515.5,20.0,515.0,10.0
2023-04-27 21:08:09.0,1682600889000000000,520.5,520.5,517.5,4451.0,20.0,103800.0,523.0,20.0,523.5,10.0,524.5,10.0,525.5,10.0,528.0,10.0,517.5,10.0,517.0,30.0,515.5,20.0,515.0,10.0,499.5,10.0
2023-04-27 21:08:09.25,1682600889250000000,520.5,520.5,517.5,4451.0,20.0,103800.0,523.0,20.0,523.5,10.0,524.5,10.0,525.5,10.0,528.0,10.0,517.5,10.0,517.0,30.0,516.0,10.0,515.5,10.0,515.0,10.0
2023-04-27 21:08:09.5,1682600889500000000,520.5,520.5,517.5,4451.0,20.0,103800.0,523.0,20.0,523.5,10.0,525.0,10.0,525.5,10.0,528.0,10.0,517.5,10.0,517.0,30.0,515.5,20.0,515.0,10.0,499.5,10.0
2023-04-27 21:08:10.0,1682600890000000000,520.5,520.5,517.5,4451.0,20.0,103800.0,523.5,10.0,524.5,20.0,525.0,10.0,525.5,10.0,528.0,10.0,518.5,10.0,517.5,10.0,517.0,20.0,516.0,10.0,515.5,10.0
2023-04-27 21:08:10.25,1682600890250000000,520.5,520.5,517.5,4451.0,20.0,103800.0,524.0,10.0,524.5,20.0,525.0,10.0,527.0,10.0,528.0,10.0,518.5,20.0,518.0,10.0,517.0,10.0,516.0,10.0,515.5,10.0
2023-04-27 21:08:10.5,1682600890500000000,520.5,520.5,517.5,4451.0,20.0,103800.0,524.5,20.0,525.5,10.0,526.0,10.0,527.0,10.0,528.0,10.0,518.5,20.0,518.0,20.0,517.0,10.0,516.5,10.0,515.0,10.0
2023-04-27 21:08:10.75,1682600890750000000,520.5,520.5,517.5,4451.0,20.0,103800.0,524.5,10.0,525.0,10.0,525.5,10.0,526.0,10.0,527.0,10.0,518.5,20.0,518.0,20.0,517.0,10.0,516.5,10.0,515.0,10.0
2023-04-27 21:08:11.0,1682600891000000000,520.5,520.5,517.5,4451.0,20.0,103800.0,525.0,10.0,525.5,20.0,526.5,10.0,527.0,10.0,528.0,10.0,519.5,10.0,518.5,10.0,518.0,20.0,517.0,10.0,516.5,10.0
2023-04-27 21:08:11.25,1682600891250000000,520.5,520.5,517.5,4451.0,20.0,103800.0,525.0,10.0,525.5,20.0,526.5,10.0,527.0,10.0,528.0,10.0,519.5,20.0,518.0,20.0,517.0,10.0,516.5,10.0,515.0,10.0
2023-04-27 21:08:11.5,1682600891500000000,520.5,520.5,517.5,4451.0,20.0,103800.0,525.0,10.0,525.5,20.0,527.0,20.0,528.0,10.0,529.0,10.0,519.5,20.0,518.0,20.0,517.5,10.0,517.0,10.0,515.0,10.0
2023-04-27 21:08:13.25,1682600893250000000,520.5,520.5,517.5,4451.0,20.0,103800.0,525.5,30.0,527.0,20.0,528.0,10.0,529.0,10.0,534.0,10.0,519.5,20.0,518.0,20.0,517.5,10.0,517.0,10.0,515.0,10.0
2023-04-27 21:08:13.5,1682600893500000000,520.5,520.5,517.5,4451.0,20.0,103800.0,525.0,10.0,525.5,20.0,527.0,10.0,527.5,10.0,528.0,10.0,519.5,20.0,518.0,20.0,517.5,10.0,516.0,10.0,515.0,10.0
2023-04-27 21:08:13.75,1682600893750000000,520.5,520.5,517.5,4451.0,20.0,103800.0,525.0,10.0,525.5,20.0,527.0,10.0,527.5,10.0,528.0,10.0,519.5,20.0,518.0,20.0,517.5,10.0,516.5,10.0,515.0,10.0
2023-04-27 21:08:14.0,1682600894000000000,520.5,520.5,517.5,4451.0,20.0,103800.0,525.0,20.0,525.5,10.0,527.0,20.0,528.0,10.0,529.0,10.0,519.5,10.0,518.5,10.0,518.0,20.0,517.5,10.0,516.5,10.0
2023-04-27 21:08:14.75,1682600894750000000,520.5,520.5,517.5,4451.0,20.0,103800.0,524.0,10.0,525.0,10.0,525.5,10.0,527.0,20.0,528.0,10.0,519.5,10.0,518.0,30.0,517.5,10.0,515.5,10.0,515.0,10.0
2023-04-27 21:08:15.0,1682600895000000000,520.5,520.5,517.5,4451.0,20.0,103800.0,523.5,10.0,524.0,20.0,526.0,10.0,527.0,10.0,528.0,10.0,519.5,10.0,518.0,30.0,517.5,10.0,515.5,10.0,515.0,10.0
2023-04-27 21:08:15.5,1682600895500000000,520.5,520.5,517.5,4451.0,20.0,103800.0,523.5,10.0,524.0,20.0,525.5,10.0,527.0,10.0,528.0,10.0,519.5,10.0,518.0,30.0,517.5,10.0,515.5,10.0,515.0,10.0
2023-04-27 21:08:16.5,1682600896500000000,520.5,520.5,517.5,4451.0,20.0,103800.0,524.0,20.0,525.0,10.0,525.5,10.0,527.0,10.0,528.0,10.0,519.5,10.0,518.0,30.0,517.5,10.0,516.5,10.0,515.0,10.0
2023-04-27 21:08:17.0,1682600897000000000,520.5,520.5,517.5,4451.0,20.0,103800.0,524.0,20.0,525.0,10.0,526.0,10.0,527.0,10.0,528.0,10.0,519.5,10.0,518.0,30.0,517.5,10.0,516.5,10.0,515.0,10.0
2023-04-27 21:08:20.25,1682600900250000000,520.5,520.5,517.5,4451.0,20.0,103800.0,524.0,20.0,525.0,10.0,526.0,10.0,527.0,10.0,528.0,10.0,519.5,10.0,518.0,30.0,517.5,10.0,516.0,10.0,515.0,10.0
2023-04-27 21:08:20.75,1682600900750000000,520.5,520.5,517.5,4451.0,20.0,103800.0,524.0,20.0,525.0,10.0,526.0,10.0,527.0,10.0,528.0,10.0,519.5,10.0,518.0,30.0,517.5,10.0,516.5,10.0,515.0,10.0
2023-04-27 21:08:23.25,1682600903250000000,520.5,520.5,517.5,4451.0,20.0,103800.0,524.0,30.0,526.0,10.0,527.0,10.0,528.0,10.0,529.0,10.0,519.5,10.0,518.0,20.0,517.5,20.0,516.5,10.0,515.0,10.0
2023-04-27 21:08:23.5,1682600903500000000,520.5,520.5,517.5,4451.0,20.0,103800.0,524.0,30.0,525.5,10.0,526.0,10.0,528.0,10.0,529.0,10.0,519.0,10.0,518.0,10.0,517.5,20.0,517.0,10.0,516.0,10.0
2023-04-27 21:08:24.0,1682600904000000000,520.5,520.5,517.5,4451.0,20.0,103800.0,524.0,30.0,525.5,10.0,526.0,10.0,528.0,10.0,529.0,10.0,519.0,10.0,518.0,10.0,517.5,10.0,517.0,20.0,516.0,10.0
2023-04-27 21:08:24.25,1682600904250000000,520.5,520.5,517.5,4451.0,20.0,103800.0,523.0,10.0,523.5,10.0,524.0,10.0,525.5,10.0,526.0,10.0,519.0,10.0,517.0,30.0,516.5,10.0,516.0,10.0,515.0,10.0
2023-04-27 21:08:24.5,1682600904500000000,520.5,520.5,517.5,4451.0,20.0,103800.0,523.0,10.0,523.5,10.0,524.0,10.0,525.0,10.0,525.5,10.0,519.0,10.0,517.0,30.0,516.5,10.0,516.0,10.0,515.0,10.0
2023-04-27 21:08:24.75,1682600904750000000,520.5,520.5,517.5,4451.0,20.0,103800.0,522.5,10.0,523.0,20.0,525.0,10.0,525.5,10.0,528.0,10.0,518.0,10.0,517.0,20.0,516.5,20.0,515.0,20.0,499.5,10.0
2023-04-27 21:08:25.0,1682600905000000000,520.5,520.5,517.5,4451.0,20.0,103800.0,522.5,10.0,523.0,20.0,524.5,10.0,525.5,10.0,528.0,10.0,518.0,10.0,517.0,10.0,516.5,20.0,516.0,10.0,515.0,20.0
2023-04-27 21:08:25.75,1682600905750000000,520.5,520.5,517.5,4451.0,20.0,103800.0,522.5,10.0,523.0,20.0,524.5,10.0,525.5,10.0,528.0,10.0,518.0,10.0,517.0,10.0,516.5,20.0,516.0,10.0,515.5,10.0
2023-04-27 21:08:26.0,1682600906000000000,520.5,520.5,517.5,4451.0,20.0,103800.0,522.5,10.0,523.0,20.0,524.5,10.0,525.5,10.0,528.0,10.0,518.0,10.0,517.0,10.0,516.5,20.0,516.0,10.0,515.0,10.0
2023-04-27 21:08:26.75,1682600906750000000,520.5,520.5,517.5,4451.0,20.0,103800.0,522.5,10.0,523.0,20.0,524.5,10.0,525.5,10.0,528.0,10.0,518.0,10.0,517.0,10.0,516.5,20.0,516.0,10.0,515.5,10.0
2023-04-27 21:08:27.25,1682600907250000000,520.5,520.5,517.5,4451.0,20.0,103800.0,522.5,10.0,523.0,10.0,523.5,10.0,524.5,10.0,525.5,10.0,518.0,10.0,517.0,10.0,516.5,20.0,516.0,10.0,515.5,10.0
2023-04-27 21:08:27.75,1682600907750000000,520.5,520.5,517.5,4451.0,20.0,103800.0,522.5,10.0,523.0,10.0,523.5,10.0,524.5,10.0,525.5,20.0,518.0,10.0,517.0,10.0,516.5,20.0,516.0,10.0,514.5,10.0
2023-04-27 21:08:28.0,1682600908000000000,520.5,520.5,517.5,4451.0,20.0,103800.0,522.5,20.0,523.0,10.0,524.5,10.0,525.5,20.0,529.0,10.0,518.0,10.0,517.0,10.0,516.5,20.0,516.0,10.0,514.5,10.0
2023-04-27 21:08:28.25,1682600908250000000,520.5,520.5,517.5,4451.0,20.0,103800.0,522.5,10.0,523.0,20.0,524.5,10.0,525.5,20.0,529.0,10.0,518.0,10.0,517.0,10.0,516.5,20.0,516.0,10.0,514.5,10.0
2023-04-27 21:08:28.5,1682600908500000000,520.5,520.5,517.5,4451.0,20.0,103800.0,522.0,10.0,522.5,10.0,523.0,10.0,524.5,20.0,525.5,10.0,518.0,10.0,516.5,10.0,516.0,10.0,515.5,20.0,514.5,10.0
2023-04-27 21:08:28.75,1682600908750000000,520.5,520.5,517.5,4451.0,20.0,103800.0,521.5,10.0,522.0,20.0,524.5,20.0,525.5,10.0,529.0,10.0,517.5,10.0,516.0,10.0,515.5,30.0,513.5,10.0,513.0,10.0
2023-04-27 21:08:29.0,1682600909000000000,520.5,520.5,517.5,4451.0,20.0,103800.0,521.5,10.0,522.0,20.0,523.5,10.0,524.5,10.0,525.5,10.0,517.5,10.0,515.5,40.0,513.5,10.0,513.0,10.0,499.5,10.0
2023-04-27 21:08:29.25,1682600909250000000,520.5,520.5,517.5,4451.0,20.0,103800.0,521.5,10.0,522.0,20.0,523.5,10.0,524.0,10.0,524.5,10.0,517.5,10.0,515.5,40.0,514.5,10.0,513.5,10.0,513.0,10.0
2023-04-27 21:08:30.25,1682600910250000000,520.5,520.5,517.5,4451.0,20.0,103800.0,521.5,20.0,522.0,10.0,523.5,10.0,524.0,10.0,524.5,10.0,517.0,10.0,515.5,40.0,514.5,10.0,513.5,10.0,513.0,10.0
2023-04-27 21:08:30.5,1682600910500000000,520.5,520.5,517.5,4451.0,20.0,103800.0,521.0,10.0,521.5,20.0,523.5,10.0,524.0,10.0,524.5,10.0,517.0,10.0,515.5,20.0,515.0,10.0,514.5,20.0,513.5,10.0
2023-04-27 21:08:31.0,1682600911000000000,520.5,520.5,517.5,4451.0,20.0,103800.0,521.0,10.0,521.5,20.0,523.0,10.0,524.0,10.0,524.5,10.0,517.0,10.0,515.5,20.0,515.0,10.0,514.5,20.0,513.5,10.0
2023-04-27 21:08:31.25,1682600911250000000,520.5,520.5,517.5,4451.0,20.0,103800.0,521.5,10.0,522.0,20.0,523.0,10.0,524.0,10.0,524.5,10.0,517.0,10.0,515.5,30.0,515.0,10.0,514.5,20.0,513.0,10.0
2023-04-27 21:08:31.5,1682600911500000000,520.5,520.5,517.5,4451.0,20.0,103800.0,521.5,10.0,522.0,20.0,523.5,10.0,524.0,10.0,524.5,10.0,517.0,10.0,515.5,30.0,515.0,10.0,514.5,20.0,513.0,10.0
2023-04-27 21:08:31.75,1682600911750000000,520.5,520.5,517.5,4451.0,20.0,103800.0,521.5,10.0,522.0,10.0,522.5,10.0,523.5,10.0,524.0,10.0,517.0,10.0,515.5,30.0,515.0,10.0,514.5,10.0,514.0,10.0
2023-04-27 21:08:32.0,1682600912000000000,520.5,520.5,517.5,4451.0,20.0,103800.0,522.0,10.0,522.5,20.0,523.5,10.0,524.0,10.0,524.5,10.0,517.0,10.0,516.0,10.0,515.5,20.0,515.0,10.0,514.5,10.0
2023-04-27 21:08:32.5,1682600912500000000,520.5,520.5,517.5,4451.0,20.0,103800.0,522.0,10.0,522.5,20.0,524.0,20.0,524.5,10.0,525.5,10.0,517.0,10.0,516.0,10.0,515.5,20.0,515.0,10.0,514.5,10.0
2023-04-27 21:08:34.25,1682600914250000000,520.5,520.5,517.5,4451.0,20.0,103800.0,522.0,10.0,522.5,20.0,524.0,20.0,524.5,10.0,525.5,10.0,517.0,10.0,516.0,10.0,515.5,20.0,515.0,10.0,514.5,20.0
2023-04-27 21:08:34.5,1682600914500000000,520.5,520.5,517.5,4451.0,20.0,103800.0,522.5,20.0,523.5,10.0,524.0,20.0,524.5,10.0,525.5,10.0,517.0,10.0,516.0,20.0,515.5,10.0,515.0,20.0,514.5,10.0
2023-04-27 21:08:34.75,1682600914750000000,520.5,520.5,517.5,4451.0,20.0,103800.0,523.0,20.0,523.5,10.0,524.0,10.0,524.5,10.0,525.0,10.0,517.0,20.0,516.0,20.0,515.5,10.0,515.0,20.0,513.0,10.0
2023-04-27 21:08:35.0,1682600915000000000,520.5,520.5,517.5,4451.0,20.0,103800.0,523.0,20.0,523.5,10.0,524.5,10.0,525.0,20.0,525.5,10.0,517.0,20.0,516.0,20.0,515.5,10.0,515.0,20.0,513.0,10.0
2023-04-27 21:08:35.5,1682600915500000000,520.5,520.5,517.5,4451.0,20.0,103800.0,523.0,20.0,523.5,10.0,524.5,10.0,525.0,20.0,525.5,10.0,517.0,20.0,516.0,20.0,515.5,20.0,515.0,10.0,513.0,10.0
2023-04-27 21:08:37.0,1682600917000000000,520.5,520.5,517.5,4451.0,20.0,103800.0,523.0,20.0,523.5,10.0,524.5,10.0,525.0,20.0,525.5,10.0,517.0,20.0,516.0,20.0,515.5,10.0,515.0,10.0,514.5,10.0
2023-04-27 21:08:37.25,1682600917250000000,520.5,520.5,517.5,4451.0,20.0,103800.0,523.0,20.0,523.5,10.0,524.5,10.0,525.0,20.0,525.5,10.0,517.0,20.0,516.0,20.0,515.5,20.0,515.0,10.0,513.0,10.0
2023-04-27 21:08:42.75,1682600922750000000,520.5,520.5,517.5,4451.0,20.0,103800.0,523.0,20.0,523.5,10.0,524.5,10.0,525.0,20.0,525.5,10.0,517.0,20.0,516.0,20.0,515.5,10.0,515.0,10.0,514.5,10.0
2023-04-27 21:08:43.0,1682600923000000000,520.5,520.5,517.5,4451.0,20.0,103800.0,523.0,20.0,523.5,10.0,524.5,10.0,525.0,20.0,525.5,10.0,517.0,20.0,516.0,20.0,515.5,10.0,515.0,20.0,513.0,10.0
2023-04-27 21:08:45.75,1682600925750000000,520.5,520.5,517.5,4451.0,20.0,103800.0,523.0,20.0,523.5,10.0,524.5,10.0,525.0,20.0,525.5,10.0,517.0,20.0,516.0,20.0,515.5,20.0,515.0,10.0,513.0,10.0
2023-04-27 21:08:46.0,1682600926000000000,520.5,520.5,517.5,4451.0,20.0,103800.0,523.0,10.0,523.5,10.0,524.0,10.0,524.5,10.0,525.0,20.0,517.0,20.0,516.0,20.0,515.5,20.0,515.0,10.0,513.0,10.0
2023-04-27 21:08:46.5,1682600926500000000,520.5,520.5,517.5,4451.0,20.0,103800.0,523.0,20.0,523.5,10.0,524.5,10.0,525.0,20.0,525.5,10.0,517.0,20.0,516.0,20.0,515.5,10.0,515.0,20.0,513.0,10.0
2023-04-27 21:08:46.75,1682600926750000000,520.5,520.5,517.5,4451.0,20.0,103800.0,523.0,20.0,523.5,10.0,524.5,10.0,525.0,20.0,525.5,10.0,517.0,20.0,516.0,20.0,515.5,20.0,515.0,10.0,513.0,10.0
2023-04-27 21:08:47.0,1682600927000000000,520.5,520.5,517.5,4451.0,20.0,103800.0,523.0,20.0,523.5,10.0,525.0,20.0,525.5,20.0,529.0,10.0,517.0,30.0,516.0,20.0,515.5,10.0,515.0,10.0,513.0,10.0
2023-04-27 21:08:47.5,1682600927500000000,520.5,520.5,517.5,4451.0,20.0,103800.0,523.0,20.0,523.5,10.0,525.0,20.0,525.5,20.0,529.0,10.0,517.0,30.0,516.0,20.0,515.0,20.0,513.0,10.0,499.5,10.0
2023-04-27 21:08:48.5,1682600928500000000,520.5,520.5,517.5,4451.0,20.0,103800.0,522.5,10.0,523.0,20.0,525.0,20.0,525.5,20.0,529.0,10.0,517.0,30.0,516.0,20.0,515.0,20.0,513.0,10.0,499.5,10.0
2023-04-27 21:08:49.0,1682600929000000000,520.5,520.5,517.5,4451.0,20.0,103800.0,522.5,10.0,523.0,20.0,524.5,10.0,525.0,10.0,525.5,20.0,517.0,30.0,516.0,20.0,515.0,20.0,513.0,10.0,499.5,10.0
2023-04-27 21:08:49.25,1682600929250000000,520.5,520.5,517.5,4451.0,20.0,103800.0,522.5,10.0,523.0,20.0,524.5,10.0,525.0,10.0,525.5,20.0,517.0,30.0,516.0,20.0,515.5,10.0,515.0,10.0,513.0,10.0
2023-04-27 21:08:50.0,1682600930000000000,520.5,520.5,517.5,4451.0,20.0,103800.0,522.5,10.0,523.0,10.0,523.5,10.0,524.5,10.0,525.0,10.0,517.0,30.0,516.0,20.0,515.5,10.0,515.0,10.0,513.0,10.0
2023-04-27 21:08:50.25,1682600930250000000,520.5,520.5,517.5,4451.0,20.0,103800.0,522.5,20.0,523.0,10.0,524.5,10.0,525.0,10.0,525.5,20.0,517.0,30.0,516.0,20.0,515.5,10.0,515.0,10.0,513.0,10.0
2023-04-27 21:08:50.75,1682600930750000000,520.5,520.5,517.5,4451.0,20.0,103800.0,522.5,20.0,523.0,10.0,524.5,10.0,525.0,10.0,525.5,20.0,517.0,30.0,516.0,20.0,515.0,10.0,514.5,10.0,513.0,10.0
2023-04-27 21:08:51.0,1682600931000000000,520.5,520.5,517.5,4451.0,20.0,103800.0,522.5,20.0,523.0,10.0,524.5,10.0,525.0,10.0,525.5,20.0,517.0,30.0,516.0,20.0,515.5,10.0,515.0,10.0,513.0,10.0
2023-04-27 21:08:51.25,1682600931250000000,520.5,520.5,517.5,4451.0,20.0,103800.0,522.5,20.0,523.0,10.0,524.5,10.0,525.0,10.0,525.5,20.0,517.0,30.0,516.0,20.0,515.0,10.0,514.5,10.0,513.0,10.0
2023-04-27 21:08:51.5,1682600931500000000,520.5,520.5,517.5,4451.0,20.0,103800.0,522.5,20.0,523.0,10.0,524.0,10.0,524.5,10.0,525.5,20.0,517.0,30.0,516.0,10.0,515.0,10.0,514.5,20.0,513.0,10.0
2023-04-27 21:08:51.75,1682600931750000000,520.5,520.5,517.5,4451.0,20.0,103800.0,522.5,30.0,524.0,10.0,524.5,10.0,525.5,20.0,529.0,10.0,517.0,20.0,516.0,20.0,515.0,10.0,514.5,20.0,513.0,10.0
2023-04-27 21:08:52.5,1682600932500000000,520.5,520.5,517.5,4451.0,20.0,103800.0,522.5,30.0,524.0,10.0,524.5,20.0,525.5,10.0,529.0,10.0,517.0,10.0,516.0,20.0,515.5,10.0,515.0,10.0,514.5,20.0
2023-04-27 21:08:53.5,1682600933500000000,520.5,520.5,517.5,4451.0,20.0,103800.0,522.5,30.0,524.0,10.0,524.5,20.0,525.5,10.0,529.0,10.0,517.0,10.0,516.0,20.0,515.5,10.0,515.0,20.0,514.5,10.0
2023-04-27 21:08:54.25,1682600934250000000,520.5,520.5,517.5,4451.0,20.0,103800.0,521.5,10.0,522.5,20.0,524.0,10.0,524.5,20.0,525.5,10.0,517.0,10.0,516.0,10.0,515.5,20.0,515.0,20.0,514.5,10.0
2023-04-27 21:08:54.5,1682600934500000000,520.5,520.5,517.5,4451.0,20.0,103800.0,521.5,10.0,522.5,20.0,523.5,10.0,524.0,10.0,524.5,10.0,517.0,10.0,516.0,10.0,515.5,20.0,515.0,10.0,514.5,10.0
2023-04-27 21:08:55.25,1682600935250000000,520.5,520.5,517.5,4451.0,20.0,103800.0,521.5,20.0,522.5,10.0,523.5,10.0,524.0,10.0,524.5,10.0,517.0,10.0,516.0,10.0,515.5,20.0,515.0,10.0,514.5,10.0
2023-04-27 21:08:55.5,1682600935500000000,520.5,520.5,517.5,4451.0,20.0,103800.0,521.5,20.0,522.5,10.0,523.5,10.0,524.0,10.0,524.5,10.0,517.0,10.0,516.0,10.0,515.5,20.0,515.0,20.0,514.5,10.0
2023-04-27 21:08:56.25,1682600936250000000,520.5,520.5,517.5,4451.0,20.0,103800.0,522.5,10.0,523.0,20.0,523.5,10.0,524.0,10.0,524.5,10.0,517.0,20.0,516.0,10.0,515.5,20.0,515.0,10.0,514.5,10.0
2023-04-27 21:08:56.5,1682600936500000000,520.5,520.5,517.5,4451.0,20.0,103800.0,522.5,10.0,523.0,20.0,524.0,10.0,524.5,20.0,525.5,10.0,517.0,20.0,516.0,10.0,515.5,10.0,515.0,10.0,514.5,20.0
2023-04-27 21:08:56.75,1682600936750000000,520.5,520.5,517.5,4451.0,20.0,103800.0,522.5,10.0,523.0,20.0,524.0,10.0,524.5,20.0,525.5,10.0,517.0,20.0,516.0,10.0,515.5,20.0,515.0,10.0,514.5,10.0
2023-04-27 21:08:57.0,1682600937000000000,520.5,520.5,517.5,4451.0,20.0,103800.0,522.5,10.0,523.0,20.0,524.0,10.0,524.5,20.0,525.5,10.0,517.0,20.0,516.0,10.0,515.5,10.0,515.0,20.0,514.5,10.0
2023-04-27 21:08:57.5,1682600937500000000,520.5,520.5,517.5,4451.0,20.0,103800.0,522.5,10.0,523.0,20.0,524.0,10.0,524.5,20.0,525.5,10.0,517.0,20.0,516.0,10.0,515.5,20.0,515.0,10.0,514.5,10.0
2023-04-27 21:08:58.0,1682600938000000000,520.5,520.5,517.5,4451.0,20.0,103800.0,522.5,10.0,523.0,20.0,524.0,10.0,524.5,20.0,525.5,10.0,517.0,20.0,516.0,10.0,515.5,10.0,515.0,10.0,514.5,20.0
2023-04-27 21:08:58.25,1682600938250000000,520.5,520.5,517.5,4451.0,20.0,103800.0,522.5,10.0,523.0,20.0,524.0,10.0,524.5,20.0,525.5,10.0,517.0,20.0,516.0,10.0,515.5,10.0,515.0,20.0,514.5,10.0
2023-04-27 21:08:59.0,1682600939000000000,520.5,520.5,517.5,4451.0,20.0,103800.0,522.5,10.0,523.0,20.0,524.0,10.0,524.5,20.0,525.5,10.0,517.0,20.0,516.0,10.0,515.5,20.0,515.0,10.0,514.5,10.0
2023-04-27 21:08:59.25,1682600939250000000,520.5,520.5,517.5,4451.0,20.0,103800.0,523.5,10.0,524.0,20.0,524.5,10.0,525.5,10.0,526.0,20.0,518.0,10.0,517.5,10.0,517.0,10.0,516.5,10.0,516.0,10.0
2023-04-27 21:08:59.5,1682600939500000000,520.5,520.5,517.5,4451.0,20.0,103800.0,523.5,10.0,524.0,10.0,525.5,20.0,526.0,20.0,529.0,10.0,518.0,20.0,517.5,10.0,516.5,10.0,516.0,20.0,513.0,10.0
2023-04-27 21:08:59.75,1682600939750000000,520.5,520.5,517.5,4451.0,20.0,103800.0,523.5,10.0,524.0,10.0,525.5,20.0,526.0,20.0,529.0,10.0,518.0,20.0,517.5,10.0,516.5,20.0,516.0,10.0,513.0,10.0
2023-04-27 21:09:00.25,1682600940250000000,520.5,520.5,517.5,4451.0,20.0,103800.0,524.0,20.0,524.5,10.0,525.5,20.0,526.0,20.0,529.0,10.0,518.0,20.0,517.5,20.0,516.5,20.0,516.0,10.0,513.0,10.0
2023-04-27 21:09:00.5,1682600940500000000,520.5,520.5,517.5,4451.0,20.0,103800.0,524.0,10.0,524.5,10.0,526.0,30.0,528.5,10.0,529.0,10.0,518.0,20.0,517.5,10.0,517.0,10.0,516.5,10.0,516.0,10.0
2023-04-27 21:09:00.75,1682600940750000000,520.5,520.5,517.5,4451.0,20.0,103800.0,524.0,10.0,524.5,10.0,526.0,30.0,528.5,10.0,529.0,10.0,518.0,20.0,517.5,10.0,516.5,20.0,516.0,10.0,515.5,10.0
2023-04-27 21:09:01.25,1682600941250000000,520.5,520.5,517.5,4451.0,20.0,103800.0,524.0,10.0,524.5,10.0,525.0,10.0,526.0,30.0,528.5,10.0,518.0,20.0,517.5,20.0,516.5,20.0,516.0,10.0,515.5,10.0
2023-04-27 21:09:01.5,1682600941500000000,520.5,520.5,517.5,4451.0,20.0,103800.0,524.0,10.0,524.5,10.0,525.0,10.0,526.0,30.0,528.5,10.0,518.0,20.0,517.5,20.0,517.0,10.0,516.5,10.0,516.0,10.0
2023-04-27 21:09:01.75,1682600941750000000,520.5,520.5,517.5,4451.0,20.0,103800.0,524.0,10.0,524.5,10.0,525.0,10.0,526.0,30.0,528.5,10.0,518.0,20.0,517.5,20.0,516.5,20.0,516.0,10.0,515.5,10.0
2023-04-27 21:09:02.25,1682600942250000000,520.5,520.5,517.5,4451.0,20.0,103800.0,524.0,20.0,524.5,10.0,526.0,30.0,528.5,10.0,529.0,10.0,518.0,20.0,517.5,20.0,516.5,20.0,516.0,10.0,515.5,10.0
2023-04-27 21:09:04.75,1682600944750000000,520.5,520.5,517.5,4451.0,20.0,103800.0,524.0,10.0,524.5,10.0,525.5,10.0,526.0,30.0,528.5,10.0,518.0,20.0,517.5,20.0,516.5,20.0,516.0,10.0,515.5,10.0
2023-04-27 21:09:05.0,1682600945000000000,520.5,520.5,517.5,4451.0,20.0,103800.0,524.0,10.0,524.5,10.0,525.5,10.0,526.0,30.0,528.5,10.0,518.0,20.0,517.5,20.0,517.0,10.0,516.5,10.0,516.0,10.0
2023-04-27 21:09:05.25,1682600945250000000,520.5,520.5,517.5,4451.0,20.0,103800.0,524.5,10.0,525.0,10.0,525.5,10.0,526.0,20.0,527.0,10.0,518.5,10.0,518.0,20.0,517.5,20.0,517.0,10.0,516.0,10.0
2023-04-27 21:09:05.5,1682600945500000000,520.5,520.5,517.5,4451.0,20.0,103800.0,524.5,10.0,525.0,10.0,525.5,10.0,526.0,10.0,526.5,10.0,518.5,10.0,518.0,20.0,517.5,20.0,517.0,10.0,516.5,10.0
2023-04-27 21:09:05.75,1682600945750000000,520.5,520.5,517.5,4451.0,20.0,103800.0,524.5,20.0,525.0,10.0,526.0,10.0,526.5,10.0,527.0,10.0,518.5,10.0,518.0,20.0,517.5,10.0,517.0,20.0,516.5,10.0
2023-04-27 21:09:06.0,1682600946000000000,520.5,520.5,517.5,4451.0,20.0,103800.0,522.0,10.0,523.5,10.0,524.5,10.0,526.0,20.0,526.5,10.0,518.0,10.0,517.5,20.0,516.5,20.0,516.0,20.0,515.5,10.0
2023-04-27 21:09:06.25,1682600946250000000,520.5,520.5,517.5,4451.0,20.0,103800.0,522.0,10.0,523.0,10.0,523.5,10.0,526.0,20.0,526.5,10.0,518.0,10.0,517.5,20.0,516.5,20.0,516.0,20.0,515.5,10.0
2023-04-27 21:09:06.5,1682600946500000000,520.5,520.5,517.5,4451.0,20.0,103800.0,522.0,10.0,523.0,10.0,523.5,10.0,524.0,10.0,526.0,20.0,518.0,10.0,517.5,20.0,516.5,10.0,516.0,30.0,515.5,10.0
2023-04-27 21:09:06.75,1682600946750000000,520.5,520.5,517.5,4451.0,20.0,103800.0,523.0,10.0,523.5,10.0,524.0,10.0,526.0,20.0,528.5,10.0,518.0,10.0,517.5,20.0,516.5,10.0,516.0,20.0,515.5,10.0
2023-04-27 21:09:07.0,1682600947000000000,520.5,520.5,517.5,4451.0,20.0,103800.0,524.5,20.0,525.0,20.0,526.0,20.0,528.5,10.0,529.0,10.0,518.5,10.0,518.0,10.0,517.5,20.0,517.0,10.0,516.5,10.0
2023-04-27 21:09:07.5,1682600947500000000,520.5,520.5,517.5,4451.0,20.0,103800.0,524.5,20.0,525.0,10.0,526.0,20.0,526.5,10.0,528.5,10.0,518.5,10.0,518.0,10.0,517.5,20.0,517.0,10.0,516.5,20.0
2023-04-27 21:09:08.5,1682600948500000000,520.5,520.5,517.5,4451.0,20.0,103800.0,522.5,10.0,523.5,10.0,524.5,10.0,526.0,20.0,526.5,10.0,518.0,10.0,517.5,20.0,516.5,30.0,515.5,20.0,499.5,10.0
2023-04-27 21:09:09.0,1682600949000000000,520.5,520.5,517.5,4451.0,20.0,103800.0,522.5,10.0,523.0,10.0,523.5,10.0,524.5,10.0,526.0,20.0,518.0,10.0,517.5,20.0,516.5,20.0,516.0,10.0,515.5,20.0
2023-04-27 21:09:09.5,1682600949500000000,520.5,520.5,517.5,4451.0,20.0,103800.0,522.5,10.0,523.0,10.0,523.5,10.0,524.5,20.0,525.0,10.0,518.0,10.0,517.5,10.0,516.5,10.0,516.0,20.0,515.5,30.0
2023-04-27 21:09:10.25,1682600950250000000,520.5,520.5,517.5,4451.0,20.0,103800.0,523.0,10.0,523.5,10.0,524.5,20.0,525.0,10.0,528.5,10.0,518.0,10.0,517.5,10.0,516.0,30.0,515.5,20.0,499.5,10.0
2023-04-27 21:09:10.5,1682600950500000000,520.5,520.5,517.5,4451.0,20.0,103800.0,523.0,20.0,523.5,10.0,524.5,10.0,525.0,20.0,528.5,10.0,518.0,10.0,517.5,10.0,516.5,10.0,516.0,20.0,515.5,30.0
2023-04-27 21:09:12.0,1682600952000000000,520.5,520.5,517.5,4451.0,20.0,103800.0,523.0,10.0,524.0,10.0,524.5,10.0,525.0,10.0,526.5,20.0,518.0,20.0,517.5,10.0,517.0,10.0,516.5,20.0,516.0,10.0
2023-04-27 21:09:12.25,1682600952250000000,520.5,520.5,517.5,4451.0,20.0,103800.0,524.0,10.0,524.5,20.0,525.0,10.0,526.5,20.0,528.5,10.0,518.0,20.0,517.5,30.0,517.0,10.0,516.0,10.0,515.5,10.0
2023-04-27 21:09:12.5,1682600952500000000,520.5,520.5,517.5,4451.0,20.0,103800.0,524.5,10.0,525.0,20.0,526.0,10.0,526.5,20.0,528.5,10.0,519.0,10.0,518.0,10.0,517.5,30.0,517.0,10.0,516.0,10.0
2023-04-27 21:09:12.75,1682600952750000000,520.5,520.5,517.5,4451.0,20.0,103800.0,524.5,20.0,525.0,10.0,526.0,10.0,526.5,20.0,528.5,10.0,519.0,20.0,517.5,20.0,517.0,10.0,516.5,10.0,516.0,10.0
2023-04-27 21:09:13.0,1682600953000000000,520.5,520.5,517.5,4451.0,20.0,103800.0,524.5,20.0,525.0,10.0,526.5,30.0,528.5,10.0,529.0,10.0,519.0,20.0,517.5,20.0,517.0,30.0,515.5,10.0,499.5,10.0
2023-04-27 21:09:14.5,1682600954500000000,520.5,520.5,517.5,4451.0,20.0,103800.0,524.5,30.0,526.5,30.0,528.5,10.0,529.0,10.0,533.5,10.0,519.0,10.0,518.0,10.0,517.5,20.0,517.0,30.0,515.5,10.0
2023-04-27 21:09:15.5,1682600955500000000,520.5,520.5,517.5,4451.0,20.0,103800.0,524.5,30.0,526.5,30.0,528.5,10.0,529.0,10.0,534.5,10.0,519.0,10.0,518.0,10.0,517.5,30.0,517.0,20.0,515.5,10.0
2023-04-27 21:09:15.75,1682600955750000000,520.5,520.5,517.5,4451.0,20.0,103800.0,524.5,30.0,526.5,30.0,528.5,10.0,529.0,10.0,533.5,10.0,519.0,10.0,518.0,10.0,517.5,20.0,517.0,30.0,515.5,10.0
2023-04-27 21:09:24.0,1682600964000000000,520.5,520.5,517.5,4451.0,20.0,103800.0,523.5,20.0,524.5,10.0,525.0,10.0,525.5,7.0,526.5,20.0,519.0,10.0,517.5,20.0,517.0,30.0,515.5,20.0,499.5,10.0
2023-04-27 21:09:24.25,1682600964250000000,520.5,520.5,517.5,4451.0,20.0,103800.0,523.5,30.0,525.0,10.0,525.5,7.0,526.5,20.0,528.5,10.0,518.5,10.0,517.5,20.0,517.0,20.0,516.0,10.0,515.5,20.0
2023-04-27 21:09:24.5,1682600964500000000,520.5,520.5,517.5,4451.0,20.0,103800.0,523.5,30.0,525.0,10.0,525.5,17.0,526.5,10.0,528.5,10.0,518.5,10.0,517.5,20.0,517.0,20.0,516.5,10.0,515.5,20.0
2023-04-27 21:09:25.0,1682600965000000000,520.5,520.5,517.5,4451.0,20.0,103800.0,523.5,30.0,525.0,10.0,525.5,17.0,526.5,10.0,528.5,10.0,518.5,10.0,517.5,20.0,517.0,10.0,516.5,20.0,515.5,20.0
2023-04-27 21:09:26.25,1682600966250000000,520.5,520.5,517.5,4451.0,20.0,103800.0,523.5,30.0,525.0,10.0,525.5,17.0,526.5,10.0,528.5,10.0,518.5,10.0,517.5,20.0,517.0,10.0,516.5,10.0,516.0,10.0
2023-04-27 21:09:26.75,1682600966750000000,520.5,520.5,517.5,4451.0,20.0,103800.0,523.5,30.0,525.0,10.0,525.5,17.0,526.5,10.0,528.5,10.0,518.5,10.0,517.5,20.0,517.0,20.0,516.5,10.0,515.5,20.0
2023-04-27 21:09:28.5,1682600968500000000,520.5,520.5,517.5,4451.0,20.0,103800.0,523.5,30.0,525.0,10.0,525.5,17.0,526.5,10.0,528.5,10.0,518.5,10.0,517.5,20.0,517.0,10.0,516.5,20.0,515.5,20.0
2023-04-27 21:09:29.25,1682600969250000000,520.5,520.5,517.5,4451.0,20.0,103800.0,523.5,30.0,525.0,10.0,525.5,17.0,526.5,10.0,528.5,10.0,518.5,10.0,517.5,20.0,517.0,10.0,516.5,10.0,515.5,30.0
2023-04-27 21:09:30.0,1682600970000000000,520.5,520.5,517.5,4451.0,20.0,103800.0,523.5,30.0,525.0,20.0,525.5,17.0,528.5,10.0,529.0,10.0,518.5,10.0,517.5,10.0,517.0,10.0,516.5,20.0,515.5,30.0
2023-04-27 21:09:30.25,1682600970250000000,520.5,520.5,517.5,4451.0,20.0,103800.0,523.5,30.0,525.0,20.0,525.5,17.0,528.5,10.0,529.0,10.0,518.5,10.0,517.5,10.0,517.0,10.0,516.5,30.0,515.5,20.0
2023-04-27 21:09:30.5,1682600970500000000,520.5,520.5,517.5,4451.0,20.0,103800.0,523.5,30.0,525.0,20.0,525.5,17.0,528.5,10.0,529.0,10.0,518.5,10.0,517.5,10.0,517.0,10.0,516.5,20.0,515.5,30.0
2023-04-27 21:09:31.75,1682600971750000000,520.5,520.5,517.5,4451.0,20.0,103800.0,523.5,30.0,525.0,20.0,525.5,17.0,528.5,10.0,529.0,10.0,518.5,10.0,517.5,10.0,517.0,10.0,516.5,30.0,515.5,20.0
2023-04-27 21:09:32.0,1682600972000000000,520.5,520.5,517.5,4451.0,20.0,103800.0,523.5,30.0,525.0,20.0,525.5,17.0,528.5,10.0,529.0,10.0,518.5,10.0,517.5,10.0,517.0,10.0,516.5,20.0,515.5,30.0
2023-04-27 21:09:34.0,1682600974000000000,520.5,520.5,517.5,4451.0,20.0,103800.0,523.0,10.0,523.5,20.0,525.0,20.0,525.5,17.0,528.5,10.0,518.5,10.0,517.0,10.0,516.5,30.0,515.5,30.0,499.5,10.0
2023-04-27 21:09:34.5,1682600974500000000,520.5,520.5,517.5,4451.0,20.0,103800.0,522.0,10.0,523.0,20.0,525.0,30.0,525.5,17.0,529.0,10.0,518.0,10.0,516.5,30.0,515.5,20.0,515.0,10.0,513.0,10.0
