datetime,datetime_nano,highest,last_price,lowest,open_interest,volume,amount,ask_price1,ask_volume1,ask_price2,ask_volume2,ask_price3,ask_volume3,ask_price4,ask_volume4,ask_price5,ask_volume5,bid_price1,bid_volume1,bid_price2,bid_volume2,bid_price3,bid_volume3,bid_price4,bid_volume4,bid_price5,bid_volume5
2023-04-27 20:55:00.0,1682600100000000000,,,,159.0,0.0,0.0,,0.0,,0.0,,0.0,,0.0,,0.0,,0.0,,0.0,,0.0,,0.0,,0.0
2023-04-27 21:00:13.5,1682600413500000000,,,,159.0,0.0,0.0,1954.5,1.0,,0.0,,0.0,,0.0,,0.0,851.5,1.0,,0.0,,0.0,,0.0,,0.0
2023-04-27 21:00:13.75,1682600413750000000,,,,159.0,0.0,0.0,1954.0,10.0,1954.5,1.0,,0.0,,0.0,,0.0,851.5,1.0,,0.0,,0.0,,0.0,,0.0
2023-04-27 21:00:14.25,1682600414250000000,,,,159.0,0.0,0.0,1952.5,1.0,1954.0,10.0,,0.0,,0.0,,0.0,851.5,1.0,,0.0,,0.0,,0.0,,0.0
2023-04-27 21:00:14.5,1682600414500000000,,,,159.0,0.0,0.0,1952.5,1.0,,0.0,,0.0,,0.0,,0.0,851.5,1.0,,0.0,,0.0,,0.0,,0.0
2023-04-27 21:00:14.75,1682600414750000000,,,,159.0,0.0,0.0,1952.0,10.0,1952.5,1.0,,0.0,,0.0,,0.0,851.5,1.0,,0.0,,0.0,,0.0,,0.0
2023-04-27 21:00:15.25,1682600415250000000,,,,159.0,0.0,0.0,1952.0,10.0,,0.0,,0.0,,0.0,,0.0,851.5,1.0,,0.0,,0.0,,0.0,,0.0
2023-04-27 21:00:20.25,1682600420250000000,,,,159.0,0.0,0.0,1950.5,1.0,1952.0,10.0,,0.0,,0.0,,0.0,851.5,1.0,,0.0,,0.0,,0.0,,0.0
2023-04-27 21:00:20.5,1682600420500000000,,,,159.0,0.0,0.0,1950.5,1.0,,0.0,,0.0,,0.0,,0.0,851.5,1.0,,0.0,,0.0,,0.0,,0.0
2023-04-27 21:00:20.75,1682600420750000000,,,,159.0,0.0,0.0,1950.0,10.0,1950.5,1.0,,0.0,,0.0,,0.0,851.5,1.0,,0.0,,0.0,,0.0,,0.0
2023-04-27 21:00:21.25,1682600421250000000,,,,159.0,0.0,0.0,1950.0,10.0,,0.0,,0.0,,0.0,,0.0,851.5,1.0,,0.0,,0.0,,0.0,,0.0
2023-04-27 21:00:23.5,1682600423500000000,,,,159.0,0.0,0.0,1948.5,1.0,1950.0,10.0,,0.0,,0.0,,0.0,851.5,1.0,,0.0,,0.0,,0.0,,0.0
2023-04-27 21:00:23.75,1682600423750000000,,,,159.0,0.0,0.0,1948.5,1.0,,0.0,,0.0,,0.0,,0.0,851.5,1.0,,0.0,,0.0,,0.0,,0.0
2023-04-27 21:00:24.0,1682600424000000000,,,,159.0,0.0,0.0,1948.0,10.0,1948.5,1.0,,0.0,,0.0,,0.0,851.5,1.0,,0.0,,0.0,,0.0,,0.0
2023-04-27 21:00:24.25,1682600424250000000,,,,159.0,0.0,0.0,1948.0,10.0,,0.0,,0.0,,0.0,,0.0,851.5,1.0,,0.0,,0.0,,0.0,,0.0
2023-04-27 21:00:28.25,1682600428250000000,,,,159.0,0.0,0.0,1946.5,1.0,1948.0,10.0,,0.0,,0.0,,0.0,851.5,1.0,,0.0,,0.0,,0.0,,0.0
2023-04-27 21:00:28.5,1682600428500000000,,,,159.0,0.0,0.0,1946.5,1.0,,0.0,,0.0,,0.0,,0.0,851.5,1.0,,0.0,,0.0,,0.0,,0.0
2023-04-27 21:00:28.75,1682600428750000000,,,,159.0,0.0,0.0,1946.0,10.0,1946.5,1.0,,0.0,,0.0,,0.0,851.5,1.0,,0.0,,0.0,,0.0,,0.0
2023-04-27 21:00:29.25,1682600429250000000,,,,159.0,0.0,0.0,1944.5,1.0,1946.0,10.0,,0.0,,0.0,,0.0,851.5,1.0,,0.0,,0.0,,0.0,,0.0
2023-04-27 21:00:29.5,1682600429500000000,,,,159.0,0.0,0.0,1944.5,1.0,,0.0,,0.0,,0.0,,0.0,851.5,1.0,,0.0,,0.0,,0.0,,0.0
2023-04-27 21:00:29.75,1682600429750000000,,,,159.0,0.0,0.0,1944.0,10.0,1944.5,1.0,,0.0,,0.0,,0.0,851.5,1.0,,0.0,,0.0,,0.0,,0.0
2023-04-27 21:00:30.25,1682600430250000000,,,,159.0,0.0,0.0,1942.5,1.0,1944.0,10.0,,0.0,,0.0,,0.0,851.5,1.0,,0.0,,0.0,,0.0,,0.0
2023-04-27 21:00:30.5,1682600430500000000,,,,159.0,0.0,0.0,1942.5,1.0,,0.0,,0.0,,0.0,,0.0,851.5,1.0,,0.0,,0.0,,0.0,,0.0
2023-04-27 21:00:30.75,1682600430750000000,,,,159.0,0.0,0.0,1942.0,10.0,1942.5,1.0,,0.0,,0.0,,0.0,851.5,1.0,,0.0,,0.0,,0.0,,0.0
2023-04-27 21:00:31.25,1682600431250000000,,,,159.0,0.0,0.0,1940.5,1.0,1942.0,10.0,,0.0,,0.0,,0.0,851.5,1.0,,0.0,,0.0,,0.0,,0.0
2023-04-27 21:00:31.5,1682600431500000000,,,,159.0,0.0,0.0,1940.0,10.0,1940.5,1.0,,0.0,,0.0,,0.0,851.5,1.0,,0.0,,0.0,,0.0,,0.0
2023-04-27 21:00:31.75,1682600431750000000,,,,159.0,0.0,0.0,1940.0,10.0,,0.0,,0.0,,0.0,,0.0,851.5,1.0,,0.0,,0.0,,0.0,,0.0
2023-04-27 21:00:34.0,1682600434000000000,,,,159.0,0.0,0.0,1938.5,1.0,1940.0,10.0,,0.0,,0.0,,0.0,851.5,1.0,,0.0,,0.0,,0.0,,0.0
2023-04-27 21:00:34.25,1682600434250000000,,,,159.0,0.0,0.0,1938.5,1.0,,0.0,,0.0,,0.0,,0.0,851.5,1.0,,0.0,,0.0,,0.0,,0.0
2023-04-27 21:00:34.5,1682600434500000000,,,,159.0,0.0,0.0,1938.0,10.0,1938.5,1.0,,0.0,,0.0,,0.0,851.5,1.0,,0.0,,0.0,,0.0,,0.0
2023-04-27 21:00:34.75,1682600434750000000,,,,159.0,0.0,0.0,1936.5,1.0,1938.0,10.0,,0.0,,0.0,,0.0,851.5,1.0,,0.0,,0.0,,0.0,,0.0
2023-04-27 21:00:35.0,1682600435000000000,,,,159.0,0.0,0.0,1936.5,1.0,,0.0,,0.0,,0.0,,0.0,851.5,1.0,,0.0,,0.0,,0.0,,0.0
2023-04-27 21:00:35.25,1682600435250000000,,,,159.0,0.0,0.0,1936.0,10.0,1936.5,1.0,,0.0,,0.0,,0.0,851.5,1.0,,0.0,,0.0,,0.0,,0.0
2023-04-27 21:00:35.75,1682600435750000000,,,,159.0,0.0,0.0,1936.0,10.0,,0.0,,0.0,,0.0,,0.0,851.5,1.0,,0.0,,0.0,,0.0,,0.0
2023-04-27 21:00:37.75,1682600437750000000,,,,159.0,0.0,0.0,1934.5,1.0,1936.0,10.0,,0.0,,0.0,,0.0,851.5,1.0,,0.0,,0.0,,0.0,,0.0
2023-04-27 21:00:38.0,1682600438000000000,,,,159.0,0.0,0.0,1934.5,1.0,,0.0,,0.0,,0.0,,0.0,851.5,1.0,,0.0,,0.0,,0.0,,0.0
2023-04-27 21:00:38.25,1682600438250000000,,,,159.0,0.0,0.0,1934.0,10.0,1934.5,1.0,,0.0,,0.0,,0.0,851.5,1.0,,0.0,,0.0,,0.0,,0.0
2023-04-27 21:00:38.75,1682600438750000000,,,,159.0,0.0,0.0,1934.0,10.0,,0.0,,0.0,,0.0,,0.0,851.5,1.0,,0.0,,0.0,,0.0,,0.0
2023-04-27 21:00:41.75,1682600441750000000,,,,159.0,0.0,0.0,1932.5,1.0,1934.0,10.0,,0.0,,0.0,,0.0,851.5,1.0,,0.0,,0.0,,0.0,,0.0
2023-04-27 21:00:42.0,1682600442000000000,,,,159.0,0.0,0.0,1932.5,1.0,,0.0,,0.0,,0.0,,0.0,851.5,1.0,,0.0,,0.0,,0.0,,0.0
2023-04-27 21:00:42.25,1682600442250000000,,,,159.0,0.0,0.0,1932.0,10.0,1932.5,1.0,,0.0,,0.0,,0.0,851.5,1.0,,0.0,,0.0,,0.0,,0.0
2023-04-27 21:00:42.75,1682600442750000000,,,,159.0,0.0,0.0,1930.5,1.0,1932.0,10.0,,0.0,,0.0,,0.0,851.5,1.0,,0.0,,0.0,,0.0,,0.0
2023-04-27 21:00:43.0,1682600443000000000,,,,159.0,0.0,0.0,1930.5,1.0,,0.0,,0.0,,0.0,,0.0,851.5,1.0,,0.0,,0.0,,0.0,,0.0
2023-04-27 21:00:43.25,1682600443250000000,,,,159.0,0.0,0.0,1930.0,10.0,1930.5,1.0,,0.0,,0.0,,0.0,851.5,1.0,,0.0,,0.0,,0.0,,0.0
2023-04-27 21:00:43.75,1682600443750000000,,,,159.0,0.0,0.0,1928.5,1.0,1930.0,10.0,,0.0,,0.0,,0.0,851.5,1.0,,0.0,,0.0,,0.0,,0.0
2023-04-27 21:00:44.0,1682600444000000000,,,,159.0,0.0,0.0,1928.5,1.0,,0.0,,0.0,,0.0,,0.0,851.5,1.0,,0.0,,0.0,,0.0,,0.0
2023-04-27 21:00:44.25,1682600444250000000,,,,159.0,0.0,0.0,1928.0,10.0,1928.5,1.0,,0.0,,0.0,,0.0,851.5,1.0,,0.0,,0.0,,0.0,,0.0
2023-04-27 21:00:44.75,1682600444750000000,,,,159.0,0.0,0.0,1928.0,10.0,,0.0,,0.0,,0.0,,0.0,851.5,1.0,,0.0,,0.0,,0.0,,0.0
2023-04-27 21:00:47.75,1682600447750000000,,,,159.0,0.0,0.0,1926.5,1.0,1928.0,10.0,,0.0,,0.0,,0.0,851.5,1.0,,0.0,,0.0,,0.0,,0.0
2023-04-27 21:00:48.0,1682600448000000000,,,,159.0,0.0,0.0,1926.5,1.0,,0.0,,0.0,,0.0,,0.0,851.5,1.0,,0.0,,0.0,,0.0,,0.0
2023-04-27 21:00:48.25,1682600448250000000,,,,159.0,0.0,0.0,1926.0,10.0,1926.5,1.0,,0.0,,0.0,,0.0,851.5,1.0,,0.0,,0.0,,0.0,,0.0
2023-04-27 21:00:48.75,1682600448750000000,,,,159.0,0.0,0.0,1924.5,1.0,1926.0,10.0,,0.0,,0.0,,0.0,851.5,1.0,,0.0,,0.0,,0.0,,0.0
2023-04-27 21:00:49.0,1682600449000000000,,,,159.0,0.0,0.0,1924.5,1.0,,0.0,,0.0,,0.0,,0.0,851.5,1.0,,0.0,,0.0,,0.0,,0.0
2023-04-27 21:00:49.25,1682600449250000000,,,,159.0,0.0,0.0,1924.0,10.0,1924.5,1.0,,0.0,,0.0,,0.0,851.5,1.0,,0.0,,0.0,,0.0,,0.0
2023-04-27 21:00:49.75,1682600449750000000,,,,159.0,0.0,0.0,1924.0,10.0,,0.0,,0.0,,0.0,,0.0,851.5,1.0,,0.0,,0.0,,0.0,,0.0
2023-04-27 21:00:50.0,1682600450000000000,,,,159.0,0.0,0.0,1922.5,1.0,1924.0,10.0,,0.0,,0.0,,0.0,851.5,1.0,,0.0,,0.0,,0.0,,0.0
2023-04-27 21:00:50.25,1682600450250000000,,,,159.0,0.0,0.0,1922.5,1.0,,0.0,,0.0,,0.0,,0.0,851.5,1.0,,0.0,,0.0,,0.0,,0.0
2023-04-27 21:00:50.5,1682600450500000000,,,,159.0,0.0,0.0,1922.0,10.0,1922.5,1.0,,0.0,,0.0,,0.0,851.5,1.0,,0.0,,0.0,,0.0,,0.0
2023-04-27 21:00:50.75,1682600450750000000,,,,159.0,0.0,0.0,1922.0,10.0,,0.0,,0.0,,0.0,,0.0,851.5,1.0,,0.0,,0.0,,0.0,,0.0
2023-04-27 21:00:54.75,1682600454750000000,,,,159.0,0.0,0.0,1920.5,1.0,1922.0,10.0,,0.0,,0.0,,0.0,851.5,1.0,,0.0,,0.0,,0.0,,0.0
2023-04-27 21:00:55.0,1682600455000000000,,,,159.0,0.0,0.0,1920.5,1.0,,0.0,,0.0,,0.0,,0.0,851.5,1.0,,0.0,,0.0,,0.0,,0.0
2023-04-27 21:00:55.25,1682600455250000000,,,,159.0,0.0,0.0,1920.0,10.0,1920.5,1.0,,0.0,,0.0,,0.0,851.5,1.0,,0.0,,0.0,,0.0,,0.0
2023-04-27 21:00:55.75,1682600455750000000,,,,159.0,0.0,0.0,1920.0,10.0,,0.0,,0.0,,0.0,,0.0,851.5,1.0,,0.0,,0.0,,0.0,,0.0
2023-04-27 21:00:58.75,1682600458750000000,,,,159.0,0.0,0.0,1918.5,1.0,1920.0,10.0,,0.0,,0.0,,0.0,851.5,1.0,,0.0,,0.0,,0.0,,0.0
2023-04-27 21:00:59.0,1682600459000000000,,,,159.0,0.0,0.0,1918.5,1.0,,0.0,,0.0,,0.0,,0.0,851.5,1.0,,0.0,,0.0,,0.0,,0.0
2023-04-27 21:00:59.25,1682600459250000000,,,,159.0,0.0,0.0,1918.0,10.0,1918.5,1.0,,0.0,,0.0,,0.0,851.5,1.0,,0.0,,0.0,,0.0,,0.0
2023-04-27 21:00:59.75,1682600459750000000,,,,159.0,0.0,0.0,1916.5,1.0,1918.0,10.0,,0.0,,0.0,,0.0,851.5,1.0,,0.0,,0.0,,0.0,,0.0
2023-04-27 21:01:00.0,1682600460000000000,,,,159.0,0.0,0.0,1916.5,1.0,,0.0,,0.0,,0.0,,0.0,851.5,1.0,,0.0,,0.0,,0.0,,0.0
2023-04-27 21:01:00.25,1682600460250000000,,,,159.0,0.0,0.0,1916.0,10.0,1916.5,1.0,,0.0,,0.0,,0.0,851.5,1.0,,0.0,,0.0,,0.0,,0.0
2023-04-27 21:01:00.75,1682600460750000000,,,,159.0,0.0,0.0,1914.5,1.0,1916.0,10.0,,0.0,,0.0,,0.0,851.5,1.0,,0.0,,0.0,,0.0,,0.0
2023-04-27 21:01:01.0,1682600461000000000,,,,159.0,0.0,0.0,1914.5,1.0,,0.0,,0.0,,0.0,,0.0,851.5,1.0,,0.0,,0.0,,0.0,,0.0
2023-04-27 21:01:01.25,1682600461250000000,,,,159.0,0.0,0.0,1914.0,10.0,1914.5,1.0,,0.0,,0.0,,0.0,851.5,1.0,,0.0,,0.0,,0.0,,0.0
2023-04-27 21:01:01.75,1682600461750000000,,,,159.0,0.0,0.0,1914.0,10.0,,0.0,,0.0,,0.0,,0.0,851.5,1.0,,0.0,,0.0,,0.0,,0.0
2023-04-27 21:01:05.75,1682600465750000000,,,,159.0,0.0,0.0,1912.5,1.0,1914.0,10.0,,0.0,,0.0,,0.0,851.5,1.0,,0.0,,0.0,,0.0,,0.0
2023-04-27 21:01:06.0,1682600466000000000,,,,159.0,0.0,0.0,1912.5,1.0,,0.0,,0.0,,0.0,,0.0,851.5,1.0,,0.0,,0.0,,0.0,,0.0
2023-04-27 21:01:06.25,1682600466250000000,,,,159.0,0.0,0.0,1912.0,10.0,1912.5,1.0,,0.0,,0.0,,0.0,851.5,1.0,,0.0,,0.0,,0.0,,0.0
2023-04-27 21:01:06.75,1682600466750000000,,,,159.0,0.0,0.0,1912.0,10.0,,0.0,,0.0,,0.0,,0.0,851.5,1.0,,0.0,,0.0,,0.0,,0.0
2023-04-27 21:01:08.75,1682600468750000000,,,,159.0,0.0,0.0,1910.5,1.0,1912.0,10.0,,0.0,,0.0,,0.0,851.5,1.0,,0.0,,0.0,,0.0,,0.0
2023-04-27 21:01:09.0,1682600469000000000,,,,159.0,0.0,0.0,1910.5,1.0,,0.0,,0.0,,0.0,,0.0,851.5,1.0,,0.0,,0.0,,0.0,,0.0
2023-04-27 21:01:09.25,1682600469250000000,,,,159.0,0.0,0.0,1910.0,10.0,1910.5,1.0,,0.0,,0.0,,0.0,851.5,1.0,,0.0,,0.0,,0.0,,0.0
2023-04-27 21:01:09.75,1682600469750000000,,,,159.0,0.0,0.0,1908.5,1.0,1910.0,10.0,,0.0,,0.0,,0.0,851.5,1.0,,0.0,,0.0,,0.0,,0.0
2023-04-27 21:01:10.0,1682600470000000000,,,,159.0,0.0,0.0,1908.5,1.0,,0.0,,0.0,,0.0,,0.0,851.5,1.0,,0.0,,0.0,,0.0,,0.0
2023-04-27 21:01:10.25,1682600470250000000,,,,159.0,0.0,0.0,1908.0,10.0,1908.5,1.0,,0.0,,0.0,,0.0,851.5,1.0,,0.0,,0.0,,0.0,,0.0
2023-04-27 21:01:10.75,1682600470750000000,,,,159.0,0.0,0.0,1906.5,1.0,1908.0,10.0,,0.0,,0.0,,0.0,851.5,1.0,,0.0,,0.0,,0.0,,0.0
2023-04-27 21:01:11.0,1682600471000000000,,,,159.0,0.0,0.0,1906.5,1.0,,0.0,,0.0,,0.0,,0.0,851.5,1.0,,0.0,,0.0,,0.0,,0.0
2023-04-27 21:01:11.25,1682600471250000000,,,,159.0,0.0,0.0,1906.0,10.0,1906.5,1.0,,0.0,,0.0,,0.0,851.5,1.0,,0.0,,0.0,,0.0,,0.0
2023-04-27 21:01:11.75,1682600471750000000,,,,159.0,0.0,0.0,1904.5,1.0,1906.0,10.0,,0.0,,0.0,,0.0,851.5,1.0,,0.0,,0.0,,0.0,,0.0
2023-04-27 21:01:12.0,1682600472000000000,,,,159.0,0.0,0.0,1904.5,1.0,,0.0,,0.0,,0.0,,0.0,851.5,1.0,,0.0,,0.0,,0.0,,0.0
2023-04-27 21:01:12.25,1682600472250000000,,,,159.0,0.0,0.0,1904.0,10.0,1904.5,1.0,,0.0,,0.0,,0.0,851.5,1.0,,0.0,,0.0,,0.0,,0.0
2023-04-27 21:01:12.75,1682600472750000000,,,,159.0,0.0,0.0,1904.0,10.0,,0.0,,0.0,,0.0,,0.0,851.5,1.0,,0.0,,0.0,,0.0,,0.0
2023-04-27 21:01:14.75,1682600474750000000,,,,159.0,0.0,0.0,1902.5,1.0,1904.0,10.0,,0.0,,0.0,,0.0,851.5,1.0,,0.0,,0.0,,0.0,,0.0
2023-04-27 21:01:15.0,1682600475000000000,,,,159.0,0.0,0.0,1902.5,1.0,,0.0,,0.0,,0.0,,0.0,851.5,1.0,,0.0,,0.0,,0.0,,0.0
2023-04-27 21:01:15.25,1682600475250000000,,,,159.0,0.0,0.0,1902.0,10.0,1902.5,1.0,,0.0,,0.0,,0.0,851.5,1.0,,0.0,,0.0,,0.0,,0.0
2023-04-27 21:01:15.75,1682600475750000000,,,,159.0,0.0,0.0,1900.5,1.0,1902.0,10.0,,0.0,,0.0,,0.0,851.5,1.0,,0.0,,0.0,,0.0,,0.0
2023-04-27 21:01:16.0,1682600476000000000,,,,159.0,0.0,0.0,1900.5,1.0,,0.0,,0.0,,0.0,,0.0,851.5,1.0,,0.0,,0.0,,0.0,,0.0
2023-04-27 21:01:16.25,1682600476250000000,,,,159.0,0.0,0.0,1900.0,10.0,1900.5,1.0,,0.0,,0.0,,0.0,851.5,1.0,,0.0,,0.0,,0.0,,0.0
2023-04-27 21:01:16.75,1682600476750000000,,,,159.0,0.0,0.0,1898.5,1.0,1900.0,10.0,,0.0,,0.0,,0.0,851.5,1.0,,0.0,,0.0,,0.0,,0.0
2023-04-27 21:01:17.0,1682600477000000000,,,,159.0,0.0,0.0,1898.5,1.0,,0.0,,0.0,,0.0,,0.0,851.5,1.0,,0.0,,0.0,,0.0,,0.0
2023-04-27 21:01:17.25,1682600477250000000,,,,159.0,0.0,0.0,1898.0,10.0,1898.5,1.0,,0.0,,0.0,,0.0,851.5,1.0,,0.0,,0.0,,0.0,,0.0
2023-04-27 21:01:17.75,1682600477750000000,,,,159.0,0.0,0.0,1896.5,1.0,1898.0,10.0,,0.0,,0.0,,0.0,851.5,1.0,,0.0,,0.0,,0.0,,0.0
2023-04-27 21:01:18.0,1682600478000000000,,,,159.0,0.0,0.0,1896.5,1.0,,0.0,,0.0,,0.0,,0.0,851.5,1.0,,0.0,,0.0,,0.0,,0.0
2023-04-27 21:01:18.25,1682600478250000000,,,,159.0,0.0,0.0,1896.0,10.0,1896.5,1.0,,0.0,,0.0,,0.0,851.5,1.0,,0.0,,0.0,,0.0,,0.0
2023-04-27 21:01:19.0,1682600479000000000,,,,159.0,0.0,0.0,1894.5,1.0,1896.0,10.0,,0.0,,0.0,,0.0,851.5,1.0,,0.0,,0.0,,0.0,,0.0
2023-04-27 21:01:19.25,1682600479250000000,,,,159.0,0.0,0.0,1894.5,1.0,,0.0,,0.0,,0.0,,0.0,851.5,1.0,,0.0,,0.0,,0.0,,0.0
2023-04-27 21:01:19.5,1682600479500000000,,,,159.0,0.0,0.0,1894.0,10.0,1894.5,1.0,,0.0,,0.0,,0.0,851.5,1.0,,0.0,,0.0,,0.0,,0.0
2023-04-27 21:01:20.0,1682600480000000000,,,,159.0,0.0,0.0,1892.5,1.0,1894.0,10.0,,0.0,,0.0,,0.0,851.5,1.0,,0.0,,0.0,,0.0,,0.0
2023-04-27 21:01:20.25,1682600480250000000,,,,159.0,0.0,0.0,1892.5,1.0,,0.0,,0.0,,0.0,,0.0,851.5,1.0,,0.0,,0.0,,0.0,,0.0
2023-04-27 21:01:20.5,1682600480500000000,,,,159.0,0.0,0.0,1892.0,10.0,1892.5,1.0,,0.0,,0.0,,0.0,851.5,1.0,,0.0,,0.0,,0.0,,0.0
2023-04-27 21:01:21.0,1682600481000000000,,,,159.0,0.0,0.0,1892.0,10.0,,0.0,,0.0,,0.0,,0.0,851.5,1.0,,0.0,,0.0,,0.0,,0.0
2023-04-27 21:01:23.0,1682600483000000000,,,,159.0,0.0,0.0,1890.5,1.0,1892.0,10.0,,0.0,,0.0,,0.0,851.5,1.0,,0.0,,0.0,,0.0,,0.0
2023-04-27 21:01:23.25,1682600483250000000,,,,159.0,0.0,0.0,1890.5,1.0,,0.0,,0.0,,0.0,,0.0,851.5,1.0,,0.0,,0.0,,0.0,,0.0
2023-04-27 21:01:23.5,1682600483500000000,,,,159.0,0.0,0.0,1890.0,10.0,1890.5,1.0,,0.0,,0.0,,0.0,851.5,1.0,,0.0,,0.0,,0.0,,0.0
2023-04-27 21:01:24.0,1682600484000000000,,,,159.0,0.0,0.0,1888.5,1.0,1890.0,10.0,,0.0,,0.0,,0.0,851.5,1.0,,0.0,,0.0,,0.0,,0.0
2023-04-27 21:01:24.25,1682600484250000000,,,,159.0,0.0,0.0,1888.5,1.0,,0.0,,0.0,,0.0,,0.0,851.5,1.0,,0.0,,0.0,,0.0,,0.0
2023-04-27 21:01:24.5,1682600484500000000,,,,159.0,0.0,0.0,1888.0,10.0,1888.5,1.0,,0.0,,0.0,,0.0,851.5,1.0,,0.0,,0.0,,0.0,,0.0
2023-04-27 21:01:25.0,1682600485000000000,,,,159.0,0.0,0.0,1888.0,10.0,,0.0,,0.0,,0.0,,0.0,851.5,1.0,,0.0,,0.0,,0.0,,0.0
2023-04-27 21:01:26.0,1682600486000000000,,,,159.0,0.0,0.0,1886.5,1.0,1888.0,10.0,,0.0,,0.0,,0.0,851.5,1.0,,0.0,,0.0,,0.0,,0.0
2023-04-27 21:01:26.25,1682600486250000000,,,,159.0,0.0,0.0,1886.5,1.0,,0.0,,0.0,,0.0,,0.0,851.5,1.0,,0.0,,0.0,,0.0,,0.0
2023-04-27 21:01:26.5,1682600486500000000,,,,159.0,0.0,0.0,1886.0,10.0,1886.5,1.0,,0.0,,0.0,,0.0,851.5,1.0,,0.0,,0.0,,0.0,,0.0
2023-04-27 21:01:27.0,1682600487000000000,,,,159.0,0.0,0.0,1886.0,10.0,,0.0,,0.0,,0.0,,0.0,851.5,1.0,,0.0,,0.0,,0.0,,0.0
2023-04-27 21:01:29.0,1682600489000000000,,,,159.0,0.0,0.0,1884.5,1.0,1886.0,10.0,,0.0,,0.0,,0.0,851.5,1.0,,0.0,,0.0,,0.0,,0.0
2023-04-27 21:01:29.25,1682600489250000000,,,,159.0,0.0,0.0,1884.5,1.0,,0.0,,0.0,,0.0,,0.0,851.5,1.0,,0.0,,0.0,,0.0,,0.0
2023-04-27 21:01:29.5,1682600489500000000,,,,159.0,0.0,0.0,1884.0,10.0,1884.5,1.0,,0.0,,0.0,,0.0,851.5,1.0,,0.0,,0.0,,0.0,,0.0
2023-04-27 21:01:30.0,1682600490000000000,,,,159.0,0.0,0.0,1882.5,1.0,1884.0,10.0,,0.0,,0.0,,0.0,851.5,1.0,,0.0,,0.0,,0.0,,0.0
2023-04-27 21:01:30.25,1682600490250000000,,,,159.0,0.0,0.0,1882.0,10.0,1882.5,1.0,,0.0,,0.0,,0.0,851.5,1.0,,0.0,,0.0,,0.0,,0.0
2023-04-27 21:01:30.5,1682600490500000000,,,,159.0,0.0,0.0,1882.0,10.0,,0.0,,0.0,,0.0,,0.0,851.5,1.0,,0.0,,0.0,,0.0,,0.0
2023-04-27 21:01:33.5,1682600493500000000,,,,159.0,0.0,0.0,1880.5,1.0,1882.0,10.0,,0.0,,0.0,,0.0,851.5,1.0,,0.0,,0.0,,0.0,,0.0
2023-04-27 21:01:33.75,1682600493750000000,,,,159.0,0.0,0.0,1880.5,1.0,,0.0,,0.0,,0.0,,0.0,851.5,1.0,,0.0,,0.0,,0.0,,0.0
2023-04-27 21:01:34.0,1682600494000000000,,,,159.0,0.0,0.0,1880.0,10.0,1880.5,1.0,,0.0,,0.0,,0.0,851.5,1.0,,0.0,,0.0,,0.0,,0.0
2023-04-27 21:01:34.5,1682600494500000000,,,,159.0,0.0,0.0,1880.0,10.0,,0.0,,0.0,,0.0,,0.0,851.5,1.0,,0.0,,0.0,,0.0,,0.0
2023-04-27 21:01:37.75,1682600497750000000,,,,159.0,0.0,0.0,1878.5,1.0,1880.0,10.0,,0.0,,0.0,,0.0,851.5,1.0,,0.0,,0.0,,0.0,,0.0
2023-04-27 21:01:38.0,1682600498000000000,,,,159.0,0.0,0.0,1878.5,1.0,,0.0,,0.0,,0.0,,0.0,851.5,1.0,,0.0,,0.0,,0.0,,0.0
2023-04-27 21:01:38.25,1682600498250000000,,,,159.0,0.0,0.0,1878.0,10.0,1878.5,1.0,,0.0,,0.0,,0.0,851.5,1.0,,0.0,,0.0,,0.0,,0.0
2023-04-27 21:01:38.5,1682600498500000000,,,,159.0,0.0,0.0,1878.0,10.0,,0.0,,0.0,,0.0,,0.0,851.5,1.0,,0.0,,0.0,,0.0,,0.0
2023-04-27 21:01:40.5,1682600500500000000,,,,159.0,0.0,0.0,1876.5,1.0,1878.0,10.0,,0.0,,0.0,,0.0,851.5,1.0,,0.0,,0.0,,0.0,,0.0
2023-04-27 21:01:40.75,1682600500750000000,,,,159.0,0.0,0.0,1876.5,1.0,,0.0,,0.0,,0.0,,0.0,851.5,1.0,,0.0,,0.0,,0.0,,0.0
2023-04-27 21:01:41.0,1682600501000000000,,,,159.0,0.0,0.0,1876.0,10.0,1876.5,1.0,,0.0,,0.0,,0.0,851.5,1.0,,0.0,,0.0,,0.0,,0.0
2023-04-27 21:01:41.5,1682600501500000000,,,,159.0,0.0,0.0,1874.5,1.0,1876.0,10.0,,0.0,,0.0,,0.0,851.5,1.0,,0.0,,0.0,,0.0,,0.0
2023-04-27 21:01:41.75,1682600501750000000,,,,159.0,0.0,0.0,1874.5,1.0,,0.0,,0.0,,0.0,,0.0,851.5,1.0,,0.0,,0.0,,0.0,,0.0
2023-04-27 21:01:42.0,1682600502000000000,,,,159.0,0.0,0.0,1874.0,10.0,1874.5,1.0,,0.0,,0.0,,0.0,851.5,1.0,,0.0,,0.0,,0.0,,0.0
2023-04-27 21:01:42.5,1682600502500000000,,,,159.0,0.0,0.0,1874.0,10.0,,0.0,,0.0,,0.0,,0.0,851.5,1.0,,0.0,,0.0,,0.0,,0.0
2023-04-27 21:01:47.5,1682600507500000000,,,,159.0,0.0,0.0,1872.5,1.0,1874.0,10.0,,0.0,,0.0,,0.0,851.5,1.0,,0.0,,0.0,,0.0,,0.0
2023-04-27 21:01:47.75,1682600507750000000,,,,159.0,0.0,0.0,1872.5,1.0,,0.0,,0.0,,0.0,,0.0,851.5,1.0,,0.0,,0.0,,0.0,,0.0
2023-04-27 21:01:48.0,1682600508000000000,,,,159.0,0.0,0.0,1872.0,10.0,1872.5,1.0,,0.0,,0.0,,0.0,851.5,1.0,,0.0,,0.0,,0.0,,0.0
2023-04-27 21:01:48.5,1682600508500000000,,,,159.0,0.0,0.0,1872.0,10.0,,0.0,,0.0,,0.0,,0.0,851.5,1.0,,0.0,,0.0,,0.0,,0.0
2023-04-27 21:01:51.5,1682600511500000000,,,,159.0,0.0,0.0,1870.5,1.0,1872.0,10.0,,0.0,,0.0,,0.0,851.5,1.0,,0.0,,0.0,,0.0,,0.0
2023-04-27 21:01:51.75,1682600511750000000,,,,159.0,0.0,0.0,1870.5,1.0,,0.0,,0.0,,0.0,,0.0,851.5,1.0,,0.0,,0.0,,0.0,,0.0
2023-04-27 21:01:52.0,1682600512000000000,,,,159.0,0.0,0.0,1870.0,10.0,1870.5,1.0,,0.0,,0.0,,0.0,851.5,1.0,,0.0,,0.0,,0.0,,0.0
2023-04-27 21:01:52.5,1682600512500000000,,,,159.0,0.0,0.0,1870.0,10.0,,0.0,,0.0,,0.0,,0.0,851.5,1.0,,0.0,,0.0,,0.0,,0.0
2023-04-27 21:01:53.5,1682600513500000000,,,,159.0,0.0,0.0,1868.5,1.0,1870.0,10.0,,0.0,,0.0,,0.0,851.5,1.0,,0.0,,0.0,,0.0,,0.0
2023-04-27 21:01:53.75,1682600513750000000,,,,159.0,0.0,0.0,1868.5,1.0,,0.0,,0.0,,0.0,,0.0,851.5,1.0,,0.0,,0.0,,0.0,,0.0
2023-04-27 21:01:54.0,1682600514000000000,,,,159.0,0.0,0.0,1868.0,10.0,1868.5,1.0,,0.0,,0.0,,0.0,851.5,1.0,,0.0,,0.0,,0.0,,0.0
2023-04-27 21:01:54.5,1682600514500000000,,,,159.0,0.0,0.0,1868.0,10.0,,0.0,,0.0,,0.0,,0.0,851.5,1.0,,0.0,,0.0,,0.0,,0.0
2023-04-27 21:01:57.75,1682600517750000000,,,,159.0,0.0,0.0,1866.5,1.0,1868.0,10.0,,0.0,,0.0,,0.0,851.5,1.0,,0.0,,0.0,,0.0,,0.0
2023-04-27 21:01:58.0,1682600518000000000,,,,159.0,0.0,0.0,1866.5,1.0,,0.0,,0.0,,0.0,,0.0,851.5,1.0,,0.0,,0.0,,0.0,,0.0
2023-04-27 21:01:58.25,1682600518250000000,,,,159.0,0.0,0.0,1866.0,10.0,1866.5,1.0,,0.0,,0.0,,0.0,851.5,1.0,,0.0,,0.0,,0.0,,0.0
2023-04-27 21:01:58.5,1682600518500000000,,,,159.0,0.0,0.0,1866.0,10.0,,0.0,,0.0,,0.0,,0.0,851.5,1.0,,0.0,,0.0,,0.0,,0.0
2023-04-27 21:02:02.5,1682600522500000000,,,,159.0,0.0,0.0,1864.5,1.0,1866.0,10.0,,0.0,,0.0,,0.0,851.5,1.0,,0.0,,0.0,,0.0,,0.0
2023-04-27 21:02:02.75,1682600522750000000,,,,159.0,0.0,0.0,1864.5,1.0,,0.0,,0.0,,0.0,,0.0,851.5,1.0,,0.0,,0.0,,0.0,,0.0
2023-04-27 21:02:03.0,1682600523000000000,,,,159.0,0.0,0.0,1864.0,10.0,1864.5,1.0,,0.0,,0.0,,0.0,851.5,1.0,,0.0,,0.0,,0.0,,0.0
2023-04-27 21:02:03.5,1682600523500000000,,,,159.0,0.0,0.0,1862.5,1.0,1864.0,10.0,,0.0,,0.0,,0.0,851.5,1.0,,0.0,,0.0,,0.0,,0.0
2023-04-27 21:02:03.75,1682600523750000000,,,,159.0,0.0,0.0,1862.5,1.0,,0.0,,0.0,,0.0,,0.0,851.5,1.0,,0.0,,0.0,,0.0,,0.0
2023-04-27 21:02:04.0,1682600524000000000,,,,159.0,0.0,0.0,1862.0,10.0,1862.5,1.0,,0.0,,0.0,,0.0,851.5,1.0,,0.0,,0.0,,0.0,,0.0
2023-04-27 21:02:04.5,1682600524500000000,,,,159.0,0.0,0.0,1862.0,10.0,,0.0,,0.0,,0.0,,0.0,851.5,1.0,,0.0,,0.0,,0.0,,0.0
2023-04-27 21:02:09.5,1682600529500000000,,,,159.0,0.0,0.0,1860.5,1.0,1862.0,10.0,,0.0,,0.0,,0.0,851.5,1.0,,0.0,,0.0,,0.0,,0.0
2023-04-27 21:02:09.75,1682600529750000000,,,,159.0,0.0,0.0,1860.5,1.0,,0.0,,0.0,,0.0,,0.0,851.5,1.0,,0.0,,0.0,,0.0,,0.0
2023-04-27 21:02:10.0,1682600530000000000,,,,159.0,0.0,0.0,1860.0,10.0,1860.5,1.0,,0.0,,0.0,,0.0,851.5,1.0,,0.0,,0.0,,0.0,,0.0
2023-04-27 21:02:10.5,1682600530500000000,,,,159.0,0.0,0.0,1860.0,10.0,,0.0,,0.0,,0.0,,0.0,851.5,1.0,,0.0,,0.0,,0.0,,0.0
2023-04-27 21:02:13.75,1682600533750000000,,,,159.0,0.0,0.0,1858.5,1.0,1860.0,10.0,,0.0,,0.0,,0.0,851.5,1.0,,0.0,,0.0,,0.0,,0.0
2023-04-27 21:02:14.0,1682600534000000000,,,,159.0,0.0,0.0,1858.5,1.0,,0.0,,0.0,,0.0,,0.0,851.5,1.0,,0.0,,0.0,,0.0,,0.0
2023-04-27 21:02:14.25,1682600534250000000,,,,159.0,0.0,0.0,1858.0,10.0,1858.5,1.0,,0.0,,0.0,,0.0,851.5,1.0,,0.0,,0.0,,0.0,,0.0
2023-04-27 21:02:14.5,1682600534500000000,,,,159.0,0.0,0.0,1858.0,10.0,,0.0,,0.0,,0.0,,0.0,851.5,1.0,,0.0,,0.0,,0.0,,0.0
2023-04-27 21:02:19.75,1682600539750000000,,,,159.0,0.0,0.0,1856.5,1.0,1858.0,10.0,,0.0,,0.0,,0.0,851.5,1.0,,0.0,,0.0,,0.0,,0.0
2023-04-27 21:02:20.0,1682600540000000000,,,,159.0,0.0,0.0,1856.5,1.0,,0.0,,0.0,,0.0,,0.0,851.5,1.0,,0.0,,0.0,,0.0,,0.0
2023-04-27 21:02:20.25,1682600540250000000,,,,159.0,0.0,0.0,1856.0,10.0,1856.5,1.0,,0.0,,0.0,,0.0,851.5,1.0,,0.0,,0.0,,0.0,,0.0
2023-04-27 21:02:20.5,1682600540500000000,,,,159.0,0.0,0.0,1856.0,10.0,,0.0,,0.0,,0.0,,0.0,851.5,1.0,,0.0,,0.0,,0.0,,0.0
2023-04-27 21:02:22.5,1682600542500000000,,,,159.0,0.0,0.0,1854.5,1.0,1856.0,10.0,,0.0,,0.0,,0.0,851.5,1.0,,0.0,,0.0,,0.0,,0.0
2023-04-27 21:02:22.75,1682600542750000000,,,,159.0,0.0,0.0,1854.5,1.0,,0.0,,0.0,,0.0,,0.0,851.5,1.0,,0.0,,0.0,,0.0,,0.0
2023-04-27 21:02:23.0,1682600543000000000,,,,159.0,0.0,0.0,1854.0,10.0,1854.5,1.0,,0.0,,0.0,,0.0,851.5,1.0,,0.0,,0.0,,0.0,,0.0
2023-04-27 21:02:23.5,1682600543500000000,,,,159.0,0.0,0.0,1852.5,1.0,1854.0,10.0,,0.0,,0.0,,0.0,851.5,1.0,,0.0,,0.0,,0.0,,0.0
2023-04-27 21:02:23.75,1682600543750000000,,,,159.0,0.0,0.0,1852.5,1.0,,0.0,,0.0,,0.0,,0.0,851.5,1.0,,0.0,,0.0,,0.0,,0.0
2023-04-27 21:02:24.0,1682600544000000000,,,,159.0,0.0,0.0,1852.0,10.0,1852.5,1.0,,0.0,,0.0,,0.0,851.5,1.0,,0.0,,0.0,,0.0,,0.0
2023-04-27 21:02:24.5,1682600544500000000,,,,159.0,0.0,0.0,1850.5,1.0,1852.0,10.0,,0.0,,0.0,,0.0,851.5,1.0,,0.0,,0.0,,0.0,,0.0
2023-04-27 21:02:24.75,1682600544750000000,,,,159.0,0.0,0.0,1850.5,1.0,,0.0,,0.0,,0.0,,0.0,851.5,1.0,,0.0,,0.0,,0.0,,0.0
2023-04-27 21:02:25.0,1682600545000000000,,,,159.0,0.0,0.0,1850.0,10.0,1850.5,1.0,,0.0,,0.0,,0.0,851.5,1.0,,0.0,,0.0,,0.0,,0.0
2023-04-27 21:02:25.5,1682600545500000000,,,,159.0,0.0,0.0,1850.0,10.0,,0.0,,0.0,,0.0,,0.0,851.5,1.0,,0.0,,0.0,,0.0,,0.0
2023-04-27 21:02:26.5,1682600546500000000,,,,159.0,0.0,0.0,1848.5,1.0,1850.0,10.0,,0.0,,0.0,,0.0,851.5,1.0,,0.0,,0.0,,0.0,,0.0
2023-04-27 21:02:26.75,1682600546750000000,,,,159.0,0.0,0.0,1848.5,1.0,,0.0,,0.0,,0.0,,0.0,851.5,1.0,,0.0,,0.0,,0.0,,0.0
2023-04-27 21:02:27.0,1682600547000000000,,,,159.0,0.0,0.0,1848.0,10.0,1848.5,1.0,,0.0,,0.0,,0.0,851.5,1.0,,0.0,,0.0,,0.0,,0.0
2023-04-27 21:02:27.5,1682600547500000000,,,,159.0,0.0,0.0,1848.0,10.0,,0.0,,0.0,,0.0,,0.0,851.5,1.0,,0.0,,0.0,,0.0,,0.0
2023-04-27 21:02:34.75,1682600554750000000,,,,159.0,0.0,0.0,1846.5,1.0,1848.0,10.0,,0.0,,0.0,,0.0,851.5,1.0,,0.0,,0.0,,0.0,,0.0
2023-04-27 21:02:35.0,1682600555000000000,,,,159.0,0.0,0.0,1846.5,1.0,,0.0,,0.0,,0.0,,0.0,851.5,1.0,,0.0,,0.0,,0.0,,0.0
2023-04-27 21:02:35.25,1682600555250000000,,,,159.0,0.0,0.0,1846.0,10.0,1846.5,1.0,,0.0,,0.0,,0.0,851.5,1.0,,0.0,,0.0,,0.0,,0.0
2023-04-27 21:02:35.5,1682600555500000000,,,,159.0,0.0,0.0,1846.0,10.0,,0.0,,0.0,,0.0,,0.0,851.5,1.0,,0.0,,0.0,,0.0,,0.0
2023-04-27 21:02:40.5,1682600560500000000,,,,159.0,0.0,0.0,1844.5,1.0,1846.0,10.0,,0.0,,0.0,,0.0,851.5,1.0,,0.0,,0.0,,0.0,,0.0
2023-04-27 21:02:40.75,1682600560750000000,,,,159.0,0.0,0.0,1844.5,1.0,,0.0,,0.0,,0.0,,0.0,851.5,1.0,,0.0,,0.0,,0.0,,0.0
2023-04-27 21:02:41.0,1682600561000000000,,,,159.0,0.0,0.0,1844.0,10.0,1844.5,1.0,,0.0,,0.0,,0.0,851.5,1.0,,0.0,,0.0,,0.0,,0.0
2023-04-27 21:02:41.5,1682600561500000000,,,,159.0,0.0,0.0,1844.0,10.0,,0.0,,0.0,,0.0,,0.0,851.5,1.0,,0.0,,0.0,,0.0,,0.0
2023-04-27 21:02:45.5,1682600565500000000,,,,159.0,0.0,0.0,1842.5,1.0,1844.0,10.0,,0.0,,0.0,,0.0,851.5,1.0,,0.0,,0.0,,0.0,,0.0
2023-04-27 21:02:45.75,1682600565750000000,,,,159.0,0.0,0.0,1842.5,1.0,,0.0,,0.0,,0.0,,0.0,851.5,1.0,,0.0,,0.0,,0.0,,0.0
2023-04-27 21:02:46.0,1682600566000000000,,,,159.0,0.0,0.0,1842.0,10.0,1842.5,1.0,,0.0,,0.0,,0.0,851.5,1.0,,0.0,,0.0,,0.0,,0.0
2023-04-27 21:02:46.5,1682600566500000000,,,,159.0,0.0,0.0,1840.5,1.0,1842.0,10.0,,0.0,,0.0,,0.0,851.5,1.0,,0.0,,0.0,,0.0,,0.0
2023-04-27 21:02:46.75,1682600566750000000,,,,159.0,0.0,0.0,1840.5,1.0,,0.0,,0.0,,0.0,,0.0,851.5,1.0,,0.0,,0.0,,0.0,,0.0
2023-04-27 21:02:47.0,1682600567000000000,,,,159.0,0.0,0.0,1840.0,10.0,1840.5,1.0,,0.0,,0.0,,0.0,851.5,1.0,,0.0,,0.0,,0.0,,0.0
2023-04-27 21:02:47.5,1682600567500000000,,,,159.0,0.0,0.0,1840.0,10.0,,0.0,,0.0,,0.0,,0.0,851.5,1.0,,0.0,,0.0,,0.0,,0.0
2023-04-27 21:02:53.5,1682600573500000000,,,,159.0,0.0,0.0,1838.5,1.0,1840.0,10.0,,0.0,,0.0,,0.0,851.5,1.0,,0.0,,0.0,,0.0,,0.0
2023-04-27 21:02:53.75,1682600573750000000,,,,159.0,0.0,0.0,1838.5,1.0,,0.0,,0.0,,0.0,,0.0,851.5,1.0,,0.0,,0.0,,0.0,,0.0
2023-04-27 21:02:54.0,1682600574000000000,,,,159.0,0.0,0.0,1838.0,10.0,1838.5,1.0,,0.0,,0.0,,0.0,851.5,1.0,,0.0,,0.0,,0.0,,0.0
2023-04-27 21:02:54.5,1682600574500000000,,,,159.0,0.0,0.0,1838.0,10.0,,0.0,,0.0,,0.0,,0.0,851.5,1.0,,0.0,,0.0,,0.0,,0.0
2023-04-27 21:02:57.5,1682600577500000000,,,,159.0,0.0,0.0,1836.5,1.0,1838.0,10.0,,0.0,,0.0,,0.0,851.5,1.0,,0.0,,0.0,,0.0,,0.0
2023-04-27 21:02:57.75,1682600577750000000,,,,159.0,0.0,0.0,1836.5,1.0,,0.0,,0.0,,0.0,,0.0,851.5,1.0,,0.0,,0.0,,0.0,,0.0
2023-04-27 21:02:58.0,1682600578000000000,,,,159.0,0.0,0.0,1836.0,10.0,1836.5,1.0,,0.0,,0.0,,0.0,851.5,1.0,,0.0,,0.0,,0.0,,0.0
2023-04-27 21:02:58.5,1682600578500000000,,,,159.0,0.0,0.0,1834.5,1.0,1836.0,10.0,,0.0,,0.0,,0.0,851.5,1.0,,0.0,,0.0,,0.0,,0.0
2023-04-27 21:02:58.75,1682600578750000000,,,,159.0,0.0,0.0,1834.5,1.0,,0.0,,0.0,,0.0,,0.0,851.5,1.0,,0.0,,0.0,,0.0,,0.0
2023-04-27 21:02:59.0,1682600579000000000,,,,159.0,0.0,0.0,1834.0,10.0,1834.5,1.0,,0.0,,0.0,,0.0,851.5,1.0,,0.0,,0.0,,0.0,,0.0
2023-04-27 21:02:59.5,1682600579500000000,,,,159.0,0.0,0.0,1832.5,1.0,1834.0,10.0,,0.0,,0.0,,0.0,851.5,1.0,,0.0,,0.0,,0.0,,0.0
2023-04-27 21:02:59.75,1682600579750000000,,,,159.0,0.0,0.0,1832.5,1.0,,0.0,,0.0,,0.0,,0.0,851.5,1.0,,0.0,,0.0,,0.0,,0.0
2023-04-27 21:03:00.0,1682600580000000000,,,,159.0,0.0,0.0,1832.0,10.0,1832.5,1.0,,0.0,,0.0,,0.0,851.5,1.0,,0.0,,0.0,,0.0,,0.0
2023-04-27 21:03:00.5,1682600580500000000,,,,159.0,0.0,0.0,1832.0,10.0,,0.0,,0.0,,0.0,,0.0,851.5,1.0,,0.0,,0.0,,0.0,,0.0
2023-04-27 21:03:06.5,1682600586500000000,,,,159.0,0.0,0.0,1830.5,1.0,1832.0,10.0,,0.0,,0.0,,0.0,851.5,1.0,,0.0,,0.0,,0.0,,0.0
2023-04-27 21:03:06.75,1682600586750000000,,,,159.0,0.0,0.0,1830.5,1.0,,0.0,,0.0,,0.0,,0.0,851.5,1.0,,0.0,,0.0,,0.0,,0.0
2023-04-27 21:03:07.0,1682600587000000000,,,,159.0,0.0,0.0,1830.0,10.0,1830.5,1.0,,0.0,,0.0,,0.0,851.5,1.0,,0.0,,0.0,,0.0,,0.0
2023-04-27 21:03:07.5,1682600587500000000,,,,159.0,0.0,0.0,1828.5,1.0,1830.0,10.0,,0.0,,0.0,,0.0,851.5,1.0,,0.0,,0.0,,0.0,,0.0
2023-04-27 21:03:07.75,1682600587750000000,,,,159.0,0.0,0.0,1828.5,1.0,,0.0,,0.0,,0.0,,0.0,851.5,1.0,,0.0,,0.0,,0.0,,0.0
2023-04-27 21:03:08.0,1682600588000000000,,,,159.0,0.0,0.0,1828.0,10.0,1828.5,1.0,,0.0,,0.0,,0.0,851.5,1.0,,0.0,,0.0,,0.0,,0.0
2023-04-27 21:03:08.5,1682600588500000000,,,,159.0,0.0,0.0,1826.5,1.0,1828.0,10.0,,0.0,,0.0,,0.0,851.5,1.0,,0.0,,0.0,,0.0,,0.0
2023-04-27 21:03:08.75,1682600588750000000,,,,159.0,0.0,0.0,1826.5,1.0,,0.0,,0.0,,0.0,,0.0,851.5,1.0,,0.0,,0.0,,0.0,,0.0
2023-04-27 21:03:09.0,1682600589000000000,,,,159.0,0.0,0.0,1826.0,10.0,1826.5,1.0,,0.0,,0.0,,0.0,851.5,1.0,,0.0,,0.0,,0.0,,0.0
2023-04-27 21:03:09.5,1682600589500000000,,,,159.0,0.0,0.0,1826.0,10.0,,0.0,,0.0,,0.0,,0.0,851.5,1.0,,0.0,,0.0,,0.0,,0.0
2023-04-27 21:03:10.5,1682600590500000000,,,,159.0,0.0,0.0,1824.5,1.0,1826.0,10.0,,0.0,,0.0,,0.0,851.5,1.0,,0.0,,0.0,,0.0,,0.0
2023-04-27 21:03:10.75,1682600590750000000,,,,159.0,0.0,0.0,1824.5,1.0,,0.0,,0.0,,0.0,,0.0,851.5,1.0,,0.0,,0.0,,0.0,,0.0
2023-04-27 21:03:11.0,1682600591000000000,,,,159.0,0.0,0.0,1824.0,10.0,1824.5,1.0,,0.0,,0.0,,0.0,851.5,1.0,,0.0,,0.0,,0.0,,0.0
2023-04-27 21:03:11.5,1682600591500000000,,,,159.0,0.0,0.0,1824.0,10.0,,0.0,,0.0,,0.0,,0.0,851.5,1.0,,0.0,,0.0,,0.0,,0.0
2023-04-27 21:03:15.5,1682600595500000000,,,,159.0,0.0,0.0,1822.5,1.0,1824.0,10.0,,0.0,,0.0,,0.0,851.5,1.0,,0.0,,0.0,,0.0,,0.0
2023-04-27 21:03:15.75,1682600595750000000,,,,159.0,0.0,0.0,1822.5,1.0,,0.0,,0.0,,0.0,,0.0,851.5,1.0,,0.0,,0.0,,0.0,,0.0
2023-04-27 21:03:16.0,1682600596000000000,,,,159.0,0.0,0.0,1822.0,10.0,1822.5,1.0,,0.0,,0.0,,0.0,851.5,1.0,,0.0,,0.0,,0.0,,0.0
2023-04-27 21:03:16.5,1682600596500000000,,,,159.0,0.0,0.0,1820.5,1.0,1822.0,10.0,,0.0,,0.0,,0.0,851.5,1.0,,0.0,,0.0,,0.0,,0.0
2023-04-27 21:03:16.75,1682600596750000000,,,,159.0,0.0,0.0,1820.5,1.0,,0.0,,0.0,,0.0,,0.0,851.5,1.0,,0.0,,0.0,,0.0,,0.0
2023-04-27 21:03:17.0,1682600597000000000,,,,159.0,0.0,0.0,1820.0,10.0,1820.5,1.0,,0.0,,0.0,,0.0,851.5,1.0,,0.0,,0.0,,0.0,,0.0
2023-04-27 21:03:17.5,1682600597500000000,,,,159.0,0.0,0.0,1818.5,1.0,1820.0,10.0,,0.0,,0.0,,0.0,851.5,1.0,,0.0,,0.0,,0.0,,0.0
2023-04-27 21:03:17.75,1682600597750000000,,,,159.0,0.0,0.0,1818.5,1.0,,0.0,,0.0,,0.0,,0.0,851.5,1.0,,0.0,,0.0,,0.0,,0.0
2023-04-27 21:03:18.0,1682600598000000000,,,,159.0,0.0,0.0,1818.0,10.0,1818.5,1.0,,0.0,,0.0,,0.0,851.5,1.0,,0.0,,0.0,,0.0,,0.0
2023-04-27 21:03:18.5,1682600598500000000,,,,159.0,0.0,0.0,1818.0,10.0,,0.0,,0.0,,0.0,,0.0,851.5,1.0,,0.0,,0.0,,0.0,,0.0
2023-04-27 21:03:19.5,1682600599500000000,,,,159.0,0.0,0.0,1816.5,1.0,1818.0,10.0,,0.0,,0.0,,0.0,851.5,1.0,,0.0,,0.0,,0.0,,0.0
2023-04-27 21:03:19.75,1682600599750000000,,,,159.0,0.0,0.0,1816.5,1.0,,0.0,,0.0,,0.0,,0.0,851.5,1.0,,0.0,,0.0,,0.0,,0.0
2023-04-27 21:03:20.0,1682600600000000000,,,,159.0,0.0,0.0,1816.0,10.0,1816.5,1.0,,0.0,,0.0,,0.0,851.5,1.0,,0.0,,0.0,,0.0,,0.0
2023-04-27 21:03:20.5,1682600600500000000,,,,159.0,0.0,0.0,1816.0,10.0,,0.0,,0.0,,0.0,,0.0,851.5,1.0,,0.0,,0.0,,0.0,,0.0
2023-04-27 21:03:24.5,1682600604500000000,,,,159.0,0.0,0.0,1814.5,1.0,1816.0,10.0,,0.0,,0.0,,0.0,851.5,1.0,,0.0,,0.0,,0.0,,0.0
2023-04-27 21:03:24.75,1682600604750000000,,,,159.0,0.0,0.0,1814.5,1.0,,0.0,,0.0,,0.0,,0.0,851.5,1.0,,0.0,,0.0,,0.0,,0.0
2023-04-27 21:03:25.0,1682600605000000000,,,,159.0,0.0,0.0,1814.0,10.0,1814.5,1.0,,0.0,,0.0,,0.0,851.5,1.0,,0.0,,0.0,,0.0,,0.0
2023-04-27 21:03:25.5,1682600605500000000,,,,159.0,0.0,0.0,1812.5,1.0,1814.0,10.0,,0.0,,0.0,,0.0,851.5,1.0,,0.0,,0.0,,0.0,,0.0
2023-04-27 21:03:25.75,1682600605750000000,,,,159.0,0.0,0.0,1812.5,1.0,,0.0,,0.0,,0.0,,0.0,851.5,1.0,,0.0,,0.0,,0.0,,0.0
2023-04-27 21:03:26.0,1682600606000000000,,,,159.0,0.0,0.0,1812.0,10.0,1812.5,1.0,,0.0,,0.0,,0.0,851.5,1.0,,0.0,,0.0,,0.0,,0.0
2023-04-27 21:03:26.5,1682600606500000000,,,,159.0,0.0,0.0,1810.5,1.0,1812.0,10.0,,0.0,,0.0,,0.0,851.5,1.0,,0.0,,0.0,,0.0,,0.0
2023-04-27 21:03:26.75,1682600606750000000,,,,159.0,0.0,0.0,1810.5,1.0,,0.0,,0.0,,0.0,,0.0,851.5,1.0,,0.0,,0.0,,0.0,,0.0
2023-04-27 21:03:27.0,1682600607000000000,,,,159.0,0.0,0.0,1810.0,10.0,1810.5,1.0,,0.0,,0.0,,0.0,851.5,1.0,,0.0,,0.0,,0.0,,0.0
2023-04-27 21:03:27.5,1682600607500000000,,,,159.0,0.0,0.0,1808.5,1.0,1810.0,10.0,,0.0,,0.0,,0.0,851.5,1.0,,0.0,,0.0,,0.0,,0.0
2023-04-27 21:03:27.75,1682600607750000000,,,,159.0,0.0,0.0,1808.5,1.0,,0.0,,0.0,,0.0,,0.0,851.5,1.0,,0.0,,0.0,,0.0,,0.0
2023-04-27 21:03:28.0,1682600608000000000,,,,159.0,0.0,0.0,1808.0,10.0,1808.5,1.0,,0.0,,0.0,,0.0,851.5,1.0,,0.0,,0.0,,0.0,,0.0
2023-04-27 21:03:28.5,1682600608500000000,,,,159.0,0.0,0.0,1808.0,10.0,,0.0,,0.0,,0.0,,0.0,851.5,1.0,,0.0,,0.0,,0.0,,0.0
2023-04-27 21:03:30.75,1682600610750000000,,,,159.0,0.0,0.0,1806.5,1.0,1808.0,10.0,,0.0,,0.0,,0.0,851.5,1.0,,0.0,,0.0,,0.0,,0.0
2023-04-27 21:03:31.0,1682600611000000000,,,,159.0,0.0,0.0,1806.5,1.0,,0.0,,0.0,,0.0,,0.0,851.5,1.0,,0.0,,0.0,,0.0,,0.0
2023-04-27 21:03:31.25,1682600611250000000,,,,159.0,0.0,0.0,1806.0,10.0,1806.5,1.0,,0.0,,0.0,,0.0,851.5,1.0,,0.0,,0.0,,0.0,,0.0
2023-04-27 21:03:31.5,1682600611500000000,,,,159.0,0.0,0.0,1806.0,10.0,,0.0,,0.0,,0.0,,0.0,851.5,1.0,,0.0,,0.0,,0.0,,0.0
2023-04-27 21:03:35.75,1682600615750000000,,,,159.0,0.0,0.0,1804.5,1.0,1806.0,10.0,,0.0,,0.0,,0.0,851.5,1.0,,0.0,,0.0,,0.0,,0.0
2023-04-27 21:03:36.0,1682600616000000000,,,,159.0,0.0,0.0,1804.5,1.0,,0.0,,0.0,,0.0,,0.0,851.5,1.0,,0.0,,0.0,,0.0,,0.0
2023-04-27 21:03:36.25,1682600616250000000,,,,159.0,0.0,0.0,1804.0,10.0,1804.5,1.0,,0.0,,0.0,,0.0,851.5,1.0,,0.0,,0.0,,0.0,,0.0
2023-04-27 21:03:36.5,1682600616500000000,,,,159.0,0.0,0.0,1804.0,10.0,,0.0,,0.0,,0.0,,0.0,851.5,1.0,,0.0,,0.0,,0.0,,0.0
2023-04-27 21:03:37.5,1682600617500000000,,,,159.0,0.0,0.0,1802.5,1.0,1804.0,10.0,,0.0,,0.0,,0.0,851.5,1.0,,0.0,,0.0,,0.0,,0.0
2023-04-27 21:03:37.75,1682600617750000000,,,,159.0,0.0,0.0,1802.5,1.0,,0.0,,0.0,,0.0,,0.0,851.5,1.0,,0.0,,0.0,,0.0,,0.0
2023-04-27 21:03:38.0,1682600618000000000,,,,159.0,0.0,0.0,1802.0,10.0,1802.5,1.0,,0.0,,0.0,,0.0,851.5,1.0,,0.0,,0.0,,0.0,,0.0
2023-04-27 21:03:38.5,1682600618500000000,,,,159.0,0.0,0.0,1802.0,10.0,,0.0,,0.0,,0.0,,0.0,851.5,1.0,,0.0,,0.0,,0.0,,0.0
2023-04-27 21:03:45.75,1682600625750000000,,,,159.0,0.0,0.0,1800.5,1.0,1802.0,10.0,,0.0,,0.0,,0.0,851.5,1.0,,0.0,,0.0,,0.0,,0.0
2023-04-27 21:03:46.0,1682600626000000000,,,,159.0,0.0,0.0,1800.5,1.0,,0.0,,0.0,,0.0,,0.0,851.5,1.0,,0.0,,0.0,,0.0,,0.0
2023-04-27 21:03:46.25,1682600626250000000,,,,159.0,0.0,0.0,1800.0,10.0,1800.5,1.0,,0.0,,0.0,,0.0,851.5,1.0,,0.0,,0.0,,0.0,,0.0
2023-04-27 21:03:46.5,1682600626500000000,,,,159.0,0.0,0.0,1800.0,10.0,,0.0,,0.0,,0.0,,0.0,851.5,1.0,,0.0,,0.0,,0.0,,0.0
2023-04-27 21:03:50.5,1682600630500000000,,,,159.0,0.0,0.0,1798.5,1.0,1800.0,10.0,,0.0,,0.0,,0.0,851.5,1.0,,0.0,,0.0,,0.0,,0.0
2023-04-27 21:03:50.75,1682600630750000000,,,,159.0,0.0,0.0,1798.5,1.0,,0.0,,0.0,,0.0,,0.0,851.5,1.0,,0.0,,0.0,,0.0,,0.0
2023-04-27 21:03:51.0,1682600631000000000,,,,159.0,0.0,0.0,1798.0,10.0,1798.5,1.0,,0.0,,0.0,,0.0,851.5,1.0,,0.0,,0.0,,0.0,,0.0
2023-04-27 21:03:51.5,1682600631500000000,,,,159.0,0.0,0.0,1796.5,1.0,1798.0,10.0,,0.0,,0.0,,0.0,851.5,1.0,,0.0,,0.0,,0.0,,0.0
2023-04-27 21:03:51.75,1682600631750000000,,,,159.0,0.0,0.0,1796.5,1.0,,0.0,,0.0,,0.0,,0.0,851.5,1.0,,0.0,,0.0,,0.0,,0.0
2023-04-27 21:03:52.0,1682600632000000000,,,,159.0,0.0,0.0,1796.0,10.0,1796.5,1.0,,0.0,,0.0,,0.0,851.5,1.0,,0.0,,0.0,,0.0,,0.0
2023-04-27 21:03:52.5,1682600632500000000,,,,159.0,0.0,0.0,1794.5,1.0,1796.0,10.0,,0.0,,0.0,,0.0,851.5,1.0,,0.0,,0.0,,0.0,,0.0
2023-04-27 21:03:52.75,1682600632750000000,,,,159.0,0.0,0.0,1794.5,1.0,,0.0,,0.0,,0.0,,0.0,851.5,1.0,,0.0,,0.0,,0.0,,0.0
2023-04-27 21:03:53.0,1682600633000000000,,,,159.0,0.0,0.0,1794.0,10.0,1794.5,1.0,,0.0,,0.0,,0.0,851.5,1.0,,0.0,,0.0,,0.0,,0.0
2023-04-27 21:03:53.5,1682600633500000000,,,,159.0,0.0,0.0,1794.0,10.0,,0.0,,0.0,,0.0,,0.0,851.5,1.0,,0.0,,0.0,,0.0,,0.0
2023-04-27 21:03:59.5,1682600639500000000,,,,159.0,0.0,0.0,1792.5,1.0,1794.0,10.0,,0.0,,0.0,,0.0,851.5,1.0,,0.0,,0.0,,0.0,,0.0
2023-04-27 21:03:59.75,1682600639750000000,,,,159.0,0.0,0.0,1792.5,1.0,,0.0,,0.0,,0.0,,0.0,851.5,1.0,,0.0,,0.0,,0.0,,0.0
2023-04-27 21:04:00.0,1682600640000000000,,,,159.0,0.0,0.0,1792.0,10.0,1792.5,1.0,,0.0,,0.0,,0.0,851.5,1.0,,0.0,,0.0,,0.0,,0.0
2023-04-27 21:04:00.5,1682600640500000000,,,,159.0,0.0,0.0,1790.5,1.0,1792.0,10.0,,0.0,,0.0,,0.0,851.5,1.0,,0.0,,0.0,,0.0,,0.0
2023-04-27 21:04:00.75,1682600640750000000,,,,159.0,0.0,0.0,1790.5,1.0,,0.0,,0.0,,0.0,,0.0,851.5,1.0,,0.0,,0.0,,0.0,,0.0
2023-04-27 21:04:01.0,1682600641000000000,,,,159.0,0.0,0.0,1790.0,10.0,1790.5,1.0,,0.0,,0.0,,0.0,851.5,1.0,,0.0,,0.0,,0.0,,0.0
2023-04-27 21:04:01.5,1682600641500000000,,,,159.0,0.0,0.0,1790.0,10.0,,0.0,,0.0,,0.0,,0.0,851.5,1.0,,0.0,,0.0,,0.0,,0.0
2023-04-27 21:04:06.5,1682600646500000000,,,,159.0,0.0,0.0,1788.5,1.0,1790.0,10.0,,0.0,,0.0,,0.0,851.5,1.0,,0.0,,0.0,,0.0,,0.0
2023-04-27 21:04:06.75,1682600646750000000,,,,159.0,0.0,0.0,1788.5,1.0,,0.0,,0.0,,0.0,,0.0,851.5,1.0,,0.0,,0.0,,0.0,,0.0
2023-04-27 21:04:07.0,1682600647000000000,,,,159.0,0.0,0.0,1788.0,10.0,1788.5,1.0,,0.0,,0.0,,0.0,851.5,1.0,,0.0,,0.0,,0.0,,0.0
2023-04-27 21:04:07.5,1682600647500000000,,,,159.0,0.0,0.0,1788.0,10.0,,0.0,,0.0,,0.0,,0.0,851.5,1.0,,0.0,,0.0,,0.0,,0.0
2023-04-27 21:04:08.75,1682600648750000000,,,,159.0,0.0,0.0,1786.5,1.0,1788.0,10.0,,0.0,,0.0,,0.0,851.5,1.0,,0.0,,0.0,,0.0,,0.0
2023-04-27 21:04:09.0,1682600649000000000,,,,159.0,0.0,0.0,1786.5,1.0,,0.0,,0.0,,0.0,,0.0,851.5,1.0,,0.0,,0.0,,0.0,,0.0
2023-04-27 21:04:09.25,1682600649250000000,,,,159.0,0.0,0.0,1786.0,10.0,1786.5,1.0,,0.0,,0.0,,0.0,851.5,1.0,,0.0,,0.0,,0.0,,0.0
2023-04-27 21:04:09.5,1682600649500000000,,,,159.0,0.0,0.0,1786.0,10.0,,0.0,,0.0,,0.0,,0.0,851.5,1.0,,0.0,,0.0,,0.0,,0.0
2023-04-27 21:04:12.5,1682600652500000000,,,,159.0,0.0,0.0,1784.5,1.0,1786.0,10.0,,0.0,,0.0,,0.0,851.5,1.0,,0.0,,0.0,,0.0,,0.0
2023-04-27 21:04:12.75,1682600652750000000,,,,159.0,0.0,0.0,1784.5,1.0,,0.0,,0.0,,0.0,,0.0,851.5,1.0,,0.0,,0.0,,0.0,,0.0
2023-04-27 21:04:13.0,1682600653000000000,,,,159.0,0.0,0.0,1784.0,10.0,1784.5,1.0,,0.0,,0.0,,0.0,851.5,1.0,,0.0,,0.0,,0.0,,0.0
2023-04-27 21:04:13.5,1682600653500000000,,,,159.0,0.0,0.0,1782.5,1.0,1784.0,10.0,,0.0,,0.0,,0.0,851.5,1.0,,0.0,,0.0,,0.0,,0.0
2023-04-27 21:04:13.75,1682600653750000000,,,,159.0,0.0,0.0,1782.5,1.0,,0.0,,0.0,,0.0,,0.0,851.5,1.0,,0.0,,0.0,,0.0,,0.0
2023-04-27 21:04:14.0,1682600654000000000,,,,159.0,0.0,0.0,1782.0,10.0,1782.5,1.0,,0.0,,0.0,,0.0,851.5,1.0,,0.0,,0.0,,0.0,,0.0
2023-04-27 21:04:14.5,1682600654500000000,,,,159.0,0.0,0.0,1782.0,10.0,,0.0,,0.0,,0.0,,0.0,851.5,1.0,,0.0,,0.0,,0.0,,0.0
2023-04-27 21:04:18.5,1682600658500000000,,,,159.0,0.0,0.0,1780.5,1.0,1782.0,10.0,,0.0,,0.0,,0.0,851.5,1.0,,0.0,,0.0,,0.0,,0.0
2023-04-27 21:04:18.75,1682600658750000000,,,,159.0,0.0,0.0,1780.5,1.0,,0.0,,0.0,,0.0,,0.0,851.5,1.0,,0.0,,0.0,,0.0,,0.0
2023-04-27 21:04:19.0,1682600659000000000,,,,159.0,0.0,0.0,1780.0,10.0,1780.5,1.0,,0.0,,0.0,,0.0,851.5,1.0,,0.0,,0.0,,0.0,,0.0
2023-04-27 21:04:19.5,1682600659500000000,,,,159.0,0.0,0.0,1780.0,10.0,,0.0,,0.0,,0.0,,0.0,851.5,1.0,,0.0,,0.0,,0.0,,0.0
2023-04-27 21:04:24.5,1682600664500000000,,,,159.0,0.0,0.0,1778.5,1.0,1780.0,10.0,,0.0,,0.0,,0.0,851.5,1.0,,0.0,,0.0,,0.0,,0.0
2023-04-27 21:04:24.75,1682600664750000000,,,,159.0,0.0,0.0,1778.5,1.0,,0.0,,0.0,,0.0,,0.0,851.5,1.0,,0.0,,0.0,,0.0,,0.0
2023-04-27 21:04:25.0,1682600665000000000,,,,159.0,0.0,0.0,1778.0,10.0,1778.5,1.0,,0.0,,0.0,,0.0,851.5,1.0,,0.0,,0.0,,0.0,,0.0
2023-04-27 21:04:25.5,1682600665500000000,,,,159.0,0.0,0.0,1776.5,1.0,1778.0,10.0,,0.0,,0.0,,0.0,851.5,1.0,,0.0,,0.0,,0.0,,0.0
2023-04-27 21:04:25.75,1682600665750000000,,,,159.0,0.0,0.0,1776.5,1.0,,0.0,,0.0,,0.0,,0.0,851.5,1.0,,0.0,,0.0,,0.0,,0.0
2023-04-27 21:04:26.0,1682600666000000000,,,,159.0,0.0,0.0,1776.0,10.0,1776.5,1.0,,0.0,,0.0,,0.0,851.5,1.0,,0.0,,0.0,,0.0,,0.0
2023-04-27 21:04:26.5,1682600666500000000,,,,159.0,0.0,0.0,1776.0,10.0,,0.0,,0.0,,0.0,,0.0,851.5,1.0,,0.0,,0.0,,0.0,,0.0
2023-04-27 21:04:33.75,1682600673750000000,,,,159.0,0.0,0.0,1774.5,1.0,1776.0,10.0,,0.0,,0.0,,0.0,851.5,1.0,,0.0,,0.0,,0.0,,0.0
2023-04-27 21:04:34.0,1682600674000000000,,,,159.0,0.0,0.0,1774.5,1.0,,0.0,,0.0,,0.0,,0.0,851.5,1.0,,0.0,,0.0,,0.0,,0.0
2023-04-27 21:04:34.25,1682600674250000000,,,,159.0,0.0,0.0,1774.0,10.0,1774.5,1.0,,0.0,,0.0,,0.0,851.5,1.0,,0.0,,0.0,,0.0,,0.0
2023-04-27 21:04:34.75,1682600674750000000,,,,159.0,0.0,0.0,1774.0,10.0,,0.0,,0.0,,0.0,,0.0,851.5,1.0,,0.0,,0.0,,0.0,,0.0
2023-04-27 21:04:35.75,1682600675750000000,,,,159.0,0.0,0.0,1772.5,1.0,1774.0,10.0,,0.0,,0.0,,0.0,851.5,1.0,,0.0,,0.0,,0.0,,0.0
2023-04-27 21:04:36.0,1682600676000000000,,,,159.0,0.0,0.0,1772.5,1.0,,0.0,,0.0,,0.0,,0.0,851.5,1.0,,0.0,,0.0,,0.0,,0.0
2023-04-27 21:04:36.25,1682600676250000000,,,,159.0,0.0,0.0,1772.0,10.0,1772.5,1.0,,0.0,,0.0,,0.0,851.5,1.0,,0.0,,0.0,,0.0,,0.0
2023-04-27 21:04:36.5,1682600676500000000,,,,159.0,0.0,0.0,1772.0,10.0,,0.0,,0.0,,0.0,,0.0,851.5,1.0,,0.0,,0.0,,0.0,,0.0
2023-04-27 21:04:40.5,1682600680500000000,,,,159.0,0.0,0.0,1770.5,1.0,1772.0,10.0,,0.0,,0.0,,0.0,851.5,1.0,,0.0,,0.0,,0.0,,0.0
2023-04-27 21:04:40.75,1682600680750000000,,,,159.0,0.0,0.0,1770.5,1.0,,0.0,,0.0,,0.0,,0.0,851.5,1.0,,0.0,,0.0,,0.0,,0.0
2023-04-27 21:04:41.0,1682600681000000000,,,,159.0,0.0,0.0,1770.0,10.0,1770.5,1.0,,0.0,,0.0,,0.0,851.5,1.0,,0.0,,0.0,,0.0,,0.0
2023-04-27 21:04:41.5,1682600681500000000,,,,159.0,0.0,0.0,1768.5,1.0,1770.0,10.0,,0.0,,0.0,,0.0,851.5,1.0,,0.0,,0.0,,0.0,,0.0
2023-04-27 21:04:41.75,1682600681750000000,,,,159.0,0.0,0.0,1768.5,1.0,,0.0,,0.0,,0.0,,0.0,851.5,1.0,,0.0,,0.0,,0.0,,0.0
2023-04-27 21:04:42.0,1682600682000000000,,,,159.0,0.0,0.0,1768.0,10.0,1768.5,1.0,,0.0,,0.0,,0.0,851.5,1.0,,0.0,,0.0,,0.0,,0.0
2023-04-27 21:04:42.5,1682600682500000000,,,,159.0,0.0,0.0,1768.0,10.0,,0.0,,0.0,,0.0,,0.0,851.5,1.0,,0.0,,0.0,,0.0,,0.0
2023-04-27 21:04:49.5,1682600689500000000,,,,159.0,0.0,0.0,1766.5,1.0,1768.0,10.0,,0.0,,0.0,,0.0,851.5,1.0,,0.0,,0.0,,0.0,,0.0
2023-04-27 21:04:49.75,1682600689750000000,,,,159.0,0.0,0.0,1766.5,1.0,,0.0,,0.0,,0.0,,0.0,851.5,1.0,,0.0,,0.0,,0.0,,0.0
2023-04-27 21:04:50.0,1682600690000000000,,,,159.0,0.0,0.0,1766.0,10.0,1766.5,1.0,,0.0,,0.0,,0.0,851.5,1.0,,0.0,,0.0,,0.0,,0.0
2023-04-27 21:04:50.5,1682600690500000000,,,,159.0,0.0,0.0,1764.5,1.0,1766.0,10.0,,0.0,,0.0,,0.0,851.5,1.0,,0.0,,0.0,,0.0,,0.0
2023-04-27 21:04:50.75,1682600690750000000,,,,159.0,0.0,0.0,1764.5,1.0,,0.0,,0.0,,0.0,,0.0,851.5,1.0,,0.0,,0.0,,0.0,,0.0
2023-04-27 21:04:51.0,1682600691000000000,,,,159.0,0.0,0.0,1764.0,10.0,1764.5,1.0,,0.0,,0.0,,0.0,851.5,1.0,,0.0,,0.0,,0.0,,0.0
2023-04-27 21:04:51.5,1682600691500000000,,,,159.0,0.0,0.0,1762.5,1.0,1764.0,10.0,,0.0,,0.0,,0.0,851.5,1.0,,0.0,,0.0,,0.0,,0.0
2023-04-27 21:04:51.75,1682600691750000000,,,,159.0,0.0,0.0,1762.5,1.0,,0.0,,0.0,,0.0,,0.0,851.5,1.0,,0.0,,0.0,,0.0,,0.0
2023-04-27 21:04:52.0,1682600692000000000,,,,159.0,0.0,0.0,1762.0,10.0,1762.5,1.0,,0.0,,0.0,,0.0,851.5,1.0,,0.0,,0.0,,0.0,,0.0
2023-04-27 21:04:52.5,1682600692500000000,,,,159.0,0.0,0.0,1762.0,10.0,,0.0,,0.0,,0.0,,0.0,851.5,1.0,,0.0,,0.0,,0.0,,0.0
2023-04-27 21:04:56.75,1682600696750000000,,,,159.0,0.0,0.0,1760.5,1.0,1762.0,10.0,,0.0,,0.0,,0.0,851.5,1.0,,0.0,,0.0,,0.0,,0.0
2023-04-27 21:04:57.0,1682600697000000000,,,,159.0,0.0,0.0,1760.5,1.0,,0.0,,0.0,,0.0,,0.0,851.5,1.0,,0.0,,0.0,,0.0,,0.0
2023-04-27 21:04:57.25,1682600697250000000,,,,159.0,0.0,0.0,1760.0,10.0,1760.5,1.0,,0.0,,0.0,,0.0,851.5,1.0,,0.0,,0.0,,0.0,,0.0
2023-04-27 21:04:57.5,1682600697500000000,,,,159.0,0.0,0.0,1760.0,10.0,,0.0,,0.0,,0.0,,0.0,851.5,1.0,,0.0,,0.0,,0.0,,0.0
2023-04-27 21:05:01.5,1682600701500000000,,,,159.0,0.0,0.0,1758.5,1.0,1760.0,10.0,,0.0,,0.0,,0.0,851.5,1.0,,0.0,,0.0,,0.0,,0.0
2023-04-27 21:05:01.75,1682600701750000000,,,,159.0,0.0,0.0,1758.5,1.0,,0.0,,0.0,,0.0,,0.0,851.5,1.0,,0.0,,0.0,,0.0,,0.0
2023-04-27 21:05:02.0,1682600702000000000,,,,159.0,0.0,0.0,1758.0,10.0,1758.5,1.0,,0.0,,0.0,,0.0,851.5,1.0,,0.0,,0.0,,0.0,,0.0
2023-04-27 21:05:02.5,1682600702500000000,,,,159.0,0.0,0.0,1758.0,10.0,,0.0,,0.0,,0.0,,0.0,851.5,1.0,,0.0,,0.0,,0.0,,0.0
2023-04-27 21:05:06.75,1682600706750000000,,,,159.0,0.0,0.0,1756.5,1.0,1758.0,10.0,,0.0,,0.0,,0.0,851.5,1.0,,0.0,,0.0,,0.0,,0.0
2023-04-27 21:05:07.0,1682600707000000000,,,,159.0,0.0,0.0,1756.5,1.0,,0.0,,0.0,,0.0,,0.0,851.5,1.0,,0.0,,0.0,,0.0,,0.0
2023-04-27 21:05:07.25,1682600707250000000,,,,159.0,0.0,0.0,1756.0,10.0,1756.5,1.0,,0.0,,0.0,,0.0,851.5,1.0,,0.0,,0.0,,0.0,,0.0
2023-04-27 21:05:07.5,1682600707500000000,,,,159.0,0.0,0.0,1756.0,10.0,,0.0,,0.0,,0.0,,0.0,851.5,1.0,,0.0,,0.0,,0.0,,0.0
2023-04-27 21:05:11.5,1682600711500000000,,,,159.0,0.0,0.0,1754.5,1.0,1756.0,10.0,,0.0,,0.0,,0.0,851.5,1.0,,0.0,,0.0,,0.0,,0.0
2023-04-27 21:05:11.75,1682600711750000000,,,,159.0,0.0,0.0,1754.5,1.0,,0.0,,0.0,,0.0,,0.0,851.5,1.0,,0.0,,0.0,,0.0,,0.0
2023-04-27 21:05:12.0,1682600712000000000,,,,159.0,0.0,0.0,1754.0,10.0,1754.5,1.0,,0.0,,0.0,,0.0,851.5,1.0,,0.0,,0.0,,0.0,,0.0
2023-04-27 21:05:12.5,1682600712500000000,,,,159.0,0.0,0.0,1752.5,1.0,1754.0,10.0,,0.0,,0.0,,0.0,851.5,1.0,,0.0,,0.0,,0.0,,0.0
2023-04-27 21:05:12.75,1682600712750000000,,,,159.0,0.0,0.0,1752.5,1.0,,0.0,,0.0,,0.0,,0.0,851.5,1.0,,0.0,,0.0,,0.0,,0.0
2023-04-27 21:05:13.0,1682600713000000000,,,,159.0,0.0,0.0,1752.0,10.0,1752.5,1.0,,0.0,,0.0,,0.0,851.5,1.0,,0.0,,0.0,,0.0,,0.0
2023-04-27 21:05:13.5,1682600713500000000,,,,159.0,0.0,0.0,1752.0,10.0,,0.0,,0.0,,0.0,,0.0,851.5,1.0,,0.0,,0.0,,0.0,,0.0
2023-04-27 21:05:15.5,1682600715500000000,,,,159.0,0.0,0.0,1750.5,1.0,1752.0,10.0,,0.0,,0.0,,0.0,851.5,1.0,,0.0,,0.0,,0.0,,0.0
2023-04-27 21:05:15.75,1682600715750000000,,,,159.0,0.0,0.0,1750.5,1.0,,0.0,,0.0,,0.0,,0.0,851.5,1.0,,0.0,,0.0,,0.0,,0.0
2023-04-27 21:05:16.0,1682600716000000000,,,,159.0,0.0,0.0,1750.0,10.0,1750.5,1.0,,0.0,,0.0,,0.0,851.5,1.0,,0.0,,0.0,,0.0,,0.0
2023-04-27 21:05:16.5,1682600716500000000,,,,159.0,0.0,0.0,1750.0,10.0,,0.0,,0.0,,0.0,,0.0,851.5,1.0,,0.0,,0.0,,0.0,,0.0
2023-04-27 21:05:25.5,1682600725500000000,,,,159.0,0.0,0.0,1748.5,1.0,1750.0,10.0,,0.0,,0.0,,0.0,851.5,1.0,,0.0,,0.0,,0.0,,0.0
2023-04-27 21:05:25.75,1682600725750000000,,,,159.0,0.0,0.0,1748.5,1.0,,0.0,,0.0,,0.0,,0.0,851.5,1.0,,0.0,,0.0,,0.0,,0.0
2023-04-27 21:05:26.0,1682600726000000000,,,,159.0,0.0,0.0,1748.0,10.0,1748.5,1.0,,0.0,,0.0,,0.0,851.5,1.0,,0.0,,0.0,,0.0,,0.0
2023-04-27 21:05:26.5,1682600726500000000,,,,159.0,0.0,0.0,1748.0,10.0,,0.0,,0.0,,0.0,,0.0,851.5,1.0,,0.0,,0.0,,0.0,,0.0
2023-04-27 21:05:32.5,1682600732500000000,,,,159.0,0.0,0.0,1746.5,1.0,1748.0,10.0,,0.0,,0.0,,0.0,851.5,1.0,,0.0,,0.0,,0.0,,0.0
2023-04-27 21:05:32.75,1682600732750000000,,,,159.0,0.0,0.0,1746.5,1.0,,0.0,,0.0,,0.0,,0.0,851.5,1.0,,0.0,,0.0,,0.0,,0.0
2023-04-27 21:05:33.0,1682600733000000000,,,,159.0,0.0,0.0,1746.0,10.0,1746.5,1.0,,0.0,,0.0,,0.0,851.5,1.0,,0.0,,0.0,,0.0,,0.0
2023-04-27 21:05:33.5,1682600733500000000,,,,159.0,0.0,0.0,1746.0,10.0,,0.0,,0.0,,0.0,,0.0,851.5,1.0,,0.0,,0.0,,0.0,,0.0
2023-04-27 21:05:35.5,1682600735500000000,,,,159.0,0.0,0.0,1744.5,1.0,1746.0,10.0,,0.0,,0.0,,0.0,851.5,1.0,,0.0,,0.0,,0.0,,0.0
2023-04-27 21:05:35.75,1682600735750000000,,,,159.0,0.0,0.0,1744.5,1.0,,0.0,,0.0,,0.0,,0.0,851.5,1.0,,0.0,,0.0,,0.0,,0.0
2023-04-27 21:05:36.0,1682600736000000000,,,,159.0,0.0,0.0,1744.0,10.0,1744.5,1.0,,0.0,,0.0,,0.0,851.5,1.0,,0.0,,0.0,,0.0,,0.0
2023-04-27 21:05:36.5,1682600736500000000,,,,159.0,0.0,0.0,1744.0,10.0,,0.0,,0.0,,0.0,,0.0,851.5,1.0,,0.0,,0.0,,0.0,,0.0
2023-04-27 21:05:41.75,1682600741750000000,,,,159.0,0.0,0.0,1742.5,1.0,1744.0,10.0,,0.0,,0.0,,0.0,851.5,1.0,,0.0,,0.0,,0.0,,0.0
2023-04-27 21:05:42.0,1682600742000000000,,,,159.0,0.0,0.0,1742.5,1.0,,0.0,,0.0,,0.0,,0.0,851.5,1.0,,0.0,,0.0,,0.0,,0.0
2023-04-27 21:05:42.25,1682600742250000000,,,,159.0,0.0,0.0,1742.0,10.0,1742.5,1.0,,0.0,,0.0,,0.0,851.5,1.0,,0.0,,0.0,,0.0,,0.0
2023-04-27 21:05:42.5,1682600742500000000,,,,159.0,0.0,0.0,1742.0,10.0,,0.0,,0.0,,0.0,,0.0,851.5,1.0,,0.0,,0.0,,0.0,,0.0
2023-04-27 21:05:49.75,1682600749750000000,,,,159.0,0.0,0.0,1740.5,1.0,1742.0,10.0,,0.0,,0.0,,0.0,851.5,1.0,,0.0,,0.0,,0.0,,0.0
2023-04-27 21:05:50.0,1682600750000000000,,,,159.0,0.0,0.0,1740.5,1.0,,0.0,,0.0,,0.0,,0.0,851.5,1.0,,0.0,,0.0,,0.0,,0.0
2023-04-27 21:05:50.25,1682600750250000000,,,,159.0,0.0,0.0,1740.0,10.0,1740.5,1.0,,0.0,,0.0,,0.0,851.5,1.0,,0.0,,0.0,,0.0,,0.0
2023-04-27 21:05:50.5,1682600750500000000,,,,159.0,0.0,0.0,1740.0,10.0,,0.0,,0.0,,0.0,,0.0,851.5,1.0,,0.0,,0.0,,0.0,,0.0
2023-04-27 21:05:51.5,1682600751500000000,,,,159.0,0.0,0.0,1738.5,1.0,1740.0,10.0,,0.0,,0.0,,0.0,851.5,1.0,,0.0,,0.0,,0.0,,0.0
2023-04-27 21:05:51.75,1682600751750000000,,,,159.0,0.0,0.0,1738.5,1.0,,0.0,,0.0,,0.0,,0.0,851.5,1.0,,0.0,,0.0,,0.0,,0.0
2023-04-27 21:05:52.0,1682600752000000000,,,,159.0,0.0,0.0,1738.0,10.0,1738.5,1.0,,0.0,,0.0,,0.0,851.5,1.0,,0.0,,0.0,,0.0,,0.0
2023-04-27 21:05:52.5,1682600752500000000,,,,159.0,0.0,0.0,1738.0,10.0,,0.0,,0.0,,0.0,,0.0,851.5,1.0,,0.0,,0.0,,0.0,,0.0
2023-04-27 21:05:54.5,1682600754500000000,,,,159.0,0.0,0.0,1736.5,1.0,1738.0,10.0,,0.0,,0.0,,0.0,851.5,1.0,,0.0,,0.0,,0.0,,0.0
2023-04-27 21:05:54.75,1682600754750000000,,,,159.0,0.0,0.0,1736.5,1.0,,0.0,,0.0,,0.0,,0.0,851.5,1.0,,0.0,,0.0,,0.0,,0.0
2023-04-27 21:05:55.0,1682600755000000000,,,,159.0,0.0,0.0,1736.0,10.0,1736.5,1.0,,0.0,,0.0,,0.0,851.5,1.0,,0.0,,0.0,,0.0,,0.0
2023-04-27 21:05:55.5,1682600755500000000,,,,159.0,0.0,0.0,1734.5,1.0,1736.0,10.0,,0.0,,0.0,,0.0,851.5,1.0,,0.0,,0.0,,0.0,,0.0
2023-04-27 21:05:55.75,1682600755750000000,,,,159.0,0.0,0.0,1734.5,1.0,,0.0,,0.0,,0.0,,0.0,851.5,1.0,,0.0,,0.0,,0.0,,0.0
2023-04-27 21:05:56.0,1682600756000000000,,,,159.0,0.0,0.0,1734.0,10.0,1734.5,1.0,,0.0,,0.0,,0.0,851.5,1.0,,0.0,,0.0,,0.0,,0.0
2023-04-27 21:05:56.5,1682600756500000000,,,,159.0,0.0,0.0,1734.0,10.0,,0.0,,0.0,,0.0,,0.0,851.5,1.0,,0.0,,0.0,,0.0,,0.0
2023-04-27 21:06:02.5,1682600762500000000,,,,159.0,0.0,0.0,1732.5,1.0,1734.0,10.0,,0.0,,0.0,,0.0,851.5,1.0,,0.0,,0.0,,0.0,,0.0
2023-04-27 21:06:02.75,1682600762750000000,,,,159.0,0.0,0.0,1732.5,1.0,,0.0,,0.0,,0.0,,0.0,851.5,1.0,,0.0,,0.0,,0.0,,0.0
2023-04-27 21:06:03.0,1682600763000000000,,,,159.0,0.0,0.0,1732.0,10.0,1732.5,1.0,,0.0,,0.0,,0.0,851.5,1.0,,0.0,,0.0,,0.0,,0.0
2023-04-27 21:06:03.5,1682600763500000000,,,,159.0,0.0,0.0,1730.5,1.0,1732.0,10.0,,0.0,,0.0,,0.0,851.5,1.0,,0.0,,0.0,,0.0,,0.0
2023-04-27 21:06:03.75,1682600763750000000,,,,159.0,0.0,0.0,1730.5,1.0,,0.0,,0.0,,0.0,,0.0,851.5,1.0,,0.0,,0.0,,0.0,,0.0
2023-04-27 21:06:04.0,1682600764000000000,,,,159.0,0.0,0.0,1730.0,10.0,1730.5,1.0,,0.0,,0.0,,0.0,851.5,1.0,,0.0,,0.0,,0.0,,0.0
2023-04-27 21:06:04.5,1682600764500000000,,,,159.0,0.0,0.0,1728.5,1.0,1730.0,10.0,,0.0,,0.0,,0.0,851.5,1.0,,0.0,,0.0,,0.0,,0.0
2023-04-27 21:06:04.75,1682600764750000000,,,,159.0,0.0,0.0,1728.5,1.0,,0.0,,0.0,,0.0,,0.0,851.5,1.0,,0.0,,0.0,,0.0,,0.0
2023-04-27 21:06:05.0,1682600765000000000,,,,159.0,0.0,0.0,1728.0,10.0,1728.5,1.0,,0.0,,0.0,,0.0,851.5,1.0,,0.0,,0.0,,0.0,,0.0
2023-04-27 21:06:05.5,1682600765500000000,,,,159.0,0.0,0.0,1728.0,10.0,,0.0,,0.0,,0.0,,0.0,851.5,1.0,,0.0,,0.0,,0.0,,0.0
2023-04-27 21:06:12.5,1682600772500000000,,,,159.0,0.0,0.0,1726.5,1.0,1728.0,10.0,,0.0,,0.0,,0.0,851.5,1.0,,0.0,,0.0,,0.0,,0.0
2023-04-27 21:06:12.75,1682600772750000000,,,,159.0,0.0,0.0,1726.5,1.0,,0.0,,0.0,,0.0,,0.0,851.5,1.0,,0.0,,0.0,,0.0,,0.0
2023-04-27 21:06:13.0,1682600773000000000,,,,159.0,0.0,0.0,1726.0,10.0,1726.5,1.0,,0.0,,0.0,,0.0,851.5,1.0,,0.0,,0.0,,0.0,,0.0
2023-04-27 21:06:13.5,1682600773500000000,,,,159.0,0.0,0.0,1726.0,10.0,,0.0,,0.0,,0.0,,0.0,851.5,1.0,,0.0,,0.0,,0.0,,0.0
2023-04-27 21:06:18.5,1682600778500000000,,,,159.0,0.0,0.0,1724.5,1.0,1726.0,10.0,,0.0,,0.0,,0.0,851.5,1.0,,0.0,,0.0,,0.0,,0.0
2023-04-27 21:06:18.75,1682600778750000000,,,,159.0,0.0,0.0,1724.5,1.0,,0.0,,0.0,,0.0,,0.0,851.5,1.0,,0.0,,0.0,,0.0,,0.0
2023-04-27 21:06:19.0,1682600779000000000,,,,159.0,0.0,0.0,1724.0,10.0,1724.5,1.0,,0.0,,0.0,,0.0,851.5,1.0,,0.0,,0.0,,0.0,,0.0
2023-04-27 21:06:19.5,1682600779500000000,,,,159.0,0.0,0.0,1722.5,1.0,1724.0,10.0,,0.0,,0.0,,0.0,851.5,1.0,,0.0,,0.0,,0.0,,0.0
2023-04-27 21:06:19.75,1682600779750000000,,,,159.0,0.0,0.0,1722.5,1.0,,0.0,,0.0,,0.0,,0.0,851.5,1.0,,0.0,,0.0,,0.0,,0.0
2023-04-27 21:06:20.0,1682600780000000000,,,,159.0,0.0,0.0,1722.0,10.0,1722.5,1.0,,0.0,,0.0,,0.0,851.5,1.0,,0.0,,0.0,,0.0,,0.0
2023-04-27 21:06:20.5,1682600780500000000,,,,159.0,0.0,0.0,1722.0,10.0,,0.0,,0.0,,0.0,,0.0,851.5,1.0,,0.0,,0.0,,0.0,,0.0
2023-04-27 21:06:26.5,1682600786500000000,,,,159.0,0.0,0.0,1720.5,1.0,1722.0,10.0,,0.0,,0.0,,0.0,851.5,1.0,,0.0,,0.0,,0.0,,0.0
2023-04-27 21:06:26.75,1682600786750000000,,,,159.0,0.0,0.0,1720.5,1.0,,0.0,,0.0,,0.0,,0.0,851.5,1.0,,0.0,,0.0,,0.0,,0.0
2023-04-27 21:06:27.0,1682600787000000000,,,,159.0,0.0,0.0,1720.0,10.0,1720.5,1.0,,0.0,,0.0,,0.0,851.5,1.0,,0.0,,0.0,,0.0,,0.0
2023-04-27 21:06:27.5,1682600787500000000,,,,159.0,0.0,0.0,1718.5,1.0,1720.0,10.0,,0.0,,0.0,,0.0,851.5,1.0,,0.0,,0.0,,0.0,,0.0
2023-04-27 21:06:27.75,1682600787750000000,,,,159.0,0.0,0.0,1718.5,1.0,,0.0,,0.0,,0.0,,0.0,851.5,1.0,,0.0,,0.0,,0.0,,0.0
2023-04-27 21:06:28.0,1682600788000000000,,,,159.0,0.0,0.0,1718.0,10.0,1718.5,1.0,,0.0,,0.0,,0.0,851.5,1.0,,0.0,,0.0,,0.0,,0.0
2023-04-27 21:06:28.5,1682600788500000000,,,,159.0,0.0,0.0,1716.5,1.0,1718.0,10.0,,0.0,,0.0,,0.0,851.5,1.0,,0.0,,0.0,,0.0,,0.0
2023-04-27 21:06:28.75,1682600788750000000,,,,159.0,0.0,0.0,1716.5,1.0,,0.0,,0.0,,0.0,,0.0,851.5,1.0,,0.0,,0.0,,0.0,,0.0
2023-04-27 21:06:29.0,1682600789000000000,,,,159.0,0.0,0.0,1716.0,10.0,1716.5,1.0,,0.0,,0.0,,0.0,851.5,1.0,,0.0,,0.0,,0.0,,0.0
2023-04-27 21:06:29.5,1682600789500000000,,,,159.0,0.0,0.0,1716.0,10.0,,0.0,,0.0,,0.0,,0.0,851.5,1.0,,0.0,,0.0,,0.0,,0.0
2023-04-27 21:06:35.5,1682600795500000000,,,,159.0,0.0,0.0,1714.5,1.0,1716.0,10.0,,0.0,,0.0,,0.0,851.5,1.0,,0.0,,0.0,,0.0,,0.0
2023-04-27 21:06:35.75,1682600795750000000,,,,159.0,0.0,0.0,1714.5,1.0,,0.0,,0.0,,0.0,,0.0,851.5,1.0,,0.0,,0.0,,0.0,,0.0
2023-04-27 21:06:36.0,1682600796000000000,,,,159.0,0.0,0.0,1714.0,10.0,1714.5,1.0,,0.0,,0.0,,0.0,851.5,1.0,,0.0,,0.0,,0.0,,0.0
2023-04-27 21:06:36.5,1682600796500000000,,,,159.0,0.0,0.0,1714.0,10.0,,0.0,,0.0,,0.0,,0.0,851.5,1.0,,0.0,,0.0,,0.0,,0.0
2023-04-27 21:06:38.5,1682600798500000000,,,,159.0,0.0,0.0,1712.5,1.0,1714.0,10.0,,0.0,,0.0,,0.0,851.5,1.0,,0.0,,0.0,,0.0,,0.0
2023-04-27 21:06:38.75,1682600798750000000,,,,159.0,0.0,0.0,1712.5,1.0,,0.0,,0.0,,0.0,,0.0,851.5,1.0,,0.0,,0.0,,0.0,,0.0
2023-04-27 21:06:39.0,1682600799000000000,,,,159.0,0.0,0.0,1712.0,10.0,1712.5,1.0,,0.0,,0.0,,0.0,851.5,1.0,,0.0,,0.0,,0.0,,0.0
2023-04-27 21:06:39.5,1682600799500000000,,,,159.0,0.0,0.0,1712.0,10.0,,0.0,,0.0,,0.0,,0.0,851.5,1.0,,0.0,,0.0,,0.0,,0.0
2023-04-27 21:06:40.5,1682600800500000000,,,,159.0,0.0,0.0,1710.5,1.0,1712.0,10.0,,0.0,,0.0,,0.0,851.5,1.0,,0.0,,0.0,,0.0,,0.0
2023-04-27 21:06:40.75,1682600800750000000,,,,159.0,0.0,0.0,1710.5,1.0,,0.0,,0.0,,0.0,,0.0,851.5,1.0,,0.0,,0.0,,0.0,,0.0
2023-04-27 21:06:41.0,1682600801000000000,,,,159.0,0.0,0.0,1710.0,10.0,1710.5,1.0,,0.0,,0.0,,0.0,851.5,1.0,,0.0,,0.0,,0.0,,0.0
2023-04-27 21:06:41.5,1682600801500000000,,,,159.0,0.0,0.0,1708.5,1.0,1710.0,10.0,,0.0,,0.0,,0.0,851.5,1.0,,0.0,,0.0,,0.0,,0.0
2023-04-27 21:06:41.75,1682600801750000000,,,,159.0,0.0,0.0,1708.5,1.0,,0.0,,0.0,,0.0,,0.0,851.5,1.0,,0.0,,0.0,,0.0,,0.0
2023-04-27 21:06:42.0,1682600802000000000,,,,159.0,0.0,0.0,1708.0,10.0,1708.5,1.0,,0.0,,0.0,,0.0,851.5,1.0,,0.0,,0.0,,0.0,,0.0
2023-04-27 21:06:42.5,1682600802500000000,,,,159.0,0.0,0.0,1706.5,1.0,1708.0,10.0,,0.0,,0.0,,0.0,851.5,1.0,,0.0,,0.0,,0.0,,0.0
2023-04-27 21:06:42.75,1682600802750000000,,,,159.0,0.0,0.0,1706.5,1.0,,0.0,,0.0,,0.0,,0.0,851.5,1.0,,0.0,,0.0,,0.0,,0.0
2023-04-27 21:06:43.0,1682600803000000000,,,,159.0,0.0,0.0,1706.0,10.0,1706.5,1.0,,0.0,,0.0,,0.0,851.5,1.0,,0.0,,0.0,,0.0,,0.0
2023-04-27 21:06:43.5,1682600803500000000,,,,159.0,0.0,0.0,1706.0,10.0,,0.0,,0.0,,0.0,,0.0,851.5,1.0,,0.0,,0.0,,0.0,,0.0
2023-04-27 21:06:52.75,1682600812750000000,,,,159.0,0.0,0.0,1704.5,1.0,1706.0,10.0,,0.0,,0.0,,0.0,851.5,1.0,,0.0,,0.0,,0.0,,0.0
2023-04-27 21:06:53.0,1682600813000000000,,,,159.0,0.0,0.0,1704.5,1.0,,0.0,,0.0,,0.0,,0.0,851.5,1.0,,0.0,,0.0,,0.0,,0.0
2023-04-27 21:06:53.25,1682600813250000000,,,,159.0,0.0,0.0,1704.0,10.0,1704.5,1.0,,0.0,,0.0,,0.0,851.5,1.0,,0.0,,0.0,,0.0,,0.0
2023-04-27 21:06:53.5,1682600813500000000,,,,159.0,0.0,0.0,1704.0,10.0,,0.0,,0.0,,0.0,,0.0,851.5,1.0,,0.0,,0.0,,0.0,,0.0
2023-04-27 21:07:02.75,1682600822750000000,,,,159.0,0.0,0.0,1702.5,1.0,1704.0,10.0,,0.0,,0.0,,0.0,851.5,1.0,,0.0,,0.0,,0.0,,0.0
2023-04-27 21:07:03.0,1682600823000000000,,,,159.0,0.0,0.0,1702.5,1.0,,0.0,,0.0,,0.0,,0.0,851.5,1.0,,0.0,,0.0,,0.0,,0.0
2023-04-27 21:07:03.25,1682600823250000000,,,,159.0,0.0,0.0,1702.0,10.0,1702.5,1.0,,0.0,,0.0,,0.0,851.5,1.0,,0.0,,0.0,,0.0,,0.0
2023-04-27 21:07:03.5,1682600823500000000,,,,159.0,0.0,0.0,1702.0,10.0,,0.0,,0.0,,0.0,,0.0,851.5,1.0,,0.0,,0.0,,0.0,,0.0
2023-04-27 21:07:07.5,1682600827500000000,,,,159.0,0.0,0.0,1700.5,1.0,1702.0,10.0,,0.0,,0.0,,0.0,851.5,1.0,,0.0,,0.0,,0.0,,0.0
2023-04-27 21:07:07.75,1682600827750000000,,,,159.0,0.0,0.0,1700.5,1.0,,0.0,,0.0,,0.0,,0.0,851.5,1.0,,0.0,,0.0,,0.0,,0.0
2023-04-27 21:07:08.0,1682600828000000000,,,,159.0,0.0,0.0,1700.0,10.0,1700.5,1.0,,0.0,,0.0,,0.0,851.5,1.0,,0.0,,0.0,,0.0,,0.0
2023-04-27 21:07:08.5,1682600828500000000,,,,159.0,0.0,0.0,1698.5,1.0,1700.0,10.0,,0.0,,0.0,,0.0,851.5,1.0,,0.0,,0.0,,0.0,,0.0
2023-04-27 21:07:08.75,1682600828750000000,,,,159.0,0.0,0.0,1698.5,1.0,,0.0,,0.0,,0.0,,0.0,851.5,1.0,,0.0,,0.0,,0.0,,0.0
2023-04-27 21:07:09.0,1682600829000000000,,,,159.0,0.0,0.0,1698.0,10.0,1698.5,1.0,,0.0,,0.0,,0.0,851.5,1.0,,0.0,,0.0,,0.0,,0.0
2023-04-27 21:07:09.75,1682600829750000000,,,,159.0,0.0,0.0,1698.0,10.0,,0.0,,0.0,,0.0,,0.0,851.5,1.0,,0.0,,0.0,,0.0,,0.0
2023-04-27 21:07:11.75,1682600831750000000,,,,159.0,0.0,0.0,1696.5,1.0,1698.0,10.0,,0.0,,0.0,,0.0,851.5,1.0,,0.0,,0.0,,0.0,,0.0
2023-04-27 21:07:12.0,1682600832000000000,,,,159.0,0.0,0.0,1696.5,1.0,,0.0,,0.0,,0.0,,0.0,851.5,1.0,,0.0,,0.0,,0.0,,0.0
2023-04-27 21:07:12.25,1682600832250000000,,,,159.0,0.0,0.0,1696.0,10.0,1696.5,1.0,,0.0,,0.0,,0.0,851.5,1.0,,0.0,,0.0,,0.0,,0.0
2023-04-27 21:07:12.5,1682600832500000000,,,,159.0,0.0,0.0,1696.0,10.0,,0.0,,0.0,,0.0,,0.0,851.5,1.0,,0.0,,0.0,,0.0,,0.0
2023-04-27 21:07:13.5,1682600833500000000,,,,159.0,0.0,0.0,1694.5,1.0,1696.0,10.0,,0.0,,0.0,,0.0,851.5,1.0,,0.0,,0.0,,0.0,,0.0
2023-04-27 21:07:13.75,1682600833750000000,,,,159.0,0.0,0.0,1694.5,1.0,,0.0,,0.0,,0.0,,0.0,851.5,1.0,,0.0,,0.0,,0.0,,0.0
2023-04-27 21:07:14.0,1682600834000000000,,,,159.0,0.0,0.0,1694.0,10.0,1694.5,1.0,,0.0,,0.0,,0.0,851.5,1.0,,0.0,,0.0,,0.0,,0.0
2023-04-27 21:07:14.5,1682600834500000000,,,,159.0,0.0,0.0,1692.5,1.0,1694.0,10.0,,0.0,,0.0,,0.0,851.5,1.0,,0.0,,0.0,,0.0,,0.0
2023-04-27 21:07:14.75,1682600834750000000,,,,159.0,0.0,0.0,1692.5,1.0,,0.0,,0.0,,0.0,,0.0,851.5,1.0,,0.0,,0.0,,0.0,,0.0
2023-04-27 21:07:15.0,1682600835000000000,,,,159.0,0.0,0.0,1692.0,10.0,1692.5,1.0,,0.0,,0.0,,0.0,851.5,1.0,,0.0,,0.0,,0.0,,0.0
2023-04-27 21:07:15.5,1682600835500000000,,,,159.0,0.0,0.0,1692.0,10.0,,0.0,,0.0,,0.0,,0.0,851.5,1.0,,0.0,,0.0,,0.0,,0.0
2023-04-27 21:07:18.5,1682600838500000000,,,,159.0,0.0,0.0,1690.5,1.0,1692.0,10.0,,0.0,,0.0,,0.0,851.5,1.0,,0.0,,0.0,,0.0,,0.0
2023-04-27 21:07:18.75,1682600838750000000,,,,159.0,0.0,0.0,1690.5,1.0,,0.0,,0.0,,0.0,,0.0,851.5,1.0,,0.0,,0.0,,0.0,,0.0
2023-04-27 21:07:19.0,1682600839000000000,,,,159.0,0.0,0.0,1690.0,10.0,1690.5,1.0,,0.0,,0.0,,0.0,851.5,1.0,,0.0,,0.0,,0.0,,0.0
2023-04-27 21:07:19.5,1682600839500000000,,,,159.0,0.0,0.0,1688.5,1.0,1690.0,10.0,,0.0,,0.0,,0.0,851.5,1.0,,0.0,,0.0,,0.0,,0.0
2023-04-27 21:07:19.75,1682600839750000000,,,,159.0,0.0,0.0,1688.5,1.0,,0.0,,0.0,,0.0,,0.0,851.5,1.0,,0.0,,0.0,,0.0,,0.0
2023-04-27 21:07:20.0,1682600840000000000,,,,159.0,0.0,0.0,1688.0,10.0,1688.5,1.0,,0.0,,0.0,,0.0,851.5,1.0,,0.0,,0.0,,0.0,,0.0
2023-04-27 21:07:20.5,1682600840500000000,,,,159.0,0.0,0.0,1686.5,1.0,1688.0,10.0,,0.0,,0.0,,0.0,851.5,1.0,,0.0,,0.0,,0.0,,0.0
2023-04-27 21:07:20.75,1682600840750000000,,,,159.0,0.0,0.0,1686.5,1.0,,0.0,,0.0,,0.0,,0.0,851.5,1.0,,0.0,,0.0,,0.0,,0.0
2023-04-27 21:07:21.0,1682600841000000000,,,,159.0,0.0,0.0,1686.0,10.0,1686.5,1.0,,0.0,,0.0,,0.0,851.5,1.0,,0.0,,0.0,,0.0,,0.0
2023-04-27 21:07:21.5,1682600841500000000,,,,159.0,0.0,0.0,1686.0,10.0,,0.0,,0.0,,0.0,,0.0,851.5,1.0,,0.0,,0.0,,0.0,,0.0
2023-04-27 21:07:24.5,1682600844500000000,,,,159.0,0.0,0.0,1684.5,1.0,1686.0,10.0,,0.0,,0.0,,0.0,851.5,1.0,,0.0,,0.0,,0.0,,0.0
2023-04-27 21:07:24.75,1682600844750000000,,,,159.0,0.0,0.0,1684.5,1.0,,0.0,,0.0,,0.0,,0.0,851.5,1.0,,0.0,,0.0,,0.0,,0.0
2023-04-27 21:07:25.0,1682600845000000000,,,,159.0,0.0,0.0,1684.0,10.0,1684.5,1.0,,0.0,,0.0,,0.0,851.5,1.0,,0.0,,0.0,,0.0,,0.0
2023-04-27 21:07:25.5,1682600845500000000,,,,159.0,0.0,0.0,1682.5,1.0,1684.0,10.0,,0.0,,0.0,,0.0,851.5,1.0,,0.0,,0.0,,0.0,,0.0
2023-04-27 21:07:25.75,1682600845750000000,,,,159.0,0.0,0.0,1682.5,1.0,,0.0,,0.0,,0.0,,0.0,851.5,1.0,,0.0,,0.0,,0.0,,0.0
2023-04-27 21:07:26.0,1682600846000000000,,,,159.0,0.0,0.0,1682.0,10.0,1682.5,1.0,,0.0,,0.0,,0.0,851.5,1.0,,0.0,,0.0,,0.0,,0.0
2023-04-27 21:07:26.5,1682600846500000000,,,,159.0,0.0,0.0,1680.5,1.0,1682.0,10.0,,0.0,,0.0,,0.0,851.5,1.0,,0.0,,0.0,,0.0,,0.0
2023-04-27 21:07:26.75,1682600846750000000,,,,159.0,0.0,0.0,1680.5,1.0,,0.0,,0.0,,0.0,,0.0,851.5,1.0,,0.0,,0.0,,0.0,,0.0
2023-04-27 21:07:27.0,1682600847000000000,,,,159.0,0.0,0.0,1680.0,10.0,1680.5,1.0,,0.0,,0.0,,0.0,851.5,1.0,,0.0,,0.0,,0.0,,0.0
2023-04-27 21:07:27.5,1682600847500000000,,,,159.0,0.0,0.0,1680.0,10.0,,0.0,,0.0,,0.0,,0.0,851.5,1.0,,0.0,,0.0,,0.0,,0.0
2023-04-27 21:07:30.5,1682600850500000000,,,,159.0,0.0,0.0,1678.5,1.0,1680.0,10.0,,0.0,,0.0,,0.0,851.5,1.0,,0.0,,0.0,,0.0,,0.0
2023-04-27 21:07:30.75,1682600850750000000,,,,159.0,0.0,0.0,1678.5,1.0,,0.0,,0.0,,0.0,,0.0,851.5,1.0,,0.0,,0.0,,0.0,,0.0
2023-04-27 21:07:31.0,1682600851000000000,,,,159.0,0.0,0.0,1678.0,10.0,1678.5,1.0,,0.0,,0.0,,0.0,851.5,1.0,,0.0,,0.0,,0.0,,0.0
2023-04-27 21:07:31.5,1682600851500000000,,,,159.0,0.0,0.0,1676.5,1.0,1678.0,10.0,,0.0,,0.0,,0.0,851.5,1.0,,0.0,,0.0,,0.0,,0.0
2023-04-27 21:07:31.75,1682600851750000000,,,,159.0,0.0,0.0,1676.5,1.0,,0.0,,0.0,,0.0,,0.0,851.5,1.0,,0.0,,0.0,,0.0,,0.0
2023-04-27 21:07:32.0,1682600852000000000,,,,159.0,0.0,0.0,1676.0,10.0,1676.5,1.0,,0.0,,0.0,,0.0,851.5,1.0,,0.0,,0.0,,0.0,,0.0
2023-04-27 21:07:32.5,1682600852500000000,,,,159.0,0.0,0.0,1674.5,1.0,1676.0,10.0,,0.0,,0.0,,0.0,851.5,1.0,,0.0,,0.0,,0.0,,0.0
2023-04-27 21:07:32.75,1682600852750000000,,,,159.0,0.0,0.0,1674.5,1.0,,0.0,,0.0,,0.0,,0.0,851.5,1.0,,0.0,,0.0,,0.0,,0.0
2023-04-27 21:07:33.0,1682600853000000000,,,,159.0,0.0,0.0,1674.0,10.0,1674.5,1.0,,0.0,,0.0,,0.0,851.5,1.0,,0.0,,0.0,,0.0,,0.0
2023-04-27 21:07:33.5,1682600853500000000,,,,159.0,0.0,0.0,1674.0,10.0,,0.0,,0.0,,0.0,,0.0,851.5,1.0,,0.0,,0.0,,0.0,,0.0
2023-04-27 21:07:34.5,1682600854500000000,,,,159.0,0.0,0.0,1672.5,1.0,1674.0,10.0,,0.0,,0.0,,0.0,851.5,1.0,,0.0,,0.0,,0.0,,0.0
2023-04-27 21:07:34.75,1682600854750000000,,,,159.0,0.0,0.0,1672.5,1.0,,0.0,,0.0,,0.0,,0.0,851.5,1.0,,0.0,,0.0,,0.0,,0.0
2023-04-27 21:07:35.0,1682600855000000000,,,,159.0,0.0,0.0,1672.0,10.0,1672.5,1.0,,0.0,,0.0,,0.0,851.5,1.0,,0.0,,0.0,,0.0,,0.0
2023-04-27 21:07:35.5,1682600855500000000,,,,159.0,0.0,0.0,1670.5,1.0,1672.0,10.0,,0.0,,0.0,,0.0,851.5,1.0,,0.0,,0.0,,0.0,,0.0
2023-04-27 21:07:35.75,1682600855750000000,,,,159.0,0.0,0.0,1670.5,1.0,,0.0,,0.0,,0.0,,0.0,851.5,1.0,,0.0,,0.0,,0.0,,0.0
2023-04-27 21:07:36.0,1682600856000000000,,,,159.0,0.0,0.0,1670.0,10.0,1670.5,1.0,,0.0,,0.0,,0.0,851.5,1.0,,0.0,,0.0,,0.0,,0.0
2023-04-27 21:07:36.5,1682600856500000000,,,,159.0,0.0,0.0,1668.5,1.0,1670.0,10.0,,0.0,,0.0,,0.0,851.5,1.0,,0.0,,0.0,,0.0,,0.0
2023-04-27 21:07:36.75,1682600856750000000,,,,159.0,0.0,0.0,1668.5,1.0,,0.0,,0.0,,0.0,,0.0,851.5,1.0,,0.0,,0.0,,0.0,,0.0
2023-04-27 21:07:37.0,1682600857000000000,,,,159.0,0.0,0.0,1668.0,10.0,1668.5,1.0,,0.0,,0.0,,0.0,851.5,1.0,,0.0,,0.0,,0.0,,0.0
2023-04-27 21:07:37.5,1682600857500000000,,,,159.0,0.0,0.0,1668.0,10.0,,0.0,,0.0,,0.0,,0.0,851.5,1.0,,0.0,,0.0,,0.0,,0.0
2023-04-27 21:07:39.5,1682600859500000000,,,,159.0,0.0,0.0,1666.5,1.0,1668.0,10.0,,0.0,,0.0,,0.0,851.5,1.0,,0.0,,0.0,,0.0,,0.0
2023-04-27 21:07:39.75,1682600859750000000,,,,159.0,0.0,0.0,1666.5,1.0,,0.0,,0.0,,0.0,,0.0,851.5,1.0,,0.0,,0.0,,0.0,,0.0
2023-04-27 21:07:40.0,1682600860000000000,,,,159.0,0.0,0.0,1666.0,10.0,1666.5,1.0,,0.0,,0.0,,0.0,851.5,1.0,,0.0,,0.0,,0.0,,0.0
2023-04-27 21:07:40.5,1682600860500000000,,,,159.0,0.0,0.0,1664.5,1.0,1666.0,10.0,,0.0,,0.0,,0.0,851.5,1.0,,0.0,,0.0,,0.0,,0.0
2023-04-27 21:07:40.75,1682600860750000000,,,,159.0,0.0,0.0,1664.5,1.0,,0.0,,0.0,,0.0,,0.0,851.5,1.0,,0.0,,0.0,,0.0,,0.0
2023-04-27 21:07:41.0,1682600861000000000,,,,159.0,0.0,0.0,1664.0,10.0,1664.5,1.0,,0.0,,0.0,,0.0,851.5,1.0,,0.0,,0.0,,0.0,,0.0
2023-04-27 21:07:41.5,1682600861500000000,,,,159.0,0.0,0.0,1662.5,1.0,1664.0,10.0,,0.0,,0.0,,0.0,851.5,1.0,,0.0,,0.0,,0.0,,0.0
2023-04-27 21:07:41.75,1682600861750000000,,,,159.0,0.0,0.0,1662.5,1.0,,0.0,,0.0,,0.0,,0.0,851.5,1.0,,0.0,,0.0,,0.0,,0.0
2023-04-27 21:07:42.0,1682600862000000000,,,,159.0,0.0,0.0,1662.0,10.0,1662.5,1.0,,0.0,,0.0,,0.0,851.5,1.0,,0.0,,0.0,,0.0,,0.0
2023-04-27 21:07:42.5,1682600862500000000,,,,159.0,0.0,0.0,1662.0,10.0,,0.0,,0.0,,0.0,,0.0,851.5,1.0,,0.0,,0.0,,0.0,,0.0
2023-04-27 21:07:43.5,1682600863500000000,,,,159.0,0.0,0.0,1660.5,1.0,1662.0,10.0,,0.0,,0.0,,0.0,851.5,1.0,,0.0,,0.0,,0.0,,0.0
2023-04-27 21:07:43.75,1682600863750000000,,,,159.0,0.0,0.0,1660.5,1.0,,0.0,,0.0,,0.0,,0.0,851.5,1.0,,0.0,,0.0,,0.0,,0.0
2023-04-27 21:07:44.0,1682600864000000000,,,,159.0,0.0,0.0,1660.0,10.0,1660.5,1.0,,0.0,,0.0,,0.0,851.5,1.0,,0.0,,0.0,,0.0,,0.0
2023-04-27 21:07:44.5,1682600864500000000,,,,159.0,0.0,0.0,1660.0,10.0,,0.0,,0.0,,0.0,,0.0,851.5,1.0,,0.0,,0.0,,0.0,,0.0
2023-04-27 21:07:45.5,1682600865500000000,,,,159.0,0.0,0.0,1658.5,1.0,1660.0,10.0,,0.0,,0.0,,0.0,851.5,1.0,,0.0,,0.0,,0.0,,0.0
2023-04-27 21:07:45.75,1682600865750000000,,,,159.0,0.0,0.0,1658.5,1.0,,0.0,,0.0,,0.0,,0.0,851.5,1.0,,0.0,,0.0,,0.0,,0.0
2023-04-27 21:07:46.0,1682600866000000000,,,,159.0,0.0,0.0,1658.0,10.0,1658.5,1.0,,0.0,,0.0,,0.0,851.5,1.0,,0.0,,0.0,,0.0,,0.0
2023-04-27 21:07:46.5,1682600866500000000,,,,159.0,0.0,0.0,1656.5,1.0,1658.0,10.0,,0.0,,0.0,,0.0,851.5,1.0,,0.0,,0.0,,0.0,,0.0
2023-04-27 21:07:46.75,1682600866750000000,,,,159.0,0.0,0.0,1656.5,1.0,,0.0,,0.0,,0.0,,0.0,851.5,1.0,,0.0,,0.0,,0.0,,0.0
2023-04-27 21:07:47.0,1682600867000000000,,,,159.0,0.0,0.0,1656.0,10.0,1656.5,1.0,,0.0,,0.0,,0.0,851.5,1.0,,0.0,,0.0,,0.0,,0.0
2023-04-27 21:07:47.5,1682600867500000000,,,,159.0,0.0,0.0,1654.5,1.0,1656.0,10.0,,0.0,,0.0,,0.0,851.5,1.0,,0.0,,0.0,,0.0,,0.0
2023-04-27 21:07:47.75,1682600867750000000,,,,159.0,0.0,0.0,1654.5,1.0,,0.0,,0.0,,0.0,,0.0,851.5,1.0,,0.0,,0.0,,0.0,,0.0
2023-04-27 21:07:48.0,1682600868000000000,,,,159.0,0.0,0.0,1654.0,10.0,1654.5,1.0,,0.0,,0.0,,0.0,851.5,1.0,,0.0,,0.0,,0.0,,0.0
2023-04-27 21:07:48.5,1682600868500000000,,,,159.0,0.0,0.0,1652.5,1.0,1654.0,10.0,,0.0,,0.0,,0.0,851.5,1.0,,0.0,,0.0,,0.0,,0.0
2023-04-27 21:07:48.75,1682600868750000000,,,,159.0,0.0,0.0,1652.5,1.0,,0.0,,0.0,,0.0,,0.0,851.5,1.0,,0.0,,0.0,,0.0,,0.0
2023-04-27 21:07:49.0,1682600869000000000,,,,159.0,0.0,0.0,1652.0,10.0,1652.5,1.0,,0.0,,0.0,,0.0,851.5,1.0,,0.0,,0.0,,0.0,,0.0
2023-04-27 21:07:49.5,1682600869500000000,,,,159.0,0.0,0.0,1650.5,1.0,1652.0,10.0,,0.0,,0.0,,0.0,851.5,1.0,,0.0,,0.0,,0.0,,0.0
2023-04-27 21:07:49.75,1682600869750000000,,,,159.0,0.0,0.0,1650.5,1.0,,0.0,,0.0,,0.0,,0.0,851.5,1.0,,0.0,,0.0,,0.0,,0.0
2023-04-27 21:07:50.0,1682600870000000000,,,,159.0,0.0,0.0,1650.0,10.0,1650.5,1.0,,0.0,,0.0,,0.0,851.5,1.0,,0.0,,0.0,,0.0,,0.0
2023-04-27 21:07:50.5,1682600870500000000,,,,159.0,0.0,0.0,1648.5,1.0,1650.0,10.0,,0.0,,0.0,,0.0,851.5,1.0,,0.0,,0.0,,0.0,,0.0
2023-04-27 21:07:50.75,1682600870750000000,,,,159.0,0.0,0.0,1648.5,1.0,,0.0,,0.0,,0.0,,0.0,851.5,1.0,,0.0,,0.0,,0.0,,0.0
2023-04-27 21:07:51.0,1682600871000000000,,,,159.0,0.0,0.0,1648.0,10.0,1648.5,1.0,,0.0,,0.0,,0.0,851.5,1.0,,0.0,,0.0,,0.0,,0.0
2023-04-27 21:07:51.5,1682600871500000000,,,,159.0,0.0,0.0,1646.5,1.0,1648.0,10.0,,0.0,,0.0,,0.0,851.5,1.0,,0.0,,0.0,,0.0,,0.0
2023-04-27 21:07:51.75,1682600871750000000,,,,159.0,0.0,0.0,1646.5,1.0,,0.0,,0.0,,0.0,,0.0,851.5,1.0,,0.0,,0.0,,0.0,,0.0
2023-04-27 21:07:52.0,1682600872000000000,,,,159.0,0.0,0.0,1646.0,10.0,1646.5,1.0,,0.0,,0.0,,0.0,851.5,1.0,,0.0,,0.0,,0.0,,0.0
2023-04-27 21:07:52.5,1682600872500000000,,,,159.0,0.0,0.0,1644.5,1.0,1646.0,10.0,,0.0,,0.0,,0.0,851.5,1.0,,0.0,,0.0,,0.0,,0.0
2023-04-27 21:07:52.75,1682600872750000000,,,,159.0,0.0,0.0,1644.5,1.0,,0.0,,0.0,,0.0,,0.0,851.5,1.0,,0.0,,0.0,,0.0,,0.0
2023-04-27 21:07:53.0,1682600873000000000,,,,159.0,0.0,0.0,1644.0,10.0,1644.5,1.0,,0.0,,0.0,,0.0,851.5,1.0,,0.0,,0.0,,0.0,,0.0
2023-04-27 21:07:53.5,1682600873500000000,,,,159.0,0.0,0.0,1642.5,1.0,1644.0,10.0,,0.0,,0.0,,0.0,851.5,1.0,,0.0,,0.0,,0.0,,0.0
2023-04-27 21:07:53.75,1682600873750000000,,,,159.0,0.0,0.0,1642.5,1.0,,0.0,,0.0,,0.0,,0.0,851.5,1.0,,0.0,,0.0,,0.0,,0.0
2023-04-27 21:07:54.0,1682600874000000000,,,,159.0,0.0,0.0,1642.0,10.0,1642.5,1.0,,0.0,,0.0,,0.0,851.5,1.0,,0.0,,0.0,,0.0,,0.0
2023-04-27 21:07:54.5,1682600874500000000,,,,159.0,0.0,0.0,1640.5,1.0,1642.0,10.0,,0.0,,0.0,,0.0,851.5,1.0,,0.0,,0.0,,0.0,,0.0
2023-04-27 21:07:54.75,1682600874750000000,,,,159.0,0.0,0.0,1640.5,1.0,,0.0,,0.0,,0.0,,0.0,851.5,1.0,,0.0,,0.0,,0.0,,0.0
2023-04-27 21:07:55.0,1682600875000000000,,,,159.0,0.0,0.0,1640.0,10.0,1640.5,1.0,,0.0,,0.0,,0.0,851.5,1.0,,0.0,,0.0,,0.0,,0.0
2023-04-27 21:07:55.5,1682600875500000000,,,,159.0,0.0,0.0,1638.5,1.0,1640.0,10.0,,0.0,,0.0,,0.0,851.5,1.0,,0.0,,0.0,,0.0,,0.0
2023-04-27 21:07:55.75,1682600875750000000,,,,159.0,0.0,0.0,1638.5,1.0,,0.0,,0.0,,0.0,,0.0,851.5,1.0,,0.0,,0.0,,0.0,,0.0
2023-04-27 21:07:56.0,1682600876000000000,,,,159.0,0.0,0.0,1638.0,10.0,1638.5,1.0,,0.0,,0.0,,0.0,851.5,1.0,,0.0,,0.0,,0.0,,0.0
2023-04-27 21:07:56.5,1682600876500000000,,,,159.0,0.0,0.0,1636.5,1.0,1638.0,10.0,,0.0,,0.0,,0.0,851.5,1.0,,0.0,,0.0,,0.0,,0.0
2023-04-27 21:07:56.75,1682600876750000000,,,,159.0,0.0,0.0,1636.5,1.0,,0.0,,0.0,,0.0,,0.0,851.5,1.0,,0.0,,0.0,,0.0,,0.0
2023-04-27 21:07:57.0,1682600877000000000,,,,159.0,0.0,0.0,1636.0,10.0,1636.5,1.0,,0.0,,0.0,,0.0,851.5,1.0,,0.0,,0.0,,0.0,,0.0
2023-04-27 21:07:57.5,1682600877500000000,,,,159.0,0.0,0.0,1634.5,1.0,1636.0,10.0,,0.0,,0.0,,0.0,851.5,1.0,,0.0,,0.0,,0.0,,0.0
2023-04-27 21:07:57.75,1682600877750000000,,,,159.0,0.0,0.0,1634.5,1.0,,0.0,,0.0,,0.0,,0.0,851.5,1.0,,0.0,,0.0,,0.0,,0.0
2023-04-27 21:07:58.0,1682600878000000000,,,,159.0,0.0,0.0,1634.0,10.0,1634.5,1.0,,0.0,,0.0,,0.0,851.5,1.0,,0.0,,0.0,,0.0,,0.0
2023-04-27 21:07:58.5,1682600878500000000,,,,159.0,0.0,0.0,1632.5,1.0,1634.0,10.0,,0.0,,0.0,,0.0,851.5,1.0,,0.0,,0.0,,0.0,,0.0
2023-04-27 21:07:58.75,1682600878750000000,,,,159.0,0.0,0.0,1632.5,1.0,,0.0,,0.0,,0.0,,0.0,851.5,1.0,,0.0,,0.0,,0.0,,0.0
2023-04-27 21:07:59.0,1682600879000000000,,,,159.0,0.0,0.0,1632.0,10.0,1632.5,1.0,,0.0,,0.0,,0.0,851.5,1.0,,0.0,,0.0,,0.0,,0.0
2023-04-27 21:07:59.5,1682600879500000000,,,,159.0,0.0,0.0,1630.5,1.0,1632.0,10.0,,0.0,,0.0,,0.0,851.5,1.0,,0.0,,0.0,,0.0,,0.0
2023-04-27 21:07:59.75,1682600879750000000,,,,159.0,0.0,0.0,1630.5,1.0,,0.0,,0.0,,0.0,,0.0,851.5,1.0,,0.0,,0.0,,0.0,,0.0
2023-04-27 21:08:00.0,1682600880000000000,,,,159.0,0.0,0.0,1630.0,10.0,1630.5,1.0,,0.0,,0.0,,0.0,851.5,1.0,,0.0,,0.0,,0.0,,0.0
2023-04-27 21:08:00.5,1682600880500000000,,,,159.0,0.0,0.0,1628.5,1.0,1630.0,10.0,,0.0,,0.0,,0.0,851.5,1.0,,0.0,,0.0,,0.0,,0.0
2023-04-27 21:08:00.75,1682600880750000000,,,,159.0,0.0,0.0,1628.5,1.0,,0.0,,0.0,,0.0,,0.0,851.5,1.0,,0.0,,0.0,,0.0,,0.0
2023-04-27 21:08:01.0,1682600881000000000,,,,159.0,0.0,0.0,1628.0,10.0,1628.5,1.0,,0.0,,0.0,,0.0,851.5,1.0,,0.0,,0.0,,0.0,,0.0
2023-04-27 21:08:01.5,1682600881500000000,,,,159.0,0.0,0.0,1626.5,1.0,1628.0,10.0,,0.0,,0.0,,0.0,851.5,1.0,,0.0,,0.0,,0.0,,0.0
2023-04-27 21:08:01.75,1682600881750000000,,,,159.0,0.0,0.0,1626.5,1.0,,0.0,,0.0,,0.0,,0.0,851.5,1.0,,0.0,,0.0,,0.0,,0.0
2023-04-27 21:08:02.0,1682600882000000000,,,,159.0,0.0,0.0,1626.0,10.0,1626.5,1.0,,0.0,,0.0,,0.0,851.5,1.0,,0.0,,0.0,,0.0,,0.0
2023-04-27 21:08:02.5,1682600882500000000,,,,159.0,0.0,0.0,1624.5,1.0,1626.0,10.0,,0.0,,0.0,,0.0,851.5,1.0,,0.0,,0.0,,0.0,,0.0
2023-04-27 21:08:02.75,1682600882750000000,,,,159.0,0.0,0.0,1624.5,1.0,,0.0,,0.0,,0.0,,0.0,851.5,1.0,,0.0,,0.0,,0.0,,0.0
2023-04-27 21:08:03.0,1682600883000000000,,,,159.0,0.0,0.0,1624.0,10.0,1624.5,1.0,,0.0,,0.0,,0.0,851.5,1.0,,0.0,,0.0,,0.0,,0.0
2023-04-27 21:08:03.5,1682600883500000000,,,,159.0,0.0,0.0,1622.5,1.0,1624.0,10.0,,0.0,,0.0,,0.0,851.5,1.0,,0.0,,0.0,,0.0,,0.0
2023-04-27 21:08:03.75,1682600883750000000,,,,159.0,0.0,0.0,1622.5,1.0,,0.0,,0.0,,0.0,,0.0,851.5,1.0,,0.0,,0.0,,0.0,,0.0
2023-04-27 21:08:04.0,1682600884000000000,,,,159.0,0.0,0.0,1622.0,10.0,1622.5,1.0,,0.0,,0.0,,0.0,851.5,1.0,,0.0,,0.0,,0.0,,0.0
2023-04-27 21:08:04.5,1682600884500000000,,,,159.0,0.0,0.0,1622.0,10.0,,0.0,,0.0,,0.0,,0.0,851.5,1.0,,0.0,,0.0,,0.0,,0.0
2023-04-27 21:12:07.0,1682601127000000000,,,,159.0,0.0,0.0,1486.0,5.0,1622.0,10.0,,0.0,,0.0,,0.0,851.5,1.0,,0.0,,0.0,,0.0,,0.0
2023-04-27 21:12:07.25,1682601127250000000,,,,159.0,0.0,0.0,1486.0,5.0,,0.0,,0.0,,0.0,,0.0,852.0,1.0,851.5,1.0,,0.0,,0.0,,0.0
2023-04-27 21:12:07.75,1682601127750000000,,,,159.0,0.0,0.0,1486.0,5.0,,0.0,,0.0,,0.0,,0.0,853.5,1.0,852.0,1.0,,0.0,,0.0,,0.0
2023-04-27 21:12:11.75,1682601131750000000,,,,159.0,0.0,0.0,1489.5,5.0,,0.0,,0.0,,0.0,,0.0,853.5,1.0,852.0,1.0,,0.0,,0.0,,0.0
2023-04-27 21:12:12.75,1682601132750000000,,,,159.0,0.0,0.0,1488.0,5.0,,0.0,,0.0,,0.0,,0.0,853.5,1.0,852.0,1.0,,0.0,,0.0,,0.0
2023-04-27 21:12:21.25,1682601141250000000,,,,159.0,0.0,0.0,1486.5,5.0,,0.0,,0.0,,0.0,,0.0,853.5,1.0,852.0,1.0,,0.0,,0.0,,0.0
2023-04-27 21:12:31.0,1682601151000000000,,,,159.0,0.0,0.0,1488.0,5.0,,0.0,,0.0,,0.0,,0.0,853.5,1.0,852.0,1.0,,0.0,,0.0,,0.0
2023-04-27 21:12:32.5,1682601152500000000,,,,159.0,0.0,0.0,1486.5,5.0,,0.0,,0.0,,0.0,,0.0,853.5,1.0,852.0,1.0,,0.0,,0.0,,0.0
2023-04-27 21:12:47.5,1682601167500000000,,,,159.0,0.0,0.0,1488.0,5.0,,0.0,,0.0,,0.0,,0.0,853.5,1.0,852.0,1.0,,0.0,,0.0,,0.0
2023-04-27 21:12:59.5,1682601179500000000,,,,159.0,0.0,0.0,1489.5,5.0,,0.0,,0.0,,0.0,,0.0,853.5,1.0,852.0,1.0,,0.0,,0.0,,0.0
2023-04-27 21:13:09.0,1682601189000000000,,,,159.0,0.0,0.0,1491.5,5.0,,0.0,,0.0,,0.0,,0.0,853.5,1.0,852.0,1.0,,0.0,,0.0,,0.0
2023-04-27 21:13:09.25,1682601189250000000,,,,159.0,0.0,0.0,1491.5,5.0,,0.0,,0.0,,0.0,,0.0,854.0,1.0,853.5,1.0,852.0,1.0,,0.0,,0.0
2023-04-27 21:13:09.75,1682601189750000000,,,,159.0,0.0,0.0,1491.5,5.0,,0.0,,0.0,,0.0,,0.0,855.5,1.0,854.0,1.0,852.0,1.0,,0.0,,0.0
2023-04-27 21:13:15.25,1682601195250000000,,,,159.0,0.0,0.0,1493.5,5.0,,0.0,,0.0,,0.0,,0.0,855.5,1.0,854.0,1.0,852.0,1.0,,0.0,,0.0
2023-04-27 21:13:17.0,1682601197000000000,,,,159.0,0.0,0.0,1495.0,5.0,,0.0,,0.0,,0.0,,0.0,855.5,1.0,854.0,1.0,852.0,1.0,,0.0,,0.0
2023-04-27 21:13:27.75,1682601207750000000,,,,159.0,0.0,0.0,1492.5,5.0,,0.0,,0.0,,0.0,,0.0,855.5,1.0,854.0,1.0,852.0,1.0,,0.0,,0.0
2023-04-27 21:13:28.25,1682601208250000000,,,,159.0,0.0,0.0,1492.5,5.0,,0.0,,0.0,,0.0,,0.0,856.0,1.0,855.5,1.0,854.0,1.0,,0.0,,0.0
2023-04-27 21:13:28.75,1682601208750000000,,,,159.0,0.0,0.0,1492.5,5.0,,0.0,,0.0,,0.0,,0.0,857.5,1.0,856.0,1.0,854.0,1.0,,0.0,,0.0
2023-04-27 21:13:37.25,1682601217250000000,,,,159.0,0.0,0.0,1494.5,5.0,,0.0,,0.0,,0.0,,0.0,857.5,1.0,856.0,1.0,854.0,1.0,,0.0,,0.0
2023-04-27 21:13:42.0,1682601222000000000,,,,159.0,0.0,0.0,1493.0,5.0,,0.0,,0.0,,0.0,,0.0,857.5,1.0,856.0,1.0,854.0,1.0,,0.0,,0.0
2023-04-27 21:13:42.25,1682601222250000000,,,,159.0,0.0,0.0,1493.0,5.0,,0.0,,0.0,,0.0,,0.0,858.0,1.0,857.5,1.0,856.0,1.0,,0.0,,0.0
2023-04-27 21:13:42.75,1682601222750000000,,,,159.0,0.0,0.0,1493.0,5.0,,0.0,,0.0,,0.0,,0.0,859.5,1.0,858.0,1.0,856.0,1.0,,0.0,,0.0
2023-04-27 21:14:05.5,1682601245500000000,,,,159.0,0.0,0.0,1491.5,5.0,,0.0,,0.0,,0.0,,0.0,859.5,1.0,858.0,1.0,856.0,1.0,,0.0,,0.0
2023-04-27 21:14:09.25,1682601249250000000,,,,159.0,0.0,0.0,1490.0,5.0,,0.0,,0.0,,0.0,,0.0,859.5,1.0,858.0,1.0,856.0,1.0,,0.0,,0.0
2023-04-27 21:14:35.75,1682601275750000000,,,,159.0,0.0,0.0,1488.5,5.0,,0.0,,0.0,,0.0,,0.0,859.5,1.0,858.0,1.0,856.0,1.0,,0.0,,0.0
2023-04-27 21:14:55.5,1682601295500000000,,,,159.0,0.0,0.0,1487.0,5.0,,0.0,,0.0,,0.0,,0.0,859.5,1.0,858.0,1.0,856.0,1.0,,0.0,,0.0
2023-04-27 21:15:00.75,1682601300750000000,,,,159.0,0.0,0.0,1488.5,5.0,,0.0,,0.0,,0.0,,0.0,859.5,1.0,858.0,1.0,856.0,1.0,,0.0,,0.0
2023-04-27 21:15:02.25,1682601302250000000,,,,159.0,0.0,0.0,1487.0,5.0,,0.0,,0.0,,0.0,,0.0,859.5,1.0,858.0,1.0,856.0,1.0,,0.0,,0.0
2023-04-27 21:15:15.25,1682601315250000000,,,,159.0,0.0,0.0,1488.5,5.0,,0.0,,0.0,,0.0,,0.0,859.5,1.0,858.0,1.0,856.0,1.0,,0.0,,0.0
2023-04-27 21:15:19.0,1682601319000000000,,,,159.0,0.0,0.0,1490.0,5.0,,0.0,,0.0,,0.0,,0.0,859.5,1.0,858.0,1.0,856.0,1.0,,0.0,,0.0
2023-04-27 21:15:33.75,1682601333750000000,,,,159.0,0.0,0.0,1491.5,5.0,,0.0,,0.0,,0.0,,0.0,859.5,1.0,858.0,1.0,856.0,1.0,,0.0,,0.0
2023-04-27 21:15:36.5,1682601336500000000,,,,159.0,0.0,0.0,1493.5,5.0,,0.0,,0.0,,0.0,,0.0,859.5,1.0,858.0,1.0,856.0,1.0,,0.0,,0.0
2023-04-27 21:15:39.75,1682601339750000000,,,,159.0,0.0,0.0,1491.5,5.0,,0.0,,0.0,,0.0,,0.0,859.5,1.0,858.0,1.0,856.0,1.0,,0.0,,0.0
2023-04-27 21:16:26.75,1682601386750000000,1491.5,1491.5,1491.5,159.0,5.0,74575.0,,0.0,,0.0,,0.0,,0.0,,0.0,859.5,1.0,858.0,1.0,856.0,1.0,,0.0,,0.0
2023-04-27 21:16:27.25,1682601387250000000,1491.5,1491.5,1491.5,159.0,5.0,74575.0,,0.0,,0.0,,0.0,,0.0,,0.0,860.0,1.0,859.5,1.0,858.0,1.0,,0.0,,0.0
2023-04-27 21:16:27.75,1682601387750000000,1491.5,1491.5,1491.5,159.0,5.0,74575.0,,0.0,,0.0,,0.0,,0.0,,0.0,860.0,1.0,858.0,1.0,,0.0,,0.0,,0.0
2023-04-27 21:16:30.0,1682601390000000000,1491.5,1491.5,1491.5,159.0,5.0,74575.0,1631.0,1.0,,0.0,,0.0,,0.0,,0.0,1352.0,1.0,860.0,1.0,858.0,1.0,,0.0,,0.0
2023-04-27 21:16:30.25,1682601390250000000,1491.5,1491.5,1491.5,159.0,5.0,74575.0,1630.5,11.0,1631.0,1.0,,0.0,,0.0,,0.0,1352.5,1.0,1352.0,1.0,860.0,1.0,,0.0,,0.0
2023-04-27 21:16:30.5,1682601390500000000,1491.5,1491.5,1491.5,159.0,5.0,74575.0,1573.5,1.0,1630.5,11.0,,0.0,,0.0,,0.0,1409.5,1.0,1352.5,1.0,860.0,1.0,,0.0,,0.0
2023-04-27 21:16:30.75,1682601390750000000,1491.5,1491.5,1491.5,159.0,5.0,74575.0,1573.0,1.0,1573.5,1.0,1630.5,1.0,,0.0,,0.0,1410.0,1.0,1409.5,1.0,1352.5,1.0,860.0,1.0,,0.0
2023-04-27 21:16:31.0,1682601391000000000,1491.5,1491.5,1491.5,159.0,5.0,74575.0,1523.5,1.0,1572.5,10.0,1573.0,1.0,1630.5,1.0,,0.0,1458.0,1.0,1410.0,1.0,1352.5,1.0,860.0,1.0,,0.0
2023-04-27 21:16:31.25,1682601391250000000,1491.5,1491.5,1491.5,159.0,5.0,74575.0,1523.0,1.0,1523.5,1.0,1573.0,1.0,1630.5,1.0,,0.0,1458.5,1.0,1458.0,1.0,1410.0,1.0,1352.5,1.0,860.0,1.0
2023-04-27 21:16:31.5,1682601391500000000,1491.5,1491.5,1491.5,159.0,5.0,74575.0,1522.5,10.0,1523.0,1.0,1523.5,1.0,1573.0,1.0,1630.5,1.0,1458.5,1.0,1458.0,1.0,1410.0,1.0,1352.5,1.0,860.0,1.0
2023-04-27 21:16:31.75,1682601391750000000,1491.5,1491.5,1491.5,159.0,5.0,74575.0,1522.0,1.0,1522.5,10.0,1523.0,1.0,1523.5,1.0,1573.0,1.0,1458.5,1.0,1458.0,1.0,1410.0,1.0,1352.5,1.0,860.0,1.0
2023-04-27 21:16:32.0,1682601392000000000,1491.5,1491.5,1491.5,159.0,5.0,74575.0,1522.0,1.0,1523.0,1.0,1523.5,1.0,1573.0,1.0,1630.5,1.0,1458.5,1.0,1458.0,1.0,1410.0,1.0,1352.5,1.0,860.0,1.0
2023-04-27 21:16:32.25,1682601392250000000,1491.5,1491.5,1491.5,159.0,5.0,74575.0,1521.5,10.0,1522.0,1.0,1523.0,1.0,1523.5,1.0,1573.0,1.0,1458.5,1.0,1458.0,1.0,1410.0,1.0,1352.5,1.0,860.0,1.0
2023-04-27 21:16:32.75,1682601392750000000,1491.5,1491.5,1491.5,159.0,5.0,74575.0,1521.0,1.0,1521.5,10.0,1522.0,1.0,1523.0,1.0,1523.5,1.0,1458.5,1.0,1458.0,1.0,1410.0,1.0,1352.5,1.0,860.0,1.0
2023-04-27 21:16:33.0,1682601393000000000,1491.5,1491.5,1491.5,159.0,5.0,74575.0,1521.0,1.0,1522.0,1.0,1523.0,1.0,1523.5,1.0,1573.0,1.0,1458.5,1.0,1458.0,1.0,1410.0,1.0,1352.5,1.0,860.0,1.0
2023-04-27 21:16:33.25,1682601393250000000,1491.5,1491.5,1491.5,159.0,5.0,74575.0,1520.5,10.0,1521.0,1.0,1522.0,1.0,1523.0,1.0,1523.5,1.0,1458.5,1.0,1458.0,1.0,1410.0,1.0,1352.5,1.0,860.0,1.0
2023-04-27 21:16:33.75,1682601393750000000,1491.5,1491.5,1491.5,159.0,5.0,74575.0,1520.0,1.0,1520.5,10.0,1521.0,1.0,1522.0,1.0,1523.0,1.0,1458.5,1.0,1458.0,1.0,1410.0,1.0,1352.5,1.0,860.0,1.0
2023-04-27 21:16:34.0,1682601394000000000,1491.5,1491.5,1491.5,159.0,5.0,74575.0,1520.0,1.0,1521.0,1.0,1522.0,1.0,1523.0,1.0,1523.5,1.0,1458.5,1.0,1458.0,1.0,1410.0,1.0,1352.5,1.0,860.0,1.0
2023-04-27 21:16:34.25,1682601394250000000,1491.5,1491.5,1491.5,159.0,5.0,74575.0,1519.5,10.0,1520.0,1.0,1521.0,1.0,1522.0,1.0,1523.0,1.0,1458.5,1.0,1458.0,1.0,1410.0,1.0,1352.5,1.0,860.0,1.0
2023-04-27 21:16:34.75,1682601394750000000,1491.5,1491.5,1491.5,159.0,5.0,74575.0,1519.0,1.0,1519.5,10.0,1520.0,1.0,1521.0,1.0,1522.0,1.0,1458.5,1.0,1458.0,1.0,1410.0,1.0,1352.5,1.0,860.0,1.0
2023-04-27 21:16:35.0,1682601395000000000,1491.5,1491.5,1491.5,159.0,5.0,74575.0,1519.0,1.0,1520.0,1.0,1521.0,1.0,1522.0,1.0,1523.0,1.0,1458.5,1.0,1458.0,1.0,1410.0,1.0,1352.5,1.0,860.0,1.0
2023-04-27 21:16:35.25,1682601395250000000,1491.5,1491.5,1491.5,159.0,5.0,74575.0,1518.5,10.0,1519.0,1.0,1520.0,1.0,1521.0,1.0,1522.0,1.0,1458.5,1.0,1458.0,1.0,1410.0,1.0,1352.5,1.0,860.0,1.0
2023-04-27 21:16:35.75,1682601395750000000,1491.5,1491.5,1491.5,159.0,5.0,74575.0,1518.0,1.0,1518.5,10.0,1519.0,1.0,1520.0,1.0,1521.0,1.0,1458.5,1.0,1458.0,1.0,1410.0,1.0,1352.5,1.0,860.0,1.0
2023-04-27 21:16:36.0,1682601396000000000,1491.5,1491.5,1491.5,159.0,5.0,74575.0,1518.0,1.0,1519.0,1.0,1520.0,1.0,1521.0,1.0,1522.0,1.0,1458.5,1.0,1458.0,1.0,1410.0,1.0,1352.5,1.0,860.0,1.0
2023-04-27 21:16:36.25,1682601396250000000,1491.5,1491.5,1491.5,159.0,5.0,74575.0,1517.5,10.0,1518.0,1.0,1519.0,1.0,1520.0,1.0,1521.0,1.0,1458.5,1.0,1458.0,1.0,1410.0,1.0,1352.5,1.0,860.0,1.0
2023-04-27 21:16:36.75,1682601396750000000,1491.5,1491.5,1491.5,159.0,5.0,74575.0,1517.0,1.0,1517.5,10.0,1518.0,1.0,1519.0,1.0,1520.0,1.0,1458.5,1.0,1458.0,1.0,1410.0,1.0,1352.5,1.0,860.0,1.0
2023-04-27 21:16:37.0,1682601397000000000,1491.5,1491.5,1491.5,159.0,5.0,74575.0,1517.0,1.0,1518.0,1.0,1519.0,1.0,1520.0,1.0,1521.0,1.0,1458.5,1.0,1458.0,1.0,1410.0,1.0,1352.5,1.0,860.0,1.0
2023-04-27 21:16:37.25,1682601397250000000,1491.5,1491.5,1491.5,159.0,5.0,74575.0,1516.5,10.0,1517.0,1.0,1518.0,1.0,1519.0,1.0,1520.0,1.0,1458.5,1.0,1458.0,1.0,1410.0,1.0,1352.5,1.0,860.0,1.0
2023-04-27 21:16:37.75,1682601397750000000,1491.5,1491.5,1491.5,159.0,5.0,74575.0,1516.0,1.0,1516.5,10.0,1517.0,1.0,1518.0,1.0,1519.0,1.0,1458.5,1.0,1458.0,1.0,1410.0,1.0,1352.5,1.0,860.0,1.0
2023-04-27 21:16:38.0,1682601398000000000,1491.5,1491.5,1491.5,159.0,5.0,74575.0,1516.0,1.0,1517.0,1.0,1518.0,1.0,1519.0,1.0,1520.0,1.0,1458.5,1.0,1458.0,1.0,1410.0,1.0,1352.5,1.0,860.0,1.0
2023-04-27 21:16:38.25,1682601398250000000,1491.5,1491.5,1491.5,159.0,5.0,74575.0,1515.5,10.0,1516.0,1.0,1517.0,1.0,1518.0,1.0,1519.0,1.0,1458.5,1.0,1458.0,1.0,1410.0,1.0,1352.5,1.0,860.0,1.0
2023-04-27 21:16:38.75,1682601398750000000,1491.5,1491.5,1491.5,159.0,5.0,74575.0,1515.0,1.0,1515.5,10.0,1516.0,1.0,1517.0,1.0,1518.0,1.0,1458.5,1.0,1458.0,1.0,1410.0,1.0,1352.5,1.0,860.0,1.0
2023-04-27 21:16:39.0,1682601399000000000,1491.5,1491.5,1491.5,159.0,5.0,74575.0,1515.0,1.0,1516.0,1.0,1517.0,1.0,1518.0,1.0,1519.0,1.0,1458.5,1.0,1458.0,1.0,1410.0,1.0,1352.5,1.0,860.0,1.0
2023-04-27 21:16:39.25,1682601399250000000,1491.5,1491.5,1491.5,159.0,5.0,74575.0,1514.5,10.0,1515.0,1.0,1516.0,1.0,1517.0,1.0,1518.0,1.0,1458.5,1.0,1458.0,1.0,1410.0,1.0,1352.5,1.0,860.0,1.0
2023-04-27 21:16:39.75,1682601399750000000,1491.5,1491.5,1491.5,159.0,5.0,74575.0,1514.0,1.0,1514.5,10.0,1515.0,1.0,1516.0,1.0,1517.0,1.0,1458.5,1.0,1458.0,1.0,1410.0,1.0,1352.5,1.0,860.0,1.0
2023-04-27 21:16:40.0,1682601400000000000,1491.5,1491.5,1491.5,159.0,5.0,74575.0,1514.0,1.0,1515.0,1.0,1516.0,1.0,1517.0,1.0,1518.0,1.0,1458.5,1.0,1458.0,1.0,1410.0,1.0,1352.5,1.0,860.0,1.0
2023-04-27 21:16:40.25,1682601400250000000,1491.5,1491.5,1491.5,159.0,5.0,74575.0,1513.5,10.0,1514.0,1.0,1515.0,1.0,1516.0,1.0,1517.0,1.0,1458.5,1.0,1458.0,1.0,1410.0,1.0,1352.5,1.0,860.0,1.0
2023-04-27 21:16:40.75,1682601400750000000,1491.5,1491.5,1491.5,159.0,5.0,74575.0,1513.0,1.0,1513.5,10.0,1514.0,1.0,1515.0,1.0,1516.0,1.0,1458.5,1.0,1458.0,1.0,1410.0,1.0,1352.5,1.0,860.0,1.0
2023-04-27 21:16:41.0,1682601401000000000,1491.5,1491.5,1491.5,159.0,5.0,74575.0,1513.0,1.0,1514.0,1.0,1515.0,1.0,1516.0,1.0,1517.0,1.0,1458.5,1.0,1458.0,1.0,1410.0,1.0,1352.5,1.0,860.0,1.0
2023-04-27 21:16:41.25,1682601401250000000,1491.5,1491.5,1491.5,159.0,5.0,74575.0,1512.5,10.0,1513.0,1.0,1514.0,1.0,1515.0,1.0,1516.0,1.0,1458.5,1.0,1458.0,1.0,1410.0,1.0,1352.5,1.0,860.0,1.0
2023-04-27 21:16:41.75,1682601401750000000,1491.5,1491.5,1491.5,159.0,5.0,74575.0,1512.0,1.0,1512.5,10.0,1513.0,1.0,1514.0,1.0,1515.0,1.0,1458.5,1.0,1458.0,1.0,1410.0,1.0,1352.5,1.0,860.0,1.0
2023-04-27 21:16:42.0,1682601402000000000,1491.5,1491.5,1491.5,159.0,5.0,74575.0,1512.0,1.0,1513.0,1.0,1514.0,1.0,1515.0,1.0,1516.0,1.0,1458.5,1.0,1458.0,1.0,1410.0,1.0,1352.5,1.0,860.0,1.0
2023-04-27 21:16:42.25,1682601402250000000,1491.5,1491.5,1491.5,159.0,5.0,74575.0,1511.5,10.0,1512.0,1.0,1513.0,1.0,1514.0,1.0,1515.0,1.0,1458.5,1.0,1458.0,1.0,1410.0,1.0,1352.5,1.0,860.0,1.0
2023-04-27 21:16:42.75,1682601402750000000,1491.5,1491.5,1491.5,159.0,5.0,74575.0,1511.0,1.0,1511.5,10.0,1512.0,1.0,1513.0,1.0,1514.0,1.0,1458.5,1.0,1458.0,1.0,1410.0,1.0,1352.5,1.0,860.0,1.0
2023-04-27 21:16:43.0,1682601403000000000,1491.5,1491.5,1491.5,159.0,5.0,74575.0,1511.0,1.0,1512.0,1.0,1513.0,1.0,1514.0,1.0,1515.0,1.0,1458.5,1.0,1458.0,1.0,1410.0,1.0,1352.5,1.0,860.0,1.0
2023-04-27 21:16:43.25,1682601403250000000,1491.5,1491.5,1491.5,159.0,5.0,74575.0,1510.5,10.0,1511.0,1.0,1512.0,1.0,1513.0,1.0,1514.0,1.0,1458.5,1.0,1458.0,1.0,1410.0,1.0,1352.5,1.0,860.0,1.0
2023-04-27 21:16:43.75,1682601403750000000,1491.5,1491.5,1491.5,159.0,5.0,74575.0,1510.0,1.0,1510.5,10.0,1511.0,1.0,1512.0,1.0,1513.0,1.0,1458.5,1.0,1458.0,1.0,1410.0,1.0,1352.5,1.0,860.0,1.0
2023-04-27 21:16:44.0,1682601404000000000,1491.5,1491.5,1491.5,159.0,5.0,74575.0,1510.0,1.0,1511.0,1.0,1512.0,1.0,1513.0,1.0,1514.0,1.0,1458.5,1.0,1458.0,1.0,1410.0,1.0,1352.5,1.0,860.0,1.0
2023-04-27 21:16:44.25,1682601404250000000,1491.5,1491.5,1491.5,159.0,5.0,74575.0,1509.5,10.0,1510.0,1.0,1511.0,1.0,1512.0,1.0,1513.0,1.0,1458.5,1.0,1458.0,1.0,1410.0,1.0,1352.5,1.0,860.0,1.0
2023-04-27 21:16:44.75,1682601404750000000,1491.5,1491.5,1491.5,159.0,5.0,74575.0,1509.0,1.0,1509.5,10.0,1510.0,1.0,1511.0,1.0,1512.0,1.0,1458.5,1.0,1458.0,1.0,1410.0,1.0,1352.5,1.0,860.0,1.0
2023-04-27 21:16:45.0,1682601405000000000,1491.5,1491.5,1491.5,159.0,5.0,74575.0,1509.0,1.0,1510.0,1.0,1511.0,1.0,1512.0,1.0,1513.0,1.0,1458.5,1.0,1458.0,1.0,1410.0,1.0,1352.5,1.0,860.0,1.0
2023-04-27 21:16:45.25,1682601405250000000,1491.5,1491.5,1491.5,159.0,5.0,74575.0,1508.5,10.0,1509.0,1.0,1510.0,1.0,1511.0,1.0,1512.0,1.0,1458.5,1.0,1458.0,1.0,1410.0,1.0,1352.5,1.0,860.0,1.0
2023-04-27 21:16:52.75,1682601412750000000,1491.5,1491.5,1491.5,159.0,5.0,74575.0,1508.0,1.0,1508.5,10.0,1509.0,1.0,1510.0,1.0,1511.0,1.0,1458.5,1.0,1458.0,1.0,1410.0,1.0,1352.5,1.0,860.0,1.0
2023-04-27 21:16:53.0,1682601413000000000,1491.5,1491.5,1491.5,159.0,5.0,74575.0,1508.0,1.0,1509.0,1.0,1510.0,1.0,1511.0,1.0,1512.0,1.0,1458.5,1.0,1458.0,1.0,1410.0,1.0,1352.5,1.0,860.0,1.0
2023-04-27 21:16:53.25,1682601413250000000,1491.5,1491.5,1491.5,159.0,5.0,74575.0,1507.5,10.0,1508.0,1.0,1509.0,1.0,1510.0,1.0,1511.0,1.0,1458.5,1.0,1458.0,1.0,1410.0,1.0,1352.5,1.0,860.0,1.0
2023-04-27 21:16:53.75,1682601413750000000,1491.5,1491.5,1491.5,159.0,5.0,74575.0,1507.0,1.0,1507.5,10.0,1508.0,1.0,1509.0,1.0,1510.0,1.0,1458.5,1.0,1458.0,1.0,1410.0,1.0,1352.5,1.0,860.0,1.0
2023-04-27 21:16:54.0,1682601414000000000,1491.5,1491.5,1491.5,159.0,5.0,74575.0,1507.0,1.0,1508.0,1.0,1509.0,1.0,1510.0,1.0,1511.0,1.0,1458.5,1.0,1458.0,1.0,1410.0,1.0,1352.5,1.0,860.0,1.0
2023-04-27 21:16:54.25,1682601414250000000,1491.5,1491.5,1491.5,159.0,5.0,74575.0,1491.5,5.0,1506.5,10.0,1507.0,1.0,1508.0,1.0,1509.0,1.0,1458.5,1.0,1458.0,1.0,1410.0,1.0,1352.5,1.0,860.0,1.0
2023-04-27 21:16:54.5,1682601414500000000,1491.5,1491.5,1491.5,159.0,5.0,74575.0,1491.5,5.0,1507.0,1.0,1508.0,1.0,1509.0,1.0,1510.0,1.0,1458.5,1.0,1458.0,1.0,1410.0,1.0,1352.5,1.0,860.0,1.0
2023-04-27 21:17:00.5,1682601420500000000,1491.5,1491.5,1491.5,159.0,5.0,74575.0,1490.0,5.0,1507.0,1.0,1508.0,1.0,1509.0,1.0,1510.0,1.0,1458.5,1.0,1458.0,1.0,1410.0,1.0,1352.5,1.0,860.0,1.0
2023-04-27 21:17:20.5,1682601440500000000,1491.5,1491.5,1491.5,159.0,5.0,74575.0,1488.5,5.0,1507.0,1.0,1508.0,1.0,1509.0,1.0,1510.0,1.0,1458.5,1.0,1458.0,1.0,1410.0,1.0,1352.5,1.0,860.0,1.0
2023-04-27 21:17:43.75,1682601463750000000,1491.5,1491.5,1491.5,159.0,5.0,74575.0,1487.0,5.0,1507.0,1.0,1508.0,1.0,1509.0,1.0,1510.0,1.0,1458.5,1.0,1458.0,1.0,1410.0,1.0,1352.5,1.0,860.0,1.0
2023-04-27 21:17:56.25,1682601476250000000,1491.5,1491.5,1491.5,159.0,5.0,74575.0,1485.0,5.0,1507.0,1.0,1508.0,1.0,1509.0,1.0,1510.0,1.0,1458.5,1.0,1458.0,1.0,1410.0,1.0,1352.5,1.0,860.0,1.0
2023-04-27 21:17:56.5,1682601476500000000,1491.5,1491.5,1491.5,159.0,5.0,74575.0,1482.5,5.0,1507.0,1.0,1508.0,1.0,1509.0,1.0,1510.0,1.0,1458.5,1.0,1458.0,1.0,1410.0,1.0,1352.5,1.0,860.0,1.0
2023-04-27 21:17:58.25,1682601478250000000,1491.5,1491.5,1491.5,159.0,5.0,74575.0,1484.0,5.0,1507.0,1.0,1508.0,1.0,1509.0,1.0,1510.0,1.0,1458.5,1.0,1458.0,1.0,1410.0,1.0,1352.5,1.0,860.0,1.0
2023-04-27 21:18:13.25,1682601493250000000,1491.5,1491.5,1491.5,159.0,5.0,74575.0,1482.5,5.0,1507.0,1.0,1508.0,1.0,1509.0,1.0,1510.0,1.0,1458.5,1.0,1458.0,1.0,1410.0,1.0,1352.5,1.0,860.0,1.0
2023-04-27 21:18:31.75,1682601511750000000,1491.5,1491.5,1491.5,159.0,5.0,74575.0,1484.0,5.0,1507.0,1.0,1508.0,1.0,1509.0,1.0,1510.0,1.0,1458.5,1.0,1458.0,1.0,1410.0,1.0,1352.5,1.0,860.0,1.0
2023-04-27 21:18:36.5,1682601516500000000,1491.5,1491.5,1491.5,159.0,5.0,74575.0,1485.5,5.0,1507.0,1.0,1508.0,1.0,1509.0,1.0,1510.0,1.0,1458.5,1.0,1458.0,1.0,1410.0,1.0,1352.5,1.0,860.0,1.0
2023-04-27 21:18:43.5,1682601523500000000,1491.5,1491.5,1491.5,159.0,5.0,74575.0,1484.0,5.0,1507.0,1.0,1508.0,1.0,1509.0,1.0,1510.0,1.0,1458.5,1.0,1458.0,1.0,1410.0,1.0,1352.5,1.0,860.0,1.0
2023-04-27 21:18:55.75,1682601535750000000,1491.5,1491.5,1491.5,159.0,5.0,74575.0,1487.0,5.0,1507.0,1.0,1508.0,1.0,1509.0,1.0,1510.0,1.0,1458.5,1.0,1458.0,1.0,1410.0,1.0,1352.5,1.0,860.0,1.0
2023-04-27 21:19:27.75,1682601567750000000,1491.5,1491.5,1491.5,159.0,5.0,74575.0,1488.5,5.0,1507.0,1.0,1508.0,1.0,1509.0,1.0,1510.0,1.0,1458.5,1.0,1458.0,1.0,1410.0,1.0,1352.5,1.0,860.0,1.0
2023-04-27 21:19:32.5,1682601572500000000,1491.5,1491.5,1491.5,159.0,5.0,74575.0,1487.0,5.0,1507.0,1.0,1508.0,1.0,1509.0,1.0,1510.0,1.0,1458.5,1.0,1458.0,1.0,1410.0,1.0,1352.5,1.0,860.0,1.0
2023-04-27 21:19:38.0,1682601578000000000,1491.5,1491.5,1491.5,159.0,5.0,74575.0,1488.5,5.0,1507.0,1.0,1508.0,1.0,1509.0,1.0,1510.0,1.0,1458.5,1.0,1458.0,1.0,1410.0,1.0,1352.5,1.0,860.0,1.0
2023-04-27 21:19:50.75,1682601590750000000,1491.5,1491.5,1491.5,159.0,5.0,74575.0,1490.5,5.0,1507.0,1.0,1508.0,1.0,1509.0,1.0,1510.0,1.0,1458.5,1.0,1458.0,1.0,1410.0,1.0,1352.5,1.0,860.0,1.0
2023-04-27 21:20:15.0,1682601615000000000,1491.5,1491.5,1491.5,159.0,5.0,74575.0,1489.0,5.0,1507.0,1.0,1508.0,1.0,1509.0,1.0,1510.0,1.0,1458.5,1.0,1458.0,1.0,1410.0,1.0,1352.5,1.0,860.0,1.0
2023-04-27 21:20:50.25,1682601650250000000,1491.5,1491.5,1491.5,159.0,5.0,74575.0,1487.5,5.0,1507.0,1.0,1508.0,1.0,1509.0,1.0,1510.0,1.0,1458.5,1.0,1458.0,1.0,1410.0,1.0,1352.5,1.0,860.0,1.0
2023-04-27 21:21:00.0,1682601660000000000,1491.5,1491.5,1491.5,159.0,5.0,74575.0,1489.0,5.0,1507.0,1.0,1508.0,1.0,1509.0,1.0,1510.0,1.0,1458.5,1.0,1458.0,1.0,1410.0,1.0,1352.5,1.0,860.0,1.0
2023-04-27 21:21:08.5,1682601668500000000,1491.5,1491.5,1491.5,159.0,5.0,74575.0,1487.5,5.0,1507.0,1.0,1508.0,1.0,1509.0,1.0,1510.0,1.0,1458.5,1.0,1458.0,1.0,1410.0,1.0,1352.5,1.0,860.0,1.0
2023-04-27 21:21:13.5,1682601673500000000,1491.5,1491.5,1491.5,159.0,5.0,74575.0,1486.0,5.0,1507.0,1.0,1508.0,1.0,1509.0,1.0,1510.0,1.0,1458.5,1.0,1458.0,1.0,1410.0,1.0,1352.5,1.0,860.0,1.0
2023-04-27 21:21:21.75,1682601681750000000,1491.5,1491.5,1491.5,159.0,5.0,74575.0,1484.5,5.0,1507.0,1.0,1508.0,1.0,1509.0,1.0,1510.0,1.0,1458.5,1.0,1458.0,1.0,1410.0,1.0,1352.5,1.0,860.0,1.0
2023-04-27 21:21:33.75,1682601693750000000,1491.5,1491.5,1491.5,159.0,5.0,74575.0,1483.0,5.0,1507.0,1.0,1508.0,1.0,1509.0,1.0,1510.0,1.0,1458.5,1.0,1458.0,1.0,1410.0,1.0,1352.5,1.0,860.0,1.0
2023-04-27 21:21:36.5,1682601696500000000,1491.5,1491.5,1491.5,159.0,5.0,74575.0,1484.5,5.0,1507.0,1.0,1508.0,1.0,1509.0,1.0,1510.0,1.0,1458.5,1.0,1458.0,1.0,1410.0,1.0,1352.5,1.0,860.0,1.0
2023-04-27 21:22:11.5,1682601731500000000,1491.5,1491.5,1491.5,159.0,5.0,74575.0,1486.0,5.0,1507.0,1.0,1508.0,1.0,1509.0,1.0,1510.0,1.0,1458.5,1.0,1458.0,1.0,1410.0,1.0,1352.5,1.0,860.0,1.0
2023-04-27 21:22:16.75,1682601736750000000,1491.5,1491.5,1491.5,159.0,5.0,74575.0,1487.5,5.0,1507.0,1.0,1508.0,1.0,1509.0,1.0,1510.0,1.0,1458.5,1.0,1458.0,1.0,1410.0,1.0,1352.5,1.0,860.0,1.0
2023-04-27 21:22:21.5,1682601741500000000,1491.5,1491.5,1491.5,159.0,5.0,74575.0,1486.0,5.0,1507.0,1.0,1508.0,1.0,1509.0,1.0,1510.0,1.0,1458.5,1.0,1458.0,1.0,1410.0,1.0,1352.5,1.0,860.0,1.0
2023-04-27 21:22:34.25,1682601754250000000,1491.5,1491.5,1491.5,159.0,5.0,74575.0,1487.5,5.0,1507.0,1.0,1508.0,1.0,1509.0,1.0,1510.0,1.0,1458.5,1.0,1458.0,1.0,1410.0,1.0,1352.5,1.0,860.0,1.0
2023-04-27 21:23:19.0,1682601799000000000,1491.5,1491.5,1491.5,159.0,5.0,74575.0,1486.0,5.0,1507.0,1.0,1508.0,1.0,1509.0,1.0,1510.0,1.0,1458.5,1.0,1458.0,1.0,1410.0,1.0,1352.5,1.0,860.0,1.0
2023-04-27 21:23:50.5,1682601830500000000,1491.5,1491.5,1491.5,159.0,5.0,74575.0,1484.5,5.0,1507.0,1.0,1508.0,1.0,1509.0,1.0,1510.0,1.0,1458.5,1.0,1458.0,1.0,1410.0,1.0,1352.5,1.0,860.0,1.0
2023-04-27 21:24:01.25,1682601841250000000,1491.5,1491.5,1491.5,159.0,5.0,74575.0,1482.5,5.0,1507.0,1.0,1508.0,1.0,1509.0,1.0,1510.0,1.0,1458.5,1.0,1458.0,1.0,1410.0,1.0,1352.5,1.0,860.0,1.0
2023-04-27 21:24:02.75,1682601842750000000,1491.5,1491.5,1491.5,159.0,5.0,74575.0,1481.0,5.0,1507.0,1.0,1508.0,1.0,1509.0,1.0,1510.0,1.0,1458.5,1.0,1458.0,1.0,1410.0,1.0,1352.5,1.0,860.0,1.0
2023-04-27 21:24:14.25,1682601854250000000,1491.5,1491.5,1491.5,159.0,5.0,74575.0,1482.5,5.0,1507.0,1.0,1508.0,1.0,1509.0,1.0,1510.0,1.0,1458.5,1.0,1458.0,1.0,1410.0,1.0,1352.5,1.0,860.0,1.0
2023-04-27 21:24:19.75,1682601859750000000,1491.5,1491.5,1491.5,159.0,5.0,74575.0,1481.0,5.0,1507.0,1.0,1508.0,1.0,1509.0,1.0,1510.0,1.0,1458.5,1.0,1458.0,1.0,1410.0,1.0,1352.5,1.0,860.0,1.0
2023-04-27 21:24:38.25,1682601878250000000,1491.5,1491.5,1491.5,159.0,5.0,74575.0,1482.5,5.0,1507.0,1.0,1508.0,1.0,1509.0,1.0,1510.0,1.0,1458.5,1.0,1458.0,1.0,1410.0,1.0,1352.5,1.0,860.0,1.0
2023-04-27 21:24:49.75,1682601889750000000,1491.5,1491.5,1491.5,159.0,5.0,74575.0,1480.0,5.0,1507.0,1.0,1508.0,1.0,1509.0,1.0,1510.0,1.0,1458.5,1.0,1458.0,1.0,1410.0,1.0,1352.5,1.0,860.0,1.0
2023-04-27 21:24:57.25,1682601897250000000,1491.5,1491.5,1491.5,159.0,5.0,74575.0,1478.5,5.0,1507.0,1.0,1508.0,1.0,1509.0,1.0,1510.0,1.0,1458.5,1.0,1458.0,1.0,1410.0,1.0,1352.5,1.0,860.0,1.0
2023-04-27 21:25:05.5,1682601905500000000,1491.5,1491.5,1491.5,159.0,5.0,74575.0,1480.0,5.0,1507.0,1.0,1508.0,1.0,1509.0,1.0,1510.0,1.0,1458.5,1.0,1458.0,1.0,1410.0,1.0,1352.5,1.0,860.0,1.0
2023-04-27 21:25:11.5,1682601911500000000,1491.5,1491.5,1491.5,159.0,5.0,74575.0,1481.5,5.0,1507.0,1.0,1508.0,1.0,1509.0,1.0,1510.0,1.0,1458.5,1.0,1458.0,1.0,1410.0,1.0,1352.5,1.0,860.0,1.0
2023-04-27 21:25:18.75,1682601918750000000,1491.5,1491.5,1491.5,159.0,5.0,74575.0,1483.5,5.0,1507.0,1.0,1508.0,1.0,1509.0,1.0,1510.0,1.0,1458.5,1.0,1458.0,1.0,1410.0,1.0,1352.5,1.0,860.0,1.0
2023-04-27 21:25:43.0,1682601943000000000,1491.5,1491.5,1491.5,159.0,5.0,74575.0,1482.0,5.0,1507.0,1.0,1508.0,1.0,1509.0,1.0,1510.0,1.0,1458.5,1.0,1458.0,1.0,1410.0,1.0,1352.5,1.0,860.0,1.0
2023-04-27 21:25:53.0,1682601953000000000,1491.5,1491.5,1491.5,159.0,5.0,74575.0,1483.5,5.0,1507.0,1.0,1508.0,1.0,1509.0,1.0,1510.0,1.0,1458.5,1.0,1458.0,1.0,1410.0,1.0,1352.5,1.0,860.0,1.0
2023-04-27 21:26:07.75,1682601967750000000,1491.5,1491.5,1491.5,159.0,5.0,74575.0,1482.0,5.0,1507.0,1.0,1508.0,1.0,1509.0,1.0,1510.0,1.0,1458.5,1.0,1458.0,1.0,1410.0,1.0,1352.5,1.0,860.0,1.0
2023-04-27 21:26:38.5,1682601998500000000,1491.5,1491.5,1491.5,159.0,5.0,74575.0,1480.0,5.0,1507.0,1.0,1508.0,1.0,1509.0,1.0,1510.0,1.0,1458.5,1.0,1458.0,1.0,1410.0,1.0,1352.5,1.0,860.0,1.0
2023-04-27 21:27:37.5,1682602057500000000,1491.5,1491.5,1491.5,159.0,5.0,74575.0,1481.5,5.0,1507.0,1.0,1508.0,1.0,1509.0,1.0,1510.0,1.0,1458.5,1.0,1458.0,1.0,1410.0,1.0,1352.5,1.0,860.0,1.0
2023-04-27 21:28:12.0,1682602092000000000,1491.5,1491.5,1491.5,159.0,5.0,74575.0,1483.0,5.0,1507.0,1.0,1508.0,1.0,1509.0,1.0,1510.0,1.0,1458.5,1.0,1458.0,1.0,1410.0,1.0,1352.5,1.0,860.0,1.0
2023-04-27 21:28:15.5,1682602095500000000,1491.5,1491.5,1491.5,159.0,5.0,74575.0,1484.5,5.0,1507.0,1.0,1508.0,1.0,1509.0,1.0,1510.0,1.0,1458.5,1.0,1458.0,1.0,1410.0,1.0,1352.5,1.0,860.0,1.0
2023-04-27 21:28:16.5,1682602096500000000,1491.5,1491.5,1491.5,159.0,5.0,74575.0,1486.0,5.0,1507.0,1.0,1508.0,1.0,1509.0,1.0,1510.0,1.0,1458.5,1.0,1458.0,1.0,1410.0,1.0,1352.5,1.0,860.0,1.0
2023-04-27 21:28:18.5,1682602098500000000,1491.5,1491.5,1491.5,159.0,5.0,74575.0,1487.5,5.0,1507.0,1.0,1508.0,1.0,1509.0,1.0,1510.0,1.0,1458.5,1.0,1458.0,1.0,1410.0,1.0,1352.5,1.0,860.0,1.0
2023-04-27 21:28:49.25,1682602129250000000,1491.5,1491.5,1491.5,159.0,5.0,74575.0,1486.0,5.0,1507.0,1.0,1508.0,1.0,1509.0,1.0,1510.0,1.0,1458.5,1.0,1458.0,1.0,1410.0,1.0,1352.5,1.0,860.0,1.0
2023-04-27 21:29:25.5,1682602165500000000,1491.5,1491.5,1491.5,159.0,5.0,74575.0,1487.5,5.0,1507.0,1.0,1508.0,1.0,1509.0,1.0,1510.0,1.0,1458.5,1.0,1458.0,1.0,1410.0,1.0,1352.5,1.0,860.0,1.0
2023-04-27 21:29:44.0,1682602184000000000,1491.5,1491.5,1491.5,159.0,5.0,74575.0,1486.0,5.0,1507.0,1.0,1508.0,1.0,1509.0,1.0,1510.0,1.0,1458.5,1.0,1458.0,1.0,1410.0,1.0,1352.5,1.0,860.0,1.0
2023-04-27 21:30:05.25,1682602205250000000,1491.5,1491.5,1491.5,159.0,5.0,74575.0,1487.5,5.0,1507.0,1.0,1508.0,1.0,1509.0,1.0,1510.0,1.0,1458.5,1.0,1458.0,1.0,1410.0,1.0,1352.5,1.0,860.0,1.0
2023-04-27 21:30:56.0,1682602256000000000,1491.5,1491.5,1491.5,159.0,5.0,74575.0,1486.0,5.0,1507.0,1.0,1508.0,1.0,1509.0,1.0,1510.0,1.0,1458.5,1.0,1458.0,1.0,1410.0,1.0,1352.5,1.0,860.0,1.0
2023-04-27 21:31:13.5,1682602273500000000,1491.5,1491.5,1491.5,159.0,5.0,74575.0,1484.5,5.0,1507.0,1.0,1508.0,1.0,1509.0,1.0,1510.0,1.0,1458.5,1.0,1458.0,1.0,1410.0,1.0,1352.5,1.0,860.0,1.0
2023-04-27 21:31:29.75,1682602289750000000,1491.5,1491.5,1491.5,159.0,5.0,74575.0,1486.0,5.0,1507.0,1.0,1508.0,1.0,1509.0,1.0,1510.0,1.0,1458.5,1.0,1458.0,1.0,1410.0,1.0,1352.5,1.0,860.0,1.0
2023-04-27 21:31:39.5,1682602299500000000,1491.5,1491.5,1491.5,159.0,5.0,74575.0,1487.5,5.0,1507.0,1.0,1508.0,1.0,1509.0,1.0,1510.0,1.0,1458.5,1.0,1458.0,1.0,1410.0,1.0,1352.5,1.0,860.0,1.0
2023-04-27 21:32:12.0,1682602332000000000,1491.5,1491.5,1491.5,159.0,5.0,74575.0,1491.5,5.0,1507.0,1.0,1508.0,1.0,1509.0,1.0,1510.0,1.0,1458.5,1.0,1458.0,1.0,1410.0,1.0,1352.5,1.0,860.0,1.0
2023-04-27 21:32:12.25,1682602332250000000,1491.5,1491.5,1491.5,159.0,5.0,74575.0,1507.0,1.0,1508.0,1.0,1509.0,1.0,1510.0,1.0,1511.0,1.0,1458.5,1.0,1458.0,1.0,1410.0,1.0,1352.5,1.0,860.0,1.0
2023-04-27 21:32:53.75,1682602373750000000,1491.5,1491.5,1491.5,159.0,5.0,74575.0,1493.5,5.0,1507.0,1.0,1508.0,1.0,1509.0,1.0,1510.0,1.0,1458.5,1.0,1458.0,1.0,1410.0,1.0,1352.5,1.0,860.0,1.0
2023-04-27 21:32:58.75,1682602378750000000,1491.5,1491.5,1491.5,159.0,5.0,74575.0,1495.0,5.0,1507.0,1.0,1508.0,1.0,1509.0,1.0,1510.0,1.0,1458.5,1.0,1458.0,1.0,1410.0,1.0,1352.5,1.0,860.0,1.0
