datetime,datetime_nano,highest,last_price,lowest,open_interest,volume,amount,ask_price1,ask_volume1,ask_price2,ask_volume2,ask_price3,ask_volume3,ask_price4,ask_volume4,ask_price5,ask_volume5,bid_price1,bid_volume1,bid_price2,bid_volume2,bid_price3,bid_volume3,bid_price4,bid_volume4,bid_price5,bid_volume5
2023-04-27 20:55:58.25,1682600158250000000,,,,1309.0,0.0,0.0,,0.0,,0.0,,0.0,,0.0,,0.0,,0.0,,0.0,,0.0,,0.0,,0.0
2023-04-27 20:59:00.0,1682600340000000000,,,,1309.0,0.0,0.0,,0.0,,0.0,,0.0,,0.0,,0.0,72.0,1.0,47.0,6.0,46.0,2.0,36.0,3.0,35.0,1.0
2023-04-27 21:00:00.25,1682600400250000000,,,,1309.0,0.0,0.0,232.0,2.0,795.0,10.0,,0.0,,0.0,,0.0,110.0,4.0,72.5,10.0,72.0,1.0,47.0,6.0,46.0,2.0
2023-04-27 21:00:00.75,1682600400750000000,,,,1309.0,0.0,0.0,232.0,2.0,795.0,10.0,,0.0,,0.0,,0.0,110.0,4.0,80.0,2.0,72.5,10.0,72.0,1.0,47.0,6.0
2023-04-27 21:00:01.5,1682600401500000000,,,,1309.0,0.0,0.0,231.5,10.0,232.0,2.0,,0.0,,0.0,,0.0,110.5,10.0,110.0,4.0,80.0,2.0,72.0,1.0,47.0,6.0
2023-04-27 21:00:02.25,1682600402250000000,,,,1309.0,0.0,0.0,231.5,10.0,232.0,2.0,,0.0,,0.0,,0.0,110.5,10.0,110.0,4.0,72.0,1.0,47.0,6.0,46.0,2.0
2023-04-27 21:00:03.25,1682600403250000000,,,,1309.0,0.0,0.0,228.5,10.0,231.5,10.0,232.0,2.0,,0.0,,0.0,113.5,10.0,110.5,10.0,110.0,4.0,72.0,1.0,47.0,6.0
2023-04-27 21:00:03.5,1682600403500000000,,,,1309.0,0.0,0.0,210.5,24.0,228.5,10.0,231.5,10.0,232.0,2.0,,0.0,113.5,10.0,111.0,2.0,110.5,10.0,110.0,4.0,72.0,1.0
2023-04-27 21:00:04.0,1682600404000000000,,,,1309.0,0.0,0.0,210.5,24.0,228.0,10.0,228.5,10.0,232.0,2.0,,0.0,114.0,10.0,113.5,10.0,111.0,2.0,110.0,4.0,72.0,1.0
2023-04-27 21:00:04.25,1682600404250000000,,,,1309.0,0.0,0.0,210.5,24.0,228.0,10.0,232.0,2.0,,0.0,,0.0,114.0,10.0,111.0,2.0,110.0,4.0,72.0,1.0,47.0,6.0
2023-04-27 21:00:04.5,1682600404500000000,,,,1309.0,0.0,0.0,210.0,10.0,210.5,24.0,232.0,2.0,,0.0,,0.0,147.5,24.0,114.5,10.0,114.0,10.0,111.0,2.0,110.0,4.0
2023-04-27 21:00:04.75,1682600404750000000,,,,1309.0,0.0,0.0,210.5,24.0,222.5,10.0,232.0,2.0,,0.0,,0.0,147.5,24.0,117.0,10.0,114.5,10.0,114.0,10.0,111.0,2.0
2023-04-27 21:00:05.0,1682600405000000000,,,,1309.0,0.0,0.0,210.0,10.0,210.5,24.0,232.0,2.0,,0.0,,0.0,147.5,24.0,117.0,10.0,111.5,10.0,111.0,2.0,110.0,4.0
2023-04-27 21:00:05.25,1682600405250000000,,,,1309.0,0.0,0.0,210.5,24.0,224.5,10.0,232.0,2.0,,0.0,,0.0,148.0,20.0,147.5,24.0,110.0,4.0,72.0,1.0,47.0,6.0
2023-04-27 21:00:05.5,1682600405500000000,,,,1309.0,0.0,0.0,210.5,24.0,224.5,10.0,232.0,2.0,,0.0,,0.0,150.5,10.0,148.0,20.0,147.5,24.0,110.0,4.0,72.0,1.0
2023-04-27 21:00:05.75,1682600405750000000,,,,1309.0,0.0,0.0,210.5,24.0,226.0,10.0,232.0,2.0,,0.0,,0.0,171.0,24.0,148.5,10.0,110.0,4.0,72.0,1.0,47.0,6.0
2023-04-27 21:00:06.0,1682600406000000000,,,,1309.0,0.0,0.0,210.5,24.0,226.5,10.0,232.0,2.0,,0.0,,0.0,171.0,24.0,169.0,10.0,153.5,10.0,110.0,4.0,72.0,1.0
2023-04-27 21:00:06.75,1682600406750000000,,,,1309.0,0.0,0.0,210.5,24.0,226.5,10.0,232.0,2.0,,0.0,,0.0,174.0,10.0,171.0,24.0,169.0,10.0,110.0,4.0,72.0,1.0
2023-04-27 21:00:08.75,1682600408750000000,,,,1309.0,0.0,0.0,210.5,24.0,211.0,10.0,232.0,2.0,,0.0,,0.0,174.5,10.0,174.0,10.0,171.0,24.0,110.0,4.0,72.0,1.0
2023-04-27 21:00:09.0,1682600409000000000,,,,1309.0,0.0,0.0,209.0,10.0,210.5,24.0,211.0,20.0,232.0,2.0,,0.0,196.5,10.0,177.5,10.0,174.5,10.0,171.0,24.0,110.0,4.0
2023-04-27 21:00:09.25,1682600409250000000,196.5,196.5,196.5,1319.0,10.0,19650.0,209.0,10.0,210.5,24.0,229.5,10.0,232.0,2.0,,0.0,177.5,10.0,171.5,10.0,171.0,24.0,110.0,4.0,72.0,1.0
2023-04-27 21:00:10.0,1682600410000000000,196.5,196.5,196.5,1319.0,10.0,19650.0,177.5,11.0,209.0,10.0,210.5,24.0,229.5,10.0,232.0,2.0,174.5,10.0,171.5,10.0,171.0,24.0,110.0,4.0,72.0,1.0
2023-04-27 21:00:10.25,1682600410250000000,196.5,177.5,177.5,1308.0,21.0,39175.0,209.0,10.0,229.5,10.0,232.0,2.0,,0.0,,0.0,174.5,10.0,171.5,10.0,110.0,4.0,72.0,1.0,47.0,6.0
2023-04-27 21:00:10.5,1682600410500000000,196.5,177.5,177.5,1308.0,21.0,39175.0,209.0,10.0,229.5,10.0,232.0,2.0,,0.0,,0.0,183.0,79.0,174.5,10.0,171.5,10.0,110.0,4.0,72.0,1.0
2023-04-27 21:00:11.5,1682600411500000000,196.5,177.5,177.5,1308.0,21.0,39175.0,209.0,10.0,211.0,16.0,229.5,10.0,232.0,2.0,,0.0,183.0,79.0,176.5,16.0,174.5,10.0,171.5,10.0,110.0,4.0
2023-04-27 21:00:11.75,1682600411750000000,196.5,177.5,177.5,1308.0,21.0,39175.0,209.0,10.0,211.0,16.0,229.5,10.0,232.0,2.0,,0.0,183.0,79.0,178.0,10.0,176.5,16.0,171.5,10.0,110.0,4.0
2023-04-27 21:00:12.75,1682600412750000000,196.5,177.5,177.5,1308.0,21.0,39175.0,210.0,10.0,211.0,16.0,229.5,10.0,232.0,2.0,,0.0,183.0,79.0,178.0,10.0,176.5,16.0,171.5,10.0,110.0,4.0
2023-04-27 21:00:15.5,1682600415500000000,196.5,177.5,177.5,1308.0,21.0,39175.0,210.5,10.0,211.0,16.0,229.5,10.0,232.0,2.0,,0.0,183.0,79.0,178.0,10.0,176.5,16.0,171.5,10.0,110.0,4.0
2023-04-27 21:00:16.25,1682600416250000000,196.5,177.5,177.5,1308.0,21.0,39175.0,211.0,16.0,226.5,10.0,229.5,10.0,232.0,2.0,,0.0,183.0,79.0,178.0,10.0,176.5,16.0,171.5,10.0,110.0,4.0
2023-04-27 21:00:17.75,1682600417750000000,196.5,177.5,177.5,1308.0,21.0,39175.0,211.0,16.0,226.5,10.0,229.5,10.0,232.0,2.0,,0.0,184.0,1.0,183.0,79.0,178.0,10.0,176.5,16.0,171.5,10.0
2023-04-27 21:00:18.0,1682600418000000000,196.5,177.5,177.5,1308.0,21.0,39175.0,211.0,16.0,226.5,10.0,232.0,2.0,233.0,10.0,,0.0,184.0,1.0,183.0,79.0,178.0,10.0,177.0,10.0,176.5,16.0
2023-04-27 21:00:21.25,1682600421250000000,196.5,177.5,177.5,1308.0,21.0,39175.0,211.0,16.0,226.5,10.0,233.0,10.0,,0.0,,0.0,184.0,1.0,183.0,79.0,178.0,10.0,177.0,10.0,176.5,16.0
2023-04-27 21:00:21.5,1682600421500000000,196.5,177.5,177.5,1308.0,21.0,39175.0,210.0,10.0,211.0,16.0,233.0,10.0,,0.0,,0.0,185.5,1.0,184.0,1.0,183.0,79.0,178.0,10.0,177.0,10.0
2023-04-27 21:00:24.0,1682600424000000000,196.5,177.5,177.5,1308.0,21.0,39175.0,210.0,10.0,211.0,26.0,233.0,10.0,,0.0,,0.0,196.5,10.0,185.5,1.0,184.0,1.0,183.0,79.0,178.0,10.0
2023-04-27 21:00:24.25,1682600424250000000,196.5,196.5,177.5,1318.0,31.0,58825.0,210.0,10.0,211.0,16.0,233.0,10.0,,0.0,,0.0,185.5,1.0,184.0,1.0,183.0,79.0,178.0,10.0,177.0,10.0
2023-04-27 21:00:24.5,1682600424500000000,196.5,196.5,177.5,1318.0,31.0,58825.0,197.0,10.0,210.0,10.0,211.0,16.0,233.0,10.0,,0.0,195.0,10.0,185.5,1.0,184.0,1.0,183.0,79.0,178.0,10.0
2023-04-27 21:00:25.0,1682600425000000000,196.5,196.5,177.5,1318.0,31.0,58825.0,197.0,10.0,210.0,10.0,211.0,16.0,233.0,10.0,,0.0,195.0,10.0,187.5,1.0,185.5,1.0,184.0,1.0,183.0,79.0
2023-04-27 21:00:26.75,1682600426750000000,196.5,195.0,177.5,1328.0,41.0,78325.0,195.5,10.0,210.0,10.0,211.0,16.0,233.0,10.0,,0.0,193.5,10.0,187.5,1.0,185.5,1.0,184.0,1.0,183.0,79.0
2023-04-27 21:00:27.5,1682600427500000000,196.5,195.0,177.5,1328.0,41.0,78325.0,195.5,10.0,210.5,10.0,211.0,16.0,233.0,10.0,,0.0,193.5,10.0,187.5,1.0,185.5,1.0,184.0,1.0,183.0,79.0
2023-04-27 21:00:28.25,1682600428250000000,196.5,195.0,177.5,1328.0,41.0,78325.0,210.5,10.0,211.0,16.0,233.0,10.0,,0.0,,0.0,187.5,1.0,185.5,1.0,184.0,1.0,183.0,79.0,178.0,10.0
2023-04-27 21:00:29.0,1682600429000000000,196.5,195.0,177.5,1328.0,41.0,78325.0,211.0,26.0,233.0,10.0,,0.0,,0.0,,0.0,187.5,1.0,185.5,1.0,184.0,1.0,183.0,79.0,178.0,10.0
2023-04-27 21:00:29.5,1682600429500000000,196.5,195.0,177.5,1328.0,41.0,78325.0,211.0,16.0,230.0,10.0,233.0,10.0,,0.0,,0.0,187.5,1.0,185.5,1.0,184.0,1.0,183.0,79.0,178.0,10.0
2023-04-27 21:00:31.75,1682600431750000000,196.5,195.0,177.5,1328.0,41.0,78325.0,211.0,16.0,230.0,10.0,233.0,10.0,,0.0,,0.0,190.0,1.0,187.5,1.0,185.5,1.0,184.0,1.0,183.0,79.0
2023-04-27 21:00:39.75,1682600439750000000,196.5,195.0,177.5,1328.0,41.0,78325.0,211.0,16.0,230.0,10.0,233.0,10.0,,0.0,,0.0,190.0,1.0,187.5,1.0,185.5,2.0,184.0,1.0,183.0,79.0
2023-04-27 21:00:40.0,1682600440000000000,196.5,195.0,177.5,1328.0,41.0,78325.0,211.0,16.0,230.0,10.0,233.0,10.0,,0.0,,0.0,190.0,1.0,187.5,1.0,185.5,2.0,184.5,10.0,184.0,1.0
2023-04-27 21:00:40.75,1682600440750000000,196.5,195.0,177.5,1328.0,41.0,78325.0,211.0,16.0,230.0,10.0,233.0,10.0,,0.0,,0.0,190.0,1.0,187.5,1.0,185.5,2.0,184.0,11.0,183.0,79.0
2023-04-27 21:00:41.0,1682600441000000000,196.5,195.0,177.5,1328.0,41.0,78325.0,211.0,16.0,230.0,10.0,233.0,10.0,,0.0,,0.0,200.0,1.0,190.0,1.0,187.5,1.0,185.5,2.0,184.0,1.0
2023-04-27 21:00:41.25,1682600441250000000,200.0,200.0,177.5,1329.0,42.0,80325.0,211.0,16.0,230.0,10.0,233.0,10.0,,0.0,,0.0,190.0,1.0,187.5,1.0,185.5,2.0,184.0,1.0,183.0,89.0
2023-04-27 21:00:43.25,1682600443250000000,211.0,211.0,177.5,1330.0,43.0,82435.0,209.0,79.0,211.0,15.0,230.0,10.0,233.0,10.0,,0.0,190.0,1.0,187.5,1.0,185.5,2.0,184.0,1.0,183.0,89.0
2023-04-27 21:00:57.0,1682600457000000000,211.0,211.0,177.5,1330.0,43.0,82435.0,207.5,30.0,209.0,79.0,211.0,15.0,230.0,10.0,233.0,10.0,190.0,1.0,187.5,1.0,185.5,2.0,184.0,1.0,183.0,89.0
2023-04-27 21:00:57.25,1682600457250000000,211.0,211.0,177.5,1330.0,43.0,82435.0,207.5,30.0,209.0,79.0,211.0,15.0,230.0,10.0,233.0,10.0,190.0,1.0,187.5,1.0,185.5,2.0,184.5,10.0,184.0,1.0
2023-04-27 21:00:57.5,1682600457500000000,211.0,211.0,177.5,1330.0,43.0,82435.0,207.5,30.0,209.0,79.0,211.0,15.0,230.0,10.0,233.0,10.0,190.0,1.0,187.5,1.0,185.5,2.0,184.0,1.0,183.0,79.0
2023-04-27 21:00:57.75,1682600457750000000,211.0,211.0,177.5,1330.0,43.0,82435.0,207.5,30.0,209.0,79.0,211.0,15.0,230.0,10.0,233.0,10.0,190.0,1.0,187.5,1.0,185.5,2.0,184.0,1.0,183.5,10.0
2023-04-27 21:00:58.5,1682600458500000000,211.0,211.0,177.5,1330.0,43.0,82435.0,207.5,30.0,209.0,79.0,211.0,15.0,230.0,10.0,233.0,10.0,190.0,1.0,187.5,1.0,185.5,2.0,184.0,1.0,183.0,79.0
2023-04-27 21:00:58.75,1682600458750000000,211.0,211.0,177.5,1330.0,43.0,82435.0,207.5,30.0,209.0,79.0,211.0,15.0,230.0,10.0,233.0,10.0,190.0,1.0,187.5,1.0,185.5,2.0,184.0,1.0,183.5,10.0
2023-04-27 21:00:59.5,1682600459500000000,211.0,211.0,177.5,1330.0,43.0,82435.0,207.5,30.0,209.0,79.0,211.0,15.0,230.0,10.0,233.0,10.0,190.0,1.0,187.5,1.0,185.5,2.0,184.0,1.0,183.0,79.0
2023-04-27 21:00:59.75,1682600459750000000,211.0,211.0,177.5,1330.0,43.0,82435.0,207.5,30.0,209.0,79.0,211.0,15.0,230.0,10.0,233.0,10.0,190.0,1.0,187.5,1.0,185.5,2.0,184.0,1.0,183.0,89.0
2023-04-27 21:01:00.25,1682600460250000000,211.0,211.0,177.5,1330.0,43.0,82435.0,207.5,30.0,209.0,79.0,211.0,15.0,230.0,10.0,233.0,10.0,190.0,1.0,187.5,1.0,185.5,2.0,184.0,1.0,183.0,79.0
2023-04-27 21:01:04.25,1682600464250000000,211.0,211.0,177.5,1330.0,43.0,82435.0,207.5,30.0,208.0,9.0,209.0,79.0,211.0,15.0,230.0,10.0,190.0,1.0,187.5,1.0,185.5,2.0,184.0,1.0,183.0,79.0
2023-04-27 21:01:04.5,1682600464500000000,211.0,211.0,177.5,1330.0,43.0,82435.0,207.5,30.0,208.0,9.0,209.0,79.0,211.0,25.0,233.0,10.0,190.0,1.0,187.5,1.0,185.5,2.0,184.0,1.0,183.0,79.0
2023-04-27 21:01:06.5,1682600466500000000,211.0,211.0,177.5,1330.0,43.0,82435.0,207.5,30.0,208.0,9.0,209.0,79.0,211.0,25.0,229.5,10.0,190.0,1.0,187.5,1.0,185.5,2.0,184.0,1.0,183.0,79.0
2023-04-27 21:01:08.0,1682600468000000000,211.0,211.0,177.5,1330.0,43.0,82435.0,207.5,30.0,208.0,19.0,209.0,79.0,211.0,25.0,229.5,10.0,197.0,10.0,190.0,1.0,187.5,1.0,185.5,2.0,184.0,1.0
2023-04-27 21:01:08.25,1682600468250000000,211.0,197.0,177.5,1340.0,53.0,102135.0,197.5,10.0,207.5,30.0,208.0,9.0,209.0,79.0,211.0,15.0,195.5,10.0,190.0,1.0,187.5,1.0,185.5,2.0,184.0,1.0
2023-04-27 21:01:09.5,1682600469500000000,211.0,197.0,177.5,1340.0,53.0,102135.0,207.5,30.0,208.0,9.0,209.0,79.0,211.0,15.0,212.5,10.0,190.0,1.0,187.5,1.0,185.5,2.0,184.0,1.0,183.0,79.0
2023-04-27 21:01:09.75,1682600469750000000,211.0,197.0,177.5,1340.0,53.0,102135.0,207.5,30.0,208.0,9.0,209.0,79.0,211.0,25.0,236.5,10.0,190.0,1.0,187.5,1.0,185.5,2.0,184.0,1.0,183.0,79.0
2023-04-27 21:01:10.0,1682600470000000000,211.0,197.0,177.5,1340.0,53.0,102135.0,207.5,30.0,208.0,9.0,209.0,79.0,211.0,15.0,233.5,10.0,190.0,1.0,187.5,1.0,185.5,2.0,184.0,1.0,183.0,79.0
2023-04-27 21:01:12.0,1682600472000000000,211.0,197.0,177.5,1340.0,53.0,102135.0,207.5,30.0,208.0,9.0,209.0,79.0,211.0,15.0,233.5,10.0,190.0,1.0,187.5,1.0,185.5,2.0,184.0,1.0,183.0,89.0
2023-04-27 21:01:16.75,1682600476750000000,211.0,190.0,177.5,1341.0,54.0,104035.0,190.0,19.0,207.5,30.0,208.0,9.0,209.0,79.0,211.0,15.0,187.5,1.0,185.5,2.0,184.0,1.0,183.0,89.0,176.5,16.0
2023-04-27 21:01:17.0,1682600477000000000,211.0,190.0,177.5,1360.0,73.0,140135.0,207.5,30.0,208.0,9.0,209.0,79.0,211.0,15.0,233.5,10.0,187.5,1.0,187.0,9.0,185.5,2.0,184.5,10.0,184.0,1.0
2023-04-27 21:01:17.25,1682600477250000000,211.0,190.0,177.5,1360.0,73.0,140135.0,207.5,30.0,208.0,9.0,209.0,79.0,211.0,15.0,233.5,10.0,193.0,79.0,190.0,38.0,187.5,1.0,187.0,9.0,185.5,2.0
2023-04-27 21:01:19.25,1682600479250000000,211.0,193.0,177.5,1380.0,93.0,178735.0,207.5,30.0,208.0,9.0,209.0,79.0,211.0,15.0,233.5,10.0,193.0,59.0,190.0,38.0,187.5,1.0,187.0,9.0,185.5,2.0
2023-04-27 21:01:24.75,1682600484750000000,211.0,193.0,177.5,1380.0,93.0,178735.0,207.5,30.0,208.0,9.0,209.0,79.0,211.0,15.0,233.5,10.0,193.0,59.0,190.0,38.0,187.5,2.0,187.0,9.0,185.5,2.0
2023-04-27 21:01:26.5,1682600486500000000,211.0,193.0,177.5,1380.0,93.0,178735.0,207.5,30.0,208.0,9.0,209.0,79.0,211.0,15.0,233.5,10.0,193.0,59.0,190.0,38.0,187.5,1.0,187.0,9.0,185.5,1.0
2023-04-27 21:01:30.75,1682600490750000000,211.0,193.0,177.5,1380.0,93.0,178735.0,207.5,30.0,208.0,9.0,209.0,79.0,211.0,15.0,233.5,10.0,193.0,59.0,190.0,38.0,187.5,1.0,187.0,9.0,185.5,11.0
2023-04-27 21:01:34.25,1682600494250000000,211.0,207.5,177.5,1390.0,103.0,199485.0,207.5,20.0,208.0,19.0,209.0,79.0,211.0,15.0,233.5,10.0,206.0,10.0,193.0,59.0,190.0,38.0,187.5,1.0,187.0,9.0
2023-04-27 21:01:34.5,1682600494500000000,211.0,206.0,177.5,1390.0,113.0,220085.0,207.5,44.0,208.0,9.0,211.0,15.0,233.5,10.0,251.5,10.0,193.0,59.0,190.0,38.0,187.5,1.0,187.0,9.0,185.5,11.0
2023-04-27 21:01:34.75,1682600494750000000,211.0,206.0,177.5,1390.0,113.0,220085.0,205.5,79.0,207.5,44.0,208.0,9.0,211.0,15.0,233.5,10.0,193.0,59.0,190.0,38.0,187.5,1.0,187.0,9.0,185.5,11.0
2023-04-27 21:01:42.75,1682600502750000000,211.0,206.0,177.5,1390.0,113.0,220085.0,207.5,44.0,208.0,9.0,211.0,15.0,233.5,10.0,251.5,10.0,193.0,59.0,190.0,38.0,187.5,1.0,187.0,9.0,185.5,11.0
2023-04-27 21:01:43.0,1682600503000000000,211.0,206.0,177.5,1390.0,113.0,220085.0,207.5,44.0,208.0,9.0,211.0,15.0,233.5,10.0,251.5,10.0,193.0,59.0,190.5,10.0,190.0,38.0,187.5,1.0,187.0,9.0
2023-04-27 21:01:43.5,1682600503500000000,211.0,206.0,177.5,1390.0,113.0,220085.0,207.5,44.0,208.0,9.0,211.0,15.0,233.5,10.0,251.5,10.0,193.0,59.0,190.0,48.0,187.5,1.0,187.0,9.0,185.5,1.0
2023-04-27 21:01:44.75,1682600504750000000,211.0,206.0,177.5,1390.0,113.0,220085.0,205.0,1.0,207.5,44.0,208.0,9.0,211.0,15.0,233.5,10.0,193.0,59.0,190.0,48.0,187.5,1.0,187.0,9.0,185.5,1.0
2023-04-27 21:01:47.0,1682600507000000000,211.0,205.0,177.5,1389.0,114.0,222135.0,207.5,44.0,208.0,9.0,211.0,15.0,233.5,10.0,251.5,10.0,193.0,59.0,190.0,48.0,188.5,16.0,187.5,1.0,187.0,9.0
2023-04-27 21:01:47.25,1682600507250000000,211.0,205.0,177.5,1389.0,114.0,222135.0,207.5,44.0,208.0,9.0,211.0,15.0,233.5,10.0,251.5,10.0,193.5,1.0,193.0,59.0,190.0,48.0,188.5,16.0,187.5,1.0
2023-04-27 21:01:48.5,1682600508500000000,211.0,205.0,177.5,1389.0,114.0,222135.0,207.5,20.0,208.0,9.0,211.0,15.0,233.5,10.0,251.5,10.0,193.5,1.0,193.0,59.0,190.0,48.0,188.5,16.0,187.5,1.0
2023-04-27 21:01:49.0,1682600509000000000,211.0,205.0,177.5,1389.0,114.0,222135.0,207.5,20.0,208.0,9.0,211.0,15.0,226.0,10.0,233.5,10.0,193.5,2.0,193.0,59.0,190.0,48.0,188.5,26.0,187.5,1.0
2023-04-27 21:01:49.25,1682600509250000000,211.0,205.0,177.5,1389.0,114.0,222135.0,207.5,20.0,208.0,9.0,211.0,15.0,224.5,10.0,226.0,10.0,194.0,10.0,193.5,2.0,193.0,59.0,190.0,38.0,188.5,26.0
2023-04-27 21:01:49.75,1682600509750000000,211.0,205.0,177.5,1389.0,114.0,222135.0,207.5,20.0,208.0,9.0,211.0,15.0,224.5,10.0,277.0,10.0,193.5,2.0,193.0,69.0,190.0,38.0,188.5,16.0,187.5,1.0
2023-04-27 21:01:50.0,1682600510000000000,211.0,205.0,177.5,1389.0,114.0,222135.0,207.5,20.0,208.0,9.0,211.0,15.0,224.5,10.0,277.0,10.0,193.5,2.0,193.0,59.0,192.5,10.0,190.0,38.0,188.5,16.0
2023-04-27 21:01:53.75,1682600513750000000,211.0,205.0,177.5,1389.0,114.0,222135.0,207.5,20.0,211.0,15.0,274.0,10.0,277.0,10.0,,0.0,194.5,9.0,193.5,2.0,193.0,59.0,192.5,10.0,190.0,38.0
2023-04-27 21:01:54.0,1682600514000000000,211.0,205.0,177.5,1389.0,114.0,222135.0,207.5,20.0,211.0,15.0,274.0,10.0,277.0,10.0,,0.0,194.5,19.0,193.5,2.0,193.0,59.0,190.0,38.0,188.5,16.0
2023-04-27 21:01:54.25,1682600514250000000,211.0,205.0,177.5,1389.0,114.0,222135.0,207.5,20.0,211.0,15.0,274.0,10.0,278.0,10.0,,0.0,194.5,19.0,193.5,2.0,193.0,59.0,190.0,38.0,188.5,16.0
2023-04-27 21:01:56.25,1682600516250000000,211.0,205.0,177.5,1389.0,114.0,222135.0,207.5,20.0,211.0,15.0,230.5,10.0,274.0,10.0,,0.0,194.5,19.0,193.5,2.0,193.0,59.0,190.0,48.0,188.5,16.0
2023-04-27 21:01:56.5,1682600516500000000,211.0,205.0,177.5,1389.0,114.0,222135.0,207.5,20.0,211.0,15.0,227.5,10.0,281.5,10.0,,0.0,194.5,19.0,193.5,2.0,193.0,59.0,190.0,38.0,188.5,16.0
2023-04-27 21:01:56.75,1682600516750000000,211.0,205.0,177.5,1389.0,114.0,222135.0,207.5,20.0,211.0,15.0,227.5,10.0,231.0,10.0,,0.0,194.5,19.0,193.5,2.0,193.0,59.0,190.0,48.0,188.5,16.0
2023-04-27 21:01:57.25,1682600517250000000,211.0,205.0,177.5,1389.0,114.0,222135.0,207.5,20.0,211.0,15.0,227.5,10.0,282.5,10.0,,0.0,194.5,9.0,194.0,10.0,193.5,2.0,193.0,59.0,190.0,38.0
2023-04-27 21:01:57.5,1682600517500000000,211.0,205.0,177.5,1389.0,114.0,222135.0,207.5,20.0,211.0,15.0,227.5,10.0,282.5,10.0,,0.0,194.5,9.0,193.5,12.0,193.0,59.0,190.0,38.0,188.5,16.0
2023-04-27 21:01:58.25,1682600518250000000,211.0,205.0,177.5,1389.0,114.0,222135.0,207.5,20.0,211.0,15.0,227.5,10.0,282.5,10.0,,0.0,194.5,9.0,193.5,2.0,193.0,69.0,190.0,38.0,188.5,16.0
2023-04-27 21:01:59.75,1682600519750000000,211.0,205.0,177.5,1389.0,114.0,222135.0,207.5,20.0,211.0,15.0,227.5,10.0,282.5,10.0,,0.0,194.5,9.0,193.5,2.0,193.0,59.0,192.5,10.0,190.0,38.0
2023-04-27 21:02:01.0,1682600521000000000,211.0,205.0,177.5,1389.0,114.0,222135.0,207.5,20.0,211.0,15.0,227.5,10.0,282.5,10.0,,0.0,194.5,9.0,193.5,2.0,193.0,59.0,192.0,10.0,190.0,38.0
2023-04-27 21:02:01.75,1682600521750000000,211.0,205.0,177.5,1389.0,114.0,222135.0,211.0,15.0,227.5,10.0,282.5,10.0,,0.0,,0.0,194.5,9.0,193.5,1.0,193.0,59.0,192.0,10.0,190.0,38.0
2023-04-27 21:02:02.0,1682600522000000000,211.0,205.0,177.5,1389.0,114.0,222135.0,211.0,15.0,217.0,9.0,227.5,10.0,282.5,10.0,,0.0,194.5,9.0,193.5,1.0,193.0,59.0,192.0,10.0,190.0,38.0
2023-04-27 21:02:02.75,1682600522750000000,211.0,205.0,177.5,1389.0,114.0,222135.0,211.0,15.0,217.0,9.0,227.5,10.0,282.5,10.0,,0.0,195.0,1.0,194.5,9.0,193.5,1.0,193.0,59.0,191.5,10.0
2023-04-27 21:02:03.0,1682600523000000000,211.0,205.0,177.5,1389.0,114.0,222135.0,211.0,15.0,217.0,9.0,227.5,10.0,282.5,10.0,,0.0,195.0,1.0,194.5,9.0,193.5,1.0,193.0,59.0,190.0,38.0
2023-04-27 21:02:03.25,1682600523250000000,211.0,205.0,177.5,1389.0,114.0,222135.0,211.0,15.0,217.0,9.0,227.5,10.0,282.5,10.0,,0.0,195.0,1.0,194.5,9.0,193.5,1.0,193.0,59.0,190.0,48.0
2023-04-27 21:02:04.0,1682600524000000000,211.0,205.0,177.5,1389.0,114.0,222135.0,211.0,15.0,217.0,9.0,227.5,10.0,282.5,10.0,,0.0,195.0,1.0,194.5,9.0,193.0,59.0,190.0,38.0,188.5,16.0
2023-04-27 21:02:04.25,1682600524250000000,211.0,205.0,177.5,1389.0,114.0,222135.0,211.0,15.0,217.0,9.0,227.5,10.0,282.5,10.0,,0.0,195.0,1.0,194.5,9.0,193.0,59.0,190.0,38.0,189.5,10.0
2023-04-27 21:02:06.25,1682600526250000000,211.0,205.0,177.5,1389.0,114.0,222135.0,206.5,10.0,211.0,15.0,217.0,9.0,227.5,10.0,282.5,10.0,204.0,10.0,195.0,1.0,194.5,9.0,193.0,59.0,190.0,38.0
2023-04-27 21:02:06.5,1682600526500000000,211.0,204.0,177.5,1389.0,124.0,242535.0,211.0,15.0,217.0,9.0,227.5,10.0,282.5,10.0,,0.0,195.0,1.0,194.5,9.0,193.0,59.0,190.0,38.0,189.5,10.0
2023-04-27 21:02:06.75,1682600526750000000,211.0,204.0,177.5,1389.0,124.0,242535.0,204.0,36.0,211.0,15.0,217.0,9.0,227.5,10.0,282.5,10.0,195.0,1.0,194.5,9.0,193.0,59.0,190.0,38.0,188.5,16.0
2023-04-27 21:02:07.0,1682600527000000000,211.0,204.0,177.5,1389.0,124.0,242535.0,204.0,36.0,211.0,15.0,217.0,9.0,227.5,10.0,282.5,10.0,195.0,1.0,194.5,9.0,193.0,59.0,190.0,38.0,188.5,26.0
2023-04-27 21:02:07.75,1682600527750000000,211.0,204.0,177.5,1389.0,124.0,242535.0,204.0,36.0,211.0,15.0,217.0,9.0,227.5,10.0,282.5,10.0,195.0,1.0,194.5,9.0,193.0,59.0,190.0,38.0,188.5,16.0
2023-04-27 21:02:08.0,1682600528000000000,211.0,204.0,177.5,1389.0,124.0,242535.0,204.0,36.0,211.0,15.0,217.0,9.0,227.5,10.0,282.5,10.0,195.0,1.0,194.5,9.0,193.0,59.0,190.0,38.0,188.5,26.0
2023-04-27 21:02:10.25,1682600530250000000,211.0,204.0,177.5,1389.0,124.0,242535.0,204.0,36.0,211.0,15.0,217.0,9.0,227.5,10.0,282.5,10.0,203.5,1.0,196.0,3.0,195.5,2.0,195.0,1.0,194.5,9.0
2023-04-27 21:02:10.5,1682600530500000000,211.0,203.5,177.5,1389.0,125.0,244570.0,204.0,36.0,211.0,15.0,217.0,9.0,227.5,10.0,282.5,10.0,196.0,3.0,195.5,2.0,195.0,1.0,194.5,9.0,193.0,59.0
2023-04-27 21:02:10.75,1682600530750000000,211.0,203.5,177.5,1389.0,125.0,244570.0,203.5,25.0,211.0,15.0,217.0,9.0,227.5,10.0,282.5,10.0,196.0,3.0,195.5,2.0,195.0,1.0,194.5,9.0,193.0,59.0
2023-04-27 21:02:14.25,1682600534250000000,211.0,203.5,177.5,1389.0,125.0,244570.0,203.5,25.0,211.0,15.0,217.0,9.0,227.5,10.0,282.5,10.0,196.0,3.0,195.0,1.0,194.5,9.0,193.0,59.0,190.0,38.0
2023-04-27 21:02:16.75,1682600536750000000,211.0,203.5,177.5,1389.0,125.0,244570.0,203.5,25.0,211.0,15.0,217.0,9.0,227.5,10.0,282.5,10.0,196.5,2.0,196.0,3.0,195.0,1.0,194.5,9.0,193.0,59.0
2023-04-27 21:02:21.75,1682600541750000000,211.0,203.5,177.5,1389.0,125.0,244570.0,203.5,25.0,211.0,15.0,217.0,9.0,227.5,10.0,282.5,10.0,196.5,2.0,196.0,3.0,195.0,23.0,194.5,9.0,193.0,59.0
2023-04-27 21:02:22.75,1682600542750000000,211.0,203.5,177.5,1390.0,126.0,246605.0,203.5,24.0,211.0,15.0,217.0,9.0,227.5,10.0,282.5,10.0,196.5,2.0,196.0,3.0,195.0,23.0,194.5,9.0,193.0,59.0
2023-04-27 21:02:23.5,1682600543500000000,211.0,203.5,177.5,1390.0,126.0,246605.0,211.0,15.0,217.0,9.0,227.5,10.0,282.5,10.0,,0.0,196.5,2.0,196.0,3.0,195.0,23.0,194.5,9.0,193.0,59.0
2023-04-27 21:02:31.0,1682600551000000000,211.0,203.5,177.5,1390.0,126.0,246605.0,211.0,15.0,217.0,9.0,227.5,10.0,231.5,10.0,,0.0,196.5,2.0,196.0,3.0,195.0,23.0,194.5,9.0,193.0,59.0
2023-04-27 21:02:32.0,1682600552000000000,211.0,203.5,177.5,1390.0,126.0,246605.0,211.0,15.0,217.0,9.0,227.5,10.0,288.0,10.0,,0.0,196.5,2.0,196.0,3.0,195.0,23.0,194.5,9.0,193.0,59.0
2023-04-27 21:02:38.25,1682600558250000000,211.0,203.5,177.5,1390.0,126.0,246605.0,211.0,15.0,217.0,9.0,227.5,10.0,232.0,10.0,,0.0,196.5,2.0,196.0,3.0,195.0,23.0,194.5,9.0,193.0,59.0
2023-04-27 21:02:38.75,1682600558750000000,211.0,203.5,177.5,1390.0,126.0,246605.0,211.0,15.0,217.0,9.0,227.5,10.0,289.0,10.0,,0.0,196.5,2.0,196.0,3.0,195.0,23.0,194.5,9.0,193.0,59.0
2023-04-27 21:02:41.75,1682600561750000000,211.0,203.5,177.5,1390.0,126.0,246605.0,211.0,15.0,217.0,9.0,227.5,10.0,233.0,10.0,,0.0,196.5,2.0,196.0,3.0,195.0,23.0,194.5,9.0,193.0,59.0
2023-04-27 21:02:43.5,1682600563500000000,211.0,203.5,177.5,1390.0,126.0,246605.0,211.0,15.0,217.0,9.0,227.5,10.0,317.0,10.0,,0.0,196.5,2.0,196.0,3.0,195.0,23.0,194.5,9.0,193.0,59.0
2023-04-27 21:02:44.5,1682600564500000000,211.0,203.5,177.5,1390.0,126.0,246605.0,211.0,15.0,217.0,9.0,227.5,10.0,317.0,10.0,,0.0,196.5,2.0,195.0,23.0,194.5,9.0,193.0,59.0,190.0,38.0
2023-04-27 21:02:44.75,1682600564750000000,211.0,203.5,177.5,1390.0,126.0,246605.0,211.0,15.0,217.0,9.0,227.5,10.0,317.0,10.0,,0.0,196.5,2.0,195.0,23.0,194.5,9.0,193.0,59.0,191.0,10.0
2023-04-27 21:02:45.0,1682600565000000000,211.0,203.5,177.5,1390.0,126.0,246605.0,211.0,15.0,217.0,9.0,227.5,10.0,243.0,10.0,,0.0,196.5,2.0,195.0,23.0,194.5,9.0,193.0,59.0,191.0,10.0
2023-04-27 21:02:45.5,1682600565500000000,211.0,203.5,177.5,1390.0,126.0,246605.0,211.0,15.0,217.0,9.0,227.5,10.0,322.5,10.0,,0.0,196.5,2.0,195.0,23.0,194.5,9.0,193.0,59.0,191.0,10.0
2023-04-27 21:02:46.5,1682600566500000000,211.0,203.5,177.5,1390.0,126.0,246605.0,211.0,15.0,217.0,9.0,227.5,10.0,322.5,10.0,,0.0,196.5,2.0,195.0,23.0,194.5,9.0,193.0,59.0,190.0,38.0
2023-04-27 21:02:46.75,1682600566750000000,211.0,203.5,177.5,1390.0,126.0,246605.0,211.0,15.0,217.0,9.0,227.5,10.0,243.5,10.0,,0.0,196.5,2.0,195.0,23.0,194.5,9.0,193.0,59.0,190.5,10.0
2023-04-27 21:02:47.25,1682600567250000000,211.0,203.5,177.5,1390.0,126.0,246605.0,211.0,15.0,217.0,9.0,227.5,10.0,243.5,10.0,,0.0,197.0,10.0,196.5,2.0,195.0,23.0,194.5,9.0,193.0,59.0
2023-04-27 21:02:47.5,1682600567500000000,211.0,203.5,177.5,1390.0,126.0,246605.0,211.0,25.0,217.0,9.0,227.5,10.0,243.5,10.0,,0.0,197.0,20.0,196.5,2.0,195.0,23.0,194.5,9.0,193.0,59.0
2023-04-27 21:02:47.75,1682600567750000000,211.0,203.5,177.5,1390.0,126.0,246605.0,211.0,25.0,217.0,9.0,227.5,10.0,324.5,10.0,,0.0,197.0,20.0,196.5,2.0,195.0,23.0,194.5,9.0,193.0,59.0
2023-04-27 21:02:48.5,1682600568500000000,211.0,203.5,177.5,1390.0,126.0,246605.0,211.0,25.0,217.0,9.0,227.5,10.0,244.0,10.0,,0.0,197.0,20.0,196.5,2.0,195.0,23.0,194.5,9.0,193.0,59.0
2023-04-27 21:02:48.75,1682600568750000000,211.0,203.5,177.5,1390.0,126.0,246605.0,211.0,25.0,217.0,9.0,227.5,10.0,324.5,10.0,,0.0,197.0,20.0,196.5,2.0,195.0,23.0,194.5,9.0,193.0,59.0
2023-04-27 21:02:49.0,1682600569000000000,211.0,203.5,177.5,1390.0,126.0,246605.0,211.0,25.0,217.0,9.0,227.5,10.0,244.0,10.0,,0.0,197.0,20.0,196.5,2.0,195.0,23.0,194.5,9.0,193.0,59.0
2023-04-27 21:02:49.75,1682600569750000000,211.0,203.5,177.5,1390.0,126.0,246605.0,211.0,35.0,217.0,9.0,227.5,10.0,324.5,10.0,,0.0,197.0,30.0,196.5,2.0,195.0,23.0,194.5,9.0,193.0,59.0
2023-04-27 21:02:50.0,1682600570000000000,211.0,203.5,177.5,1390.0,126.0,246605.0,211.0,35.0,217.0,9.0,227.5,10.0,244.0,10.0,,0.0,197.0,30.0,196.5,2.0,195.0,23.0,194.5,9.0,193.0,59.0
2023-04-27 21:02:50.25,1682600570250000000,211.0,203.5,177.5,1390.0,126.0,246605.0,211.0,35.0,216.0,10.0,217.0,9.0,227.5,10.0,244.0,10.0,197.0,30.0,196.5,2.0,196.0,10.0,195.0,23.0,194.5,9.0
2023-04-27 21:02:54.0,1682600574000000000,211.0,203.5,177.5,1390.0,126.0,246605.0,211.0,35.0,216.0,10.0,217.0,9.0,227.5,10.0,244.0,10.0,198.0,3.0,197.0,30.0,196.5,2.0,196.0,10.0,195.0,23.0
2023-04-27 21:02:54.5,1682600574500000000,211.0,203.5,177.5,1390.0,126.0,246605.0,210.5,10.0,211.0,25.0,216.0,10.0,217.0,9.0,227.5,10.0,198.0,13.0,197.0,20.0,196.5,2.0,196.0,10.0,195.0,23.0
2023-04-27 21:02:58.25,1682600578250000000,211.0,203.5,177.5,1390.0,126.0,246605.0,210.5,10.0,211.0,25.0,213.0,10.0,216.0,10.0,217.0,9.0,198.0,13.0,197.5,10.0,197.0,20.0,196.5,2.0,196.0,10.0
2023-04-27 21:03:01.0,1682600581000000000,211.0,203.5,177.5,1390.0,126.0,246605.0,210.5,10.0,211.0,25.0,213.0,10.0,216.0,10.0,217.0,9.0,198.0,13.0,197.5,10.0,197.0,20.0,196.0,10.0,195.0,23.0
2023-04-27 21:03:03.75,1682600583750000000,211.0,203.5,177.5,1390.0,126.0,246605.0,211.0,25.0,213.0,10.0,216.0,10.0,217.0,9.0,227.5,10.0,198.0,3.0,197.5,10.0,197.0,20.0,196.0,10.0,195.0,23.0
2023-04-27 21:03:05.0,1682600585000000000,211.0,203.5,177.5,1390.0,126.0,246605.0,209.0,1.0,211.0,25.0,213.0,10.0,216.0,10.0,217.0,9.0,198.0,3.0,197.5,10.0,197.0,20.0,196.0,10.0,195.0,23.0
2023-04-27 21:03:06.0,1682600586000000000,211.0,203.5,177.5,1390.0,126.0,246605.0,209.0,1.0,211.0,25.0,212.0,10.0,213.0,10.0,217.0,9.0,198.0,3.0,197.5,10.0,197.0,20.0,195.0,23.0,194.5,9.0
2023-04-27 21:03:07.25,1682600587250000000,211.0,203.5,177.5,1390.0,126.0,246605.0,209.0,1.0,211.0,25.0,212.0,10.0,213.0,10.0,217.0,9.0,198.0,3.0,197.5,10.0,197.0,10.0,195.0,23.0,194.5,9.0
2023-04-27 21:03:11.5,1682600591500000000,211.0,203.5,177.5,1390.0,126.0,246605.0,209.0,1.0,211.0,25.0,212.0,10.0,213.0,10.0,217.0,9.0,198.5,2.0,198.0,3.0,197.5,10.0,197.0,10.0,195.0,23.0
2023-04-27 21:03:12.0,1682600592000000000,211.0,203.5,177.5,1390.0,126.0,246605.0,209.0,1.0,211.0,25.0,212.0,10.0,213.0,10.0,217.0,9.0,198.5,12.0,198.0,3.0,197.5,10.0,197.0,10.0,195.0,23.0
2023-04-27 21:03:13.25,1682600593250000000,211.0,203.5,177.5,1390.0,126.0,246605.0,209.0,1.0,211.0,25.0,212.0,10.0,213.0,10.0,217.0,9.0,198.5,12.0,197.5,10.0,197.0,10.0,195.0,23.0,194.5,9.0
2023-04-27 21:03:14.75,1682600594750000000,211.0,203.5,177.5,1390.0,126.0,246605.0,209.0,1.0,211.0,25.0,212.0,10.0,213.0,10.0,217.0,9.0,199.0,1.0,198.5,2.0,197.5,10.0,197.0,10.0,195.0,23.0
2023-04-27 21:03:15.0,1682600595000000000,211.0,203.5,177.5,1390.0,126.0,246605.0,209.0,1.0,211.0,25.0,212.0,10.0,213.0,10.0,217.0,9.0,199.0,11.0,198.5,2.0,197.5,10.0,197.0,10.0,195.0,23.0
2023-04-27 21:03:16.5,1682600596500000000,211.0,203.5,177.5,1390.0,126.0,246605.0,209.0,1.0,211.0,25.0,212.0,10.0,213.0,10.0,217.0,9.0,199.0,11.0,197.5,10.0,197.0,10.0,195.0,23.0,194.5,9.0
2023-04-27 21:03:18.25,1682600598250000000,211.0,203.5,177.5,1390.0,126.0,246605.0,209.0,1.0,211.0,25.0,212.0,10.0,213.0,10.0,217.0,9.0,199.5,2.0,199.0,11.0,197.5,10.0,197.0,10.0,195.0,23.0
2023-04-27 21:03:22.0,1682600602000000000,211.0,203.5,177.5,1390.0,126.0,246605.0,209.0,1.0,211.0,25.0,213.0,10.0,216.0,10.0,217.0,9.0,199.5,2.0,199.0,11.0,197.5,10.0,197.0,10.0,196.0,10.0
2023-04-27 21:03:33.0,1682600613000000000,211.0,203.5,177.5,1390.0,126.0,246605.0,209.0,1.0,211.0,25.0,213.0,10.0,216.0,10.0,217.0,9.0,200.0,10.0,199.5,2.0,199.0,1.0,197.5,10.0,197.0,10.0
2023-04-27 21:03:33.25,1682600613250000000,211.0,203.5,177.5,1390.0,126.0,246605.0,209.0,1.0,211.0,25.0,213.0,10.0,216.0,10.0,217.0,9.0,200.0,20.0,199.5,2.0,199.0,1.0,197.5,10.0,196.0,10.0
2023-04-27 21:03:36.5,1682600616500000000,211.0,203.5,177.5,1390.0,126.0,246605.0,209.0,1.0,211.0,25.0,213.0,10.0,216.0,10.0,217.0,9.0,200.0,22.0,199.5,2.0,199.0,1.0,197.5,10.0,196.0,10.0
2023-04-27 21:03:37.5,1682600617500000000,211.0,203.5,177.5,1390.0,126.0,246605.0,211.0,25.0,213.0,10.0,216.0,10.0,217.0,9.0,227.5,10.0,200.0,22.0,199.5,2.0,199.0,1.0,197.5,10.0,196.0,10.0
2023-04-27 21:03:45.0,1682600625000000000,211.0,203.5,177.5,1390.0,126.0,246605.0,211.0,25.0,213.0,10.0,216.0,10.0,217.0,9.0,227.5,10.0,200.0,22.0,199.0,1.0,197.5,10.0,196.0,10.0,195.0,23.0
2023-04-27 21:03:47.25,1682600627250000000,211.0,203.5,177.5,1390.0,126.0,246605.0,207.0,10.0,211.0,15.0,213.0,10.0,216.0,10.0,217.0,9.0,204.5,10.0,200.0,12.0,199.0,1.0,197.5,10.0,196.0,10.0
2023-04-27 21:03:47.5,1682600627500000000,211.0,204.5,177.5,1400.0,136.0,267055.0,211.0,15.0,213.0,10.0,216.0,10.0,217.0,9.0,227.5,10.0,200.0,12.0,199.0,1.0,197.5,10.0,196.0,10.0,195.0,23.0
2023-04-27 21:03:49.25,1682600629250000000,211.0,204.5,177.5,1400.0,136.0,267055.0,211.0,15.0,213.0,10.0,216.0,10.0,217.0,9.0,227.5,10.0,201.5,2.0,200.0,12.0,199.0,1.0,197.5,10.0,196.0,10.0
2023-04-27 21:03:54.5,1682600634500000000,211.0,204.5,177.5,1400.0,136.0,267055.0,211.0,15.0,213.0,10.0,216.0,10.0,217.0,9.0,227.5,10.0,201.5,2.0,200.0,2.0,199.0,1.0,197.5,10.0,196.0,10.0
2023-04-27 21:03:57.0,1682600637000000000,211.0,204.5,177.5,1400.0,136.0,267055.0,211.0,15.0,213.0,10.0,216.0,10.0,217.0,9.0,227.5,10.0,200.0,2.0,199.0,1.0,197.5,10.0,196.0,10.0,195.0,22.0
2023-04-27 21:04:00.0,1682600640000000000,211.0,204.5,177.5,1400.0,136.0,267055.0,211.0,15.0,211.5,10.0,213.0,10.0,216.0,10.0,217.0,9.0,200.0,2.0,199.5,10.0,199.0,1.0,197.5,10.0,196.0,10.0
2023-04-27 21:04:02.5,1682600642500000000,211.0,204.5,177.5,1400.0,136.0,267055.0,211.0,15.0,213.0,10.0,216.0,10.0,217.0,9.0,227.5,10.0,200.0,2.0,199.0,1.0,197.5,10.0,196.0,10.0,195.0,22.0
2023-04-27 21:04:03.75,1682600643750000000,211.0,204.5,177.5,1400.0,136.0,267055.0,209.5,10.0,211.0,15.0,213.0,10.0,216.0,10.0,217.0,9.0,206.5,10.0,200.0,2.0,199.0,1.0,197.5,10.0,196.0,10.0
2023-04-27 21:04:04.0,1682600644000000000,211.0,206.5,177.5,1410.0,146.0,287705.0,207.0,10.0,211.0,15.0,213.0,10.0,216.0,10.0,217.0,9.0,205.0,10.0,200.0,2.0,199.0,1.0,197.5,10.0,196.0,10.0
2023-04-27 21:04:04.25,1682600644250000000,211.0,205.0,177.5,1420.0,156.0,308205.0,205.5,10.0,206.5,36.0,211.0,15.0,213.0,10.0,216.0,10.0,203.5,10.0,200.0,2.0,199.0,1.0,197.5,10.0,196.0,10.0
2023-04-27 21:04:04.5,1682600644500000000,211.0,205.0,177.5,1420.0,156.0,308205.0,206.5,36.0,211.0,15.0,213.0,10.0,216.0,10.0,217.0,9.0,200.0,2.0,199.0,1.0,197.5,10.0,196.0,10.0,195.0,22.0
2023-04-27 21:04:05.5,1682600645500000000,211.0,206.5,177.5,1421.0,157.0,310270.0,206.5,35.0,211.0,15.0,213.0,10.0,216.0,10.0,217.0,9.0,200.0,2.0,199.0,1.0,197.5,10.0,196.0,10.0,195.0,22.0
2023-04-27 21:04:09.0,1682600649000000000,211.0,206.5,177.5,1421.0,157.0,310270.0,206.5,35.0,209.5,10.0,211.0,15.0,213.0,10.0,217.0,9.0,200.0,2.0,199.0,1.0,197.5,10.0,197.0,10.0,195.0,22.0
2023-04-27 21:04:10.5,1682600650500000000,211.0,206.5,177.5,1421.0,157.0,310270.0,206.5,35.0,209.5,10.0,211.0,15.0,213.0,10.0,217.0,9.0,200.0,2.0,199.0,1.0,197.5,10.0,197.0,10.0,195.0,22.0
2023-04-27 21:04:12.5,1682600652500000000,211.0,206.5,177.5,1421.0,157.0,310270.0,206.5,35.0,208.0,10.0,209.5,10.0,211.0,15.0,213.0,10.0,200.0,2.0,199.0,1.0,197.5,10.0,197.0,10.0,196.0,10.0
2023-04-27 21:04:13.5,1682600653500000000,211.0,206.5,177.5,1421.0,157.0,310270.0,206.5,35.0,209.5,10.0,211.0,15.0,213.0,10.0,217.0,9.0,200.0,2.0,199.0,1.0,197.5,10.0,197.0,10.0,195.0,22.0
2023-04-27 21:04:13.75,1682600653750000000,211.0,206.5,177.5,1421.0,157.0,310270.0,206.5,45.0,209.5,10.0,211.0,15.0,213.0,10.0,217.0,9.0,200.0,2.0,199.0,1.0,197.5,20.0,197.0,10.0,195.0,22.0
2023-04-27 21:04:14.0,1682600654000000000,211.0,206.5,177.5,1421.0,157.0,310270.0,206.5,45.0,209.5,10.0,211.0,15.0,213.0,10.0,217.0,9.0,200.5,10.0,200.0,2.0,199.0,1.0,197.5,20.0,197.0,10.0
2023-04-27 21:04:14.25,1682600654250000000,211.0,206.5,177.5,1421.0,157.0,310270.0,206.5,45.0,209.5,10.0,211.0,15.0,213.0,10.0,217.0,9.0,200.5,20.0,200.0,2.0,199.0,1.0,197.5,10.0,197.0,10.0
2023-04-27 21:04:18.25,1682600658250000000,211.0,206.5,177.5,1421.0,157.0,310270.0,206.5,45.0,209.5,10.0,211.0,15.0,213.0,10.0,217.0,9.0,200.5,10.0,200.0,2.0,199.0,1.0,197.5,10.0,197.0,10.0
2023-04-27 21:04:18.5,1682600658500000000,211.0,206.5,177.5,1421.0,157.0,310270.0,206.5,45.0,209.5,10.0,211.0,15.0,213.0,10.0,217.0,9.0,200.0,2.0,199.0,1.0,197.5,20.0,197.0,10.0,195.0,22.0
2023-04-27 21:04:26.0,1682600666000000000,211.0,206.5,177.5,1421.0,157.0,310270.0,206.5,45.0,209.5,10.0,211.0,15.0,213.0,10.0,217.0,9.0,201.0,2.0,199.0,1.0,197.5,20.0,197.0,10.0,195.0,22.0
2023-04-27 21:04:27.0,1682600667000000000,211.0,201.0,177.5,1421.0,159.0,314290.0,206.5,45.0,209.5,10.0,211.0,15.0,213.0,10.0,217.0,9.0,199.0,1.0,197.5,20.0,197.0,10.0,195.0,22.0,194.5,9.0
2023-04-27 21:04:27.75,1682600667750000000,211.0,201.0,177.5,1421.0,159.0,314290.0,206.5,45.0,209.5,10.0,211.0,15.0,213.0,10.0,217.0,19.0,199.0,1.0,197.5,20.0,197.0,10.0,195.0,22.0,194.5,9.0
2023-04-27 21:04:28.0,1682600668000000000,211.0,201.0,177.5,1421.0,159.0,314290.0,206.5,45.0,207.5,10.0,211.0,15.0,213.0,10.0,217.0,19.0,199.0,1.0,197.5,20.0,195.0,22.0,194.5,19.0,193.0,59.0
2023-04-27 21:04:31.0,1682600671000000000,211.0,199.0,177.5,1421.0,160.0,316280.0,206.5,45.0,207.5,10.0,211.0,15.0,213.0,10.0,217.0,19.0,197.5,20.0,195.0,22.0,194.5,19.0,193.0,59.0,190.0,38.0
2023-04-27 21:04:31.25,1682600671250000000,211.0,199.0,177.5,1421.0,160.0,316280.0,206.5,45.0,207.5,10.0,211.0,15.0,212.5,10.0,217.0,19.0,197.5,10.0,197.0,10.0,195.0,22.0,194.5,19.0,193.0,59.0
2023-04-27 21:04:31.5,1682600671500000000,211.0,199.0,177.5,1421.0,160.0,316280.0,206.5,45.0,207.5,10.0,211.0,15.0,212.5,10.0,217.0,19.0,197.0,20.0,195.0,22.0,194.5,19.0,193.0,59.0,190.0,38.0
2023-04-27 21:04:31.75,1682600671750000000,211.0,199.0,177.5,1421.0,160.0,316280.0,206.5,45.0,207.5,10.0,211.0,15.0,212.0,10.0,217.0,19.0,197.0,10.0,196.5,10.0,195.0,22.0,194.5,19.0,193.0,59.0
2023-04-27 21:04:32.0,1682600672000000000,211.0,199.0,177.5,1421.0,160.0,316280.0,206.5,45.0,207.5,10.0,211.0,15.0,212.0,10.0,217.0,19.0,196.5,20.0,195.0,22.0,194.5,19.0,193.0,59.0,190.0,38.0
2023-04-27 21:04:32.25,1682600672250000000,211.0,199.0,177.5,1421.0,160.0,316280.0,206.5,45.0,207.5,10.0,211.0,15.0,211.5,10.0,217.0,19.0,196.5,10.0,196.0,10.0,195.0,22.0,194.5,19.0,193.0,59.0
2023-04-27 21:04:32.5,1682600672500000000,211.0,199.0,177.5,1421.0,160.0,316280.0,206.5,45.0,207.5,10.0,211.0,15.0,211.5,10.0,217.0,19.0,196.0,20.0,195.0,22.0,194.5,19.0,193.0,59.0,190.0,38.0
2023-04-27 21:04:32.75,1682600672750000000,211.0,199.0,177.5,1421.0,160.0,316280.0,206.5,45.0,207.5,10.0,211.0,25.0,217.0,19.0,243.0,10.0,196.0,10.0,195.5,10.0,195.0,22.0,194.5,19.0,193.0,59.0
2023-04-27 21:04:33.0,1682600673000000000,211.0,199.0,177.5,1421.0,160.0,316280.0,206.5,45.0,207.5,10.0,211.0,25.0,217.0,19.0,243.0,10.0,195.5,20.0,195.0,22.0,194.5,19.0,193.0,59.0,190.0,38.0
2023-04-27 21:04:33.25,1682600673250000000,211.0,199.0,177.5,1421.0,160.0,316280.0,206.5,45.0,207.5,10.0,210.5,10.0,211.0,15.0,217.0,19.0,195.5,10.0,195.0,32.0,194.5,19.0,193.0,59.0,190.0,38.0
2023-04-27 21:04:33.5,1682600673500000000,211.0,199.0,177.5,1421.0,160.0,316280.0,206.5,45.0,207.5,10.0,210.5,10.0,211.0,15.0,217.0,19.0,195.0,42.0,194.5,19.0,193.0,59.0,190.0,38.0,188.5,16.0
2023-04-27 21:04:33.75,1682600673750000000,211.0,199.0,177.5,1421.0,160.0,316280.0,206.5,45.0,207.5,10.0,210.0,10.0,211.0,15.0,217.0,19.0,195.0,32.0,194.5,29.0,193.0,59.0,190.0,38.0,188.5,16.0
2023-04-27 21:04:42.75,1682600682750000000,211.0,199.0,177.5,1421.0,160.0,316280.0,206.5,45.0,207.5,10.0,210.0,10.0,211.0,15.0,217.0,19.0,197.0,1.0,195.0,32.0,194.5,29.0,193.0,59.0,190.0,38.0
2023-04-27 21:04:45.25,1682600685250000000,211.0,199.0,177.5,1421.0,160.0,316280.0,206.5,45.0,207.5,10.0,210.0,10.0,211.0,15.0,217.0,9.0,197.0,1.0,195.0,32.0,194.5,29.0,193.0,59.0,190.0,38.0
2023-04-27 21:04:47.25,1682600687250000000,211.0,199.0,177.5,1421.0,160.0,316280.0,206.5,45.0,209.5,10.0,210.0,10.0,211.0,15.0,217.0,9.0,197.0,11.0,195.0,32.0,194.5,19.0,193.0,59.0,190.0,38.0
2023-04-27 21:04:47.5,1682600687500000000,211.0,199.0,177.5,1421.0,160.0,316280.0,206.5,45.0,209.5,10.0,210.0,10.0,211.0,15.0,217.0,9.0,197.0,21.0,195.0,22.0,194.5,19.0,193.0,59.0,190.0,38.0
2023-04-27 21:04:57.0,1682600697000000000,211.0,199.0,177.5,1421.0,160.0,316280.0,206.5,45.0,209.5,10.0,210.0,10.0,211.0,15.0,217.0,9.0,198.0,3.0,197.0,21.0,195.0,22.0,194.5,19.0,193.0,59.0
2023-04-27 21:05:00.5,1682600700500000000,211.0,199.0,177.5,1421.0,160.0,316280.0,206.5,45.0,207.0,10.0,209.5,10.0,210.0,10.0,211.0,15.0,198.0,13.0,197.0,21.0,195.0,22.0,194.5,19.0,193.0,59.0
2023-04-27 21:05:01.25,1682600701250000000,211.0,199.0,177.5,1421.0,160.0,316280.0,206.5,35.0,207.0,10.0,209.5,10.0,210.0,10.0,211.0,15.0,198.0,13.0,197.0,11.0,195.0,22.0,194.5,19.0,193.0,59.0
2023-04-27 21:05:01.5,1682600701500000000,211.0,199.0,177.5,1421.0,160.0,316280.0,206.5,35.0,207.0,10.0,207.5,10.0,209.5,10.0,210.0,10.0,198.0,13.0,197.0,21.0,195.0,22.0,194.5,19.0,193.0,59.0
2023-04-27 21:05:02.5,1682600702500000000,211.0,199.0,177.5,1421.0,160.0,316280.0,206.5,35.0,207.5,20.0,209.5,10.0,210.0,10.0,211.0,15.0,198.0,13.0,197.0,21.0,195.0,22.0,194.5,19.0,193.0,59.0
2023-04-27 21:05:06.25,1682600706250000000,211.0,199.0,177.5,1421.0,160.0,316280.0,206.5,35.0,207.5,10.0,208.0,10.0,209.5,10.0,210.0,10.0,198.0,23.0,197.0,11.0,195.0,22.0,194.5,19.0,193.0,59.0
2023-04-27 21:05:07.5,1682600707500000000,211.0,199.0,177.5,1421.0,160.0,316280.0,206.5,35.0,207.5,20.0,209.5,10.0,210.0,10.0,211.0,15.0,198.0,23.0,197.0,11.0,195.0,22.0,194.5,19.0,193.0,59.0
2023-04-27 21:05:08.25,1682600708250000000,211.0,199.0,177.5,1421.0,160.0,316280.0,206.5,45.0,207.5,10.0,209.5,10.0,210.0,10.0,211.0,15.0,198.0,23.0,197.0,11.0,195.0,22.0,194.5,19.0,193.0,59.0
2023-04-27 21:05:10.5,1682600710500000000,211.0,199.0,177.5,1421.0,160.0,316280.0,206.5,35.0,207.5,20.0,209.5,10.0,210.0,10.0,211.0,15.0,198.0,23.0,197.0,11.0,195.0,22.0,194.5,19.0,193.0,59.0
2023-04-27 21:05:11.5,1682600711500000000,211.0,199.0,177.5,1421.0,160.0,316280.0,206.5,35.0,207.5,10.0,208.5,10.0,209.5,10.0,210.0,10.0,198.0,23.0,197.0,11.0,195.0,22.0,194.5,19.0,193.0,59.0
2023-04-27 21:05:12.75,1682600712750000000,211.0,199.0,177.5,1421.0,160.0,316280.0,206.5,35.0,207.5,10.0,208.0,10.0,209.5,10.0,210.0,10.0,198.0,23.0,197.0,11.0,195.0,22.0,194.5,19.0,193.0,59.0
2023-04-27 21:05:14.0,1682600714000000000,211.0,199.0,177.5,1421.0,160.0,316280.0,206.5,35.0,207.5,10.0,209.0,10.0,210.0,10.0,211.0,15.0,199.5,10.0,198.0,23.0,197.0,1.0,195.0,22.0,194.5,19.0
2023-04-27 21:05:14.5,1682600714500000000,211.0,199.0,177.5,1421.0,160.0,316280.0,206.5,35.0,207.5,10.0,209.0,10.0,210.0,10.0,211.0,15.0,199.5,20.0,198.0,13.0,197.0,1.0,195.0,22.0,194.5,19.0
2023-04-27 21:05:14.75,1682600714750000000,211.0,199.0,177.5,1421.0,160.0,316280.0,206.5,35.0,207.5,10.0,208.5,10.0,210.0,10.0,211.0,15.0,199.5,30.0,198.0,3.0,197.0,1.0,195.0,22.0,194.5,19.0
2023-04-27 21:05:15.5,1682600715500000000,211.0,199.0,177.5,1421.0,160.0,316280.0,206.5,35.0,207.5,10.0,209.0,10.0,210.0,10.0,211.0,15.0,199.5,30.0,198.0,3.0,197.0,1.0,195.0,22.0,194.5,19.0
2023-04-27 21:05:17.0,1682600717000000000,211.0,199.0,177.5,1421.0,160.0,316280.0,206.5,35.0,207.5,10.0,208.5,10.0,210.0,10.0,211.0,15.0,199.5,30.0,198.0,3.0,197.0,1.0,195.0,22.0,194.5,19.0
2023-04-27 21:05:19.0,1682600719000000000,211.0,199.0,177.5,1421.0,160.0,316280.0,206.5,35.0,207.5,10.0,209.0,10.0,210.0,10.0,211.0,15.0,199.5,30.0,198.0,3.0,197.0,1.0,195.0,22.0,194.5,19.0
2023-04-27 21:05:20.25,1682600720250000000,211.0,199.0,177.5,1421.0,160.0,316280.0,206.5,35.0,207.5,10.0,209.5,10.0,210.0,10.0,211.0,15.0,199.5,30.0,198.0,3.0,197.0,1.0,195.0,22.0,194.5,19.0
2023-04-27 21:05:20.75,1682600720750000000,211.0,199.0,177.5,1421.0,160.0,316280.0,207.5,10.0,210.0,20.0,211.0,15.0,212.0,10.0,217.0,9.0,199.5,30.0,198.0,3.0,197.0,1.0,195.0,22.0,194.5,19.0
2023-04-27 21:05:21.0,1682600721000000000,211.0,199.0,177.5,1421.0,160.0,316280.0,208.5,10.0,210.0,20.0,211.0,15.0,212.0,10.0,217.0,9.0,199.5,30.0,198.0,3.0,197.0,1.0,195.0,22.0,194.5,19.0
2023-04-27 21:05:21.5,1682600721500000000,211.0,199.0,177.5,1421.0,160.0,316280.0,209.5,10.0,210.0,20.0,211.0,15.0,212.0,10.0,217.0,9.0,199.5,30.0,198.0,3.0,197.0,1.0,195.0,22.0,194.5,19.0
2023-04-27 21:05:21.75,1682600721750000000,211.0,199.0,177.5,1421.0,160.0,316280.0,209.5,10.0,210.0,10.0,211.0,15.0,212.0,10.0,214.5,10.0,199.5,30.0,199.0,10.0,198.0,3.0,197.0,1.0,195.0,22.0
2023-04-27 21:05:22.25,1682600722250000000,211.0,199.0,177.5,1421.0,160.0,316280.0,210.0,20.0,211.0,15.0,212.0,10.0,214.5,10.0,217.0,9.0,199.5,30.0,199.0,10.0,198.0,3.0,197.0,1.0,195.0,22.0
2023-04-27 21:05:22.75,1682600722750000000,211.0,199.0,177.5,1421.0,160.0,316280.0,210.0,20.0,211.0,15.0,214.5,20.0,217.0,9.0,229.5,10.0,201.5,10.0,199.5,20.0,199.0,10.0,198.0,3.0,197.0,1.0
2023-04-27 21:05:23.0,1682600723000000000,211.0,199.0,177.5,1421.0,160.0,316280.0,210.0,20.0,211.0,15.0,214.5,20.0,217.0,9.0,226.5,10.0,201.5,20.0,199.5,10.0,199.0,10.0,198.0,3.0,197.0,1.0
2023-04-27 21:05:23.25,1682600723250000000,211.0,199.0,177.5,1421.0,160.0,316280.0,210.5,20.0,211.0,15.0,214.5,20.0,217.0,9.0,226.5,10.0,201.5,30.0,199.0,10.0,198.0,3.0,197.0,1.0,195.0,22.0
2023-04-27 21:05:23.5,1682600723500000000,211.0,199.0,177.5,1421.0,160.0,316280.0,210.5,10.0,211.0,25.0,214.5,20.0,217.0,9.0,226.5,10.0,201.5,30.0,199.0,10.0,198.0,3.0,197.0,1.0,195.0,22.0
2023-04-27 21:05:23.75,1682600723750000000,211.0,199.0,177.5,1421.0,160.0,316280.0,211.0,35.0,214.5,20.0,217.0,9.0,226.5,10.0,229.5,10.0,201.5,30.0,199.0,10.0,198.0,3.0,197.0,1.0,195.0,22.0
2023-04-27 21:05:24.5,1682600724500000000,211.0,199.0,177.5,1421.0,160.0,316280.0,211.0,35.0,214.5,20.0,217.0,9.0,226.5,10.0,259.5,10.0,201.5,30.0,199.0,10.0,198.0,3.0,197.0,1.0,195.0,22.0
2023-04-27 21:05:25.0,1682600725000000000,211.0,199.0,177.5,1421.0,160.0,316280.0,211.0,35.0,214.5,20.0,217.0,9.0,226.5,10.0,230.5,10.0,201.5,30.0,199.0,10.0,198.0,3.0,197.0,1.0,195.0,22.0
2023-04-27 21:05:26.0,1682600726000000000,211.0,199.0,177.5,1421.0,160.0,316280.0,211.0,35.0,214.5,20.0,217.0,9.0,226.5,10.0,230.5,10.0,201.5,30.0,199.0,10.0,197.0,1.0,195.0,22.0,194.5,9.0
2023-04-27 21:05:26.5,1682600726500000000,211.0,199.0,177.5,1421.0,160.0,316280.0,211.0,35.0,214.5,20.0,217.0,9.0,226.5,10.0,260.5,10.0,201.5,30.0,199.0,10.0,197.0,1.0,195.0,22.0,194.5,9.0
2023-04-27 21:05:27.5,1682600727500000000,211.0,199.0,177.5,1421.0,160.0,316280.0,211.0,35.0,214.5,20.0,217.0,9.0,226.5,10.0,231.0,10.0,201.5,30.0,199.0,10.0,197.0,1.0,195.0,22.0,194.5,9.0
2023-04-27 21:05:27.75,1682600727750000000,211.0,199.0,177.5,1421.0,160.0,316280.0,211.0,35.0,214.5,20.0,217.0,9.0,226.5,10.0,261.5,10.0,201.5,30.0,199.0,10.0,197.0,1.0,195.0,22.0,194.5,9.0
2023-04-27 21:05:28.0,1682600728000000000,211.0,199.0,177.5,1421.0,160.0,316280.0,211.0,35.0,214.5,20.0,217.0,9.0,226.5,10.0,231.0,10.0,201.5,30.0,199.0,10.0,197.0,1.0,195.0,22.0,194.5,9.0
2023-04-27 21:05:28.25,1682600728250000000,211.0,199.0,177.5,1421.0,160.0,316280.0,211.0,35.0,214.5,20.0,217.0,9.0,226.5,10.0,260.0,10.0,201.5,30.0,199.0,10.0,197.0,1.0,195.0,22.0,194.5,9.0
2023-04-27 21:05:28.5,1682600728500000000,211.0,199.0,177.5,1421.0,160.0,316280.0,211.0,35.0,214.5,20.0,217.0,9.0,226.5,10.0,230.5,10.0,201.5,30.0,199.0,10.0,197.0,1.0,195.0,22.0,194.5,9.0
2023-04-27 21:05:32.25,1682600732250000000,211.0,199.0,177.5,1421.0,160.0,316280.0,211.0,15.0,211.5,10.0,212.5,10.0,214.5,20.0,217.0,9.0,201.5,30.0,199.0,10.0,197.0,1.0,195.0,22.0,194.5,9.0
2023-04-27 21:05:32.5,1682600732500000000,211.0,199.0,177.5,1421.0,160.0,316280.0,211.0,15.0,211.5,10.0,212.5,10.0,214.5,20.0,217.0,9.0,201.5,30.0,199.0,10.0,197.0,1.0,195.0,22.0,194.5,19.0
2023-04-27 21:05:33.5,1682600733500000000,211.0,199.0,177.5,1421.0,160.0,316280.0,211.0,15.0,212.0,10.0,212.5,10.0,214.5,20.0,217.0,9.0,201.5,30.0,199.0,10.0,197.0,1.0,195.0,22.0,194.5,19.0
2023-04-27 21:05:34.75,1682600734750000000,211.0,199.0,177.5,1421.0,160.0,316280.0,211.0,15.0,212.5,10.0,213.0,10.0,214.5,20.0,217.0,9.0,201.5,30.0,199.0,10.0,197.0,1.0,195.0,22.0,194.5,19.0
2023-04-27 21:05:35.0,1682600735000000000,211.0,199.0,177.5,1421.0,160.0,316280.0,211.0,15.0,212.5,10.0,213.0,10.0,214.5,20.0,217.0,9.0,201.5,30.0,199.0,10.0,197.0,1.0,195.0,32.0,194.5,9.0
2023-04-27 21:05:35.25,1682600735250000000,211.0,199.0,177.5,1421.0,160.0,316280.0,211.0,15.0,212.5,20.0,214.5,20.0,217.0,9.0,226.5,10.0,201.5,30.0,199.0,10.0,197.0,1.0,195.0,32.0,194.5,9.0
2023-04-27 21:05:36.75,1682600736750000000,211.0,199.0,177.5,1421.0,160.0,316280.0,211.0,15.0,212.0,10.0,212.5,10.0,214.5,20.0,217.0,9.0,201.5,30.0,199.0,10.0,197.0,1.0,195.0,22.0,194.5,19.0
2023-04-27 21:05:38.0,1682600738000000000,211.0,199.0,177.5,1421.0,160.0,316280.0,211.0,15.0,211.5,10.0,212.0,10.0,214.5,20.0,217.0,9.0,201.5,30.0,199.0,10.0,197.0,1.0,195.0,22.0,194.5,19.0
2023-04-27 21:05:38.25,1682600738250000000,211.0,199.0,177.5,1421.0,160.0,316280.0,211.0,25.0,211.5,10.0,214.5,20.0,217.0,9.0,226.5,10.0,201.5,30.0,199.0,10.0,197.0,1.0,195.0,22.0,194.5,9.0
2023-04-27 21:05:40.75,1682600740750000000,211.0,211.0,177.5,1423.0,162.0,320500.0,210.5,70.0,211.0,23.0,211.5,10.0,214.5,20.0,217.0,9.0,201.5,30.0,199.0,10.0,197.0,1.0,195.0,22.0,194.5,9.0
2023-04-27 21:05:42.25,1682600742250000000,211.0,211.0,177.5,1423.0,162.0,320500.0,210.5,70.0,211.0,23.0,211.5,10.0,214.5,20.0,217.0,9.0,201.5,30.0,199.0,10.0,197.0,1.0,195.0,22.0,194.5,19.0
2023-04-27 21:05:42.5,1682600742500000000,211.0,211.0,177.5,1423.0,162.0,320500.0,210.5,70.0,211.0,23.0,211.5,10.0,214.5,20.0,217.0,9.0,201.5,30.0,199.0,10.0,197.0,1.0,195.0,22.0,194.5,9.0
2023-04-27 21:05:44.0,1682600744000000000,211.0,211.0,177.5,1423.0,162.0,320500.0,210.5,70.0,211.0,23.0,211.5,10.0,214.5,20.0,217.0,9.0,201.5,30.0,199.0,10.0,197.0,1.0,195.0,22.0,194.5,19.0
2023-04-27 21:05:45.5,1682600745500000000,211.0,211.0,177.5,1423.0,162.0,320500.0,211.0,13.0,211.5,10.0,212.0,10.0,214.5,20.0,217.0,9.0,201.5,30.0,199.0,10.0,197.0,1.0,195.0,22.0,194.5,19.0
2023-04-27 21:05:45.75,1682600745750000000,211.0,211.0,177.5,1423.0,162.0,320500.0,211.0,13.0,211.5,10.0,212.0,10.0,214.5,10.0,217.0,19.0,204.0,10.0,201.5,20.0,199.0,10.0,197.0,1.0,195.5,10.0
2023-04-27 21:05:46.0,1682600746000000000,211.0,211.0,177.5,1423.0,162.0,320500.0,211.0,13.0,212.0,20.0,214.5,10.0,217.0,19.0,226.5,10.0,204.0,20.0,201.5,10.0,199.0,10.0,197.0,1.0,195.5,10.0
2023-04-27 21:05:46.25,1682600746250000000,211.0,211.0,177.5,1423.0,162.0,320500.0,211.0,13.0,212.0,20.0,214.5,10.0,217.0,19.0,226.5,10.0,204.0,30.0,199.0,10.0,197.5,1.0,197.0,1.0,195.0,22.0
2023-04-27 21:05:46.5,1682600746500000000,211.0,211.0,177.5,1423.0,162.0,320500.0,211.0,13.0,211.5,10.0,212.0,10.0,214.5,10.0,217.0,19.0,204.0,30.0,199.0,10.0,197.5,1.0,197.0,1.0,195.0,22.0
2023-04-27 21:05:48.25,1682600748250000000,211.0,211.0,177.5,1423.0,162.0,320500.0,211.0,13.0,211.5,10.0,212.0,10.0,214.5,10.0,217.0,19.0,204.0,30.0,199.0,10.0,197.5,1.0,197.0,1.0,195.0,32.0
2023-04-27 21:05:49.0,1682600749000000000,211.0,211.0,177.5,1423.0,162.0,320500.0,211.0,13.0,211.5,10.0,212.0,10.0,214.5,10.0,217.0,19.0,204.0,30.0,199.0,10.0,197.5,1.0,197.0,1.0,195.0,22.0
2023-04-27 21:05:50.25,1682600750250000000,211.0,211.0,177.5,1423.0,162.0,320500.0,211.0,13.0,211.5,10.0,212.0,10.0,214.5,10.0,217.0,19.0,204.0,31.0,199.0,10.0,197.5,1.0,197.0,1.0,195.0,22.0
2023-04-27 21:05:51.0,1682600751000000000,211.0,211.0,177.5,1425.0,164.0,324720.0,211.0,78.0,211.5,10.0,212.0,10.0,214.5,10.0,217.0,19.0,204.0,31.0,199.0,10.0,197.5,1.0,197.0,1.0,195.0,22.0
2023-04-27 21:05:51.5,1682600751500000000,211.0,211.0,177.5,1425.0,164.0,324720.0,211.0,78.0,211.5,10.0,212.0,10.0,214.5,10.0,217.0,19.0,204.0,31.0,199.0,10.0,197.5,1.0,197.0,1.0,195.0,32.0
2023-04-27 21:05:52.25,1682600752250000000,211.0,211.0,177.5,1425.0,164.0,324720.0,211.0,78.0,211.5,10.0,212.0,10.0,214.5,10.0,217.0,19.0,204.0,31.0,199.0,10.0,197.5,1.0,197.0,1.0,195.0,22.0
2023-04-27 21:05:55.75,1682600755750000000,211.0,211.0,177.5,1425.0,164.0,324720.0,211.0,88.0,211.5,10.0,214.5,10.0,217.0,19.0,226.5,10.0,204.0,31.0,199.0,10.0,197.5,1.0,197.0,1.0,195.0,22.0
2023-04-27 21:05:57.25,1682600757250000000,211.0,211.0,177.5,1425.0,164.0,324720.0,211.0,88.0,211.5,10.0,214.5,10.0,217.0,19.0,226.5,10.0,205.0,1.0,204.0,31.0,199.0,10.0,197.5,1.0,197.0,1.0
2023-04-27 21:05:57.75,1682600757750000000,211.0,211.0,177.5,1425.0,164.0,324720.0,211.0,88.0,211.5,10.0,214.5,10.0,217.0,19.0,226.5,10.0,205.0,11.0,204.0,21.0,199.0,10.0,197.5,1.0,197.0,1.0
2023-04-27 21:05:58.0,1682600758000000000,211.0,211.0,177.5,1425.0,164.0,324720.0,211.0,78.0,211.5,20.0,214.5,10.0,217.0,19.0,226.5,10.0,205.0,11.0,204.0,21.0,199.0,10.0,197.5,1.0,197.0,1.0
2023-04-27 21:05:58.75,1682600758750000000,211.0,211.0,177.5,1425.0,164.0,324720.0,210.5,10.0,211.0,78.0,211.5,10.0,213.5,10.0,214.5,10.0,205.0,11.0,204.0,11.0,201.0,10.0,199.0,10.0,197.5,1.0
2023-04-27 21:05:59.0,1682600759000000000,211.0,211.0,177.5,1425.0,164.0,324720.0,210.5,20.0,211.0,78.0,213.5,10.0,214.5,10.0,217.0,9.0,205.0,21.0,204.0,1.0,201.0,10.0,199.0,10.0,197.5,1.0
2023-04-27 21:06:00.5,1682600760500000000,211.0,211.0,177.5,1425.0,164.0,324720.0,209.5,1.0,210.5,20.0,211.0,78.0,213.5,10.0,214.5,10.0,205.0,21.0,204.0,1.0,201.0,10.0,199.0,10.0,197.5,1.0
2023-04-27 21:06:04.5,1682600764500000000,211.0,211.0,177.5,1425.0,164.0,324720.0,209.5,11.0,210.5,10.0,211.0,78.0,213.5,10.0,214.5,10.0,205.0,21.0,204.0,1.0,201.0,10.0,199.0,10.0,197.5,1.0
2023-04-27 21:06:04.75,1682600764750000000,211.0,211.0,177.5,1425.0,164.0,324720.0,209.5,21.0,211.0,78.0,213.5,10.0,214.5,10.0,217.0,9.0,205.0,21.0,204.0,1.0,201.0,10.0,199.0,10.0,197.5,1.0
2023-04-27 21:06:05.75,1682600765750000000,211.0,211.0,177.5,1425.0,164.0,324720.0,209.5,11.0,210.0,10.0,211.0,78.0,213.5,10.0,214.5,10.0,205.0,21.0,204.0,1.0,201.0,10.0,199.0,10.0,197.5,1.0
2023-04-27 21:06:06.0,1682600766000000000,211.0,211.0,177.5,1425.0,164.0,324720.0,209.5,1.0,210.0,10.0,210.5,10.0,211.0,78.0,213.5,10.0,205.0,21.0,204.0,1.0,201.0,10.0,199.0,10.0,197.5,1.0
2023-04-27 21:06:06.5,1682600766500000000,211.0,211.0,177.5,1425.0,164.0,324720.0,209.5,1.0,210.5,20.0,211.0,78.0,213.5,10.0,214.5,10.0,205.0,21.0,204.0,1.0,201.0,10.0,199.0,10.0,197.5,1.0
2023-04-27 21:06:07.75,1682600767750000000,211.0,211.0,177.5,1425.0,164.0,324720.0,209.5,11.0,210.5,10.0,211.0,78.0,213.5,10.0,214.5,10.0,205.0,21.0,204.0,1.0,201.0,10.0,199.0,10.0,197.5,1.0
2023-04-27 21:06:08.0,1682600768000000000,211.0,211.0,177.5,1425.0,164.0,324720.0,209.5,21.0,211.0,78.0,213.5,10.0,214.5,10.0,217.0,9.0,205.0,21.0,204.0,1.0,201.0,10.0,199.0,10.0,197.5,1.0
2023-04-27 21:06:09.25,1682600769250000000,211.0,211.0,177.5,1425.0,164.0,324720.0,209.5,21.0,211.0,78.0,212.0,10.0,214.5,10.0,217.0,9.0,205.0,21.0,204.0,1.0,199.0,10.0,198.5,10.0,197.5,1.0
2023-04-27 21:06:10.5,1682600770500000000,211.0,211.0,177.5,1425.0,164.0,324720.0,209.5,11.0,211.0,78.0,212.0,10.0,214.5,10.0,217.0,9.0,205.0,11.0,204.0,1.0,199.0,10.0,198.5,10.0,197.5,1.0
2023-04-27 21:06:10.75,1682600770750000000,211.0,211.0,177.5,1425.0,164.0,324720.0,209.5,1.0,211.0,88.0,212.0,10.0,214.5,10.0,217.0,9.0,205.0,1.0,204.0,1.0,199.0,20.0,198.5,10.0,197.5,1.0
2023-04-27 21:06:13.0,1682600773000000000,211.0,209.5,177.5,1426.0,165.0,326815.0,211.0,88.0,212.0,10.0,214.5,10.0,217.0,9.0,226.0,10.0,209.5,4.0,205.0,1.0,204.0,1.0,199.0,20.0,198.5,10.0
2023-04-27 21:06:13.25,1682600773250000000,211.0,209.5,177.5,1430.0,169.0,335195.0,211.0,88.0,212.0,10.0,214.5,10.0,217.0,9.0,223.0,10.0,205.0,1.0,204.0,1.0,199.0,20.0,198.5,10.0,197.5,1.0
2023-04-27 21:06:13.5,1682600773500000000,211.0,209.5,177.5,1430.0,169.0,335195.0,209.0,79.0,211.0,21.0,212.0,10.0,214.5,10.0,217.0,9.0,205.0,1.0,204.0,1.0,199.0,20.0,198.5,10.0,197.5,1.0
2023-04-27 21:06:13.75,1682600773750000000,211.0,209.5,177.5,1430.0,169.0,335195.0,209.0,89.0,211.0,11.0,212.0,10.0,214.5,10.0,217.0,9.0,205.0,1.0,204.0,1.0,199.0,20.0,198.5,10.0,197.5,1.0
2023-04-27 21:06:18.5,1682600778500000000,211.0,209.5,177.5,1430.0,169.0,335195.0,208.5,10.0,209.0,89.0,211.0,11.0,212.0,10.0,214.5,10.0,205.0,1.0,204.0,1.0,199.5,10.0,199.0,20.0,198.5,10.0
2023-04-27 21:06:18.75,1682600778750000000,211.0,209.5,177.5,1430.0,169.0,335195.0,209.0,99.0,211.0,11.0,212.0,10.0,214.5,10.0,217.0,9.0,205.0,1.0,204.0,1.0,200.0,10.0,199.0,20.0,198.5,10.0
2023-04-27 21:06:19.0,1682600779000000000,211.0,209.5,177.5,1430.0,169.0,335195.0,209.0,89.0,210.0,10.0,211.0,11.0,212.0,10.0,214.5,10.0,205.0,1.0,204.0,1.0,201.0,10.0,199.0,20.0,198.5,10.0
2023-04-27 21:06:19.25,1682600779250000000,211.0,209.5,177.5,1430.0,169.0,335195.0,209.0,89.0,210.5,10.0,211.0,11.0,212.0,10.0,214.5,10.0,205.0,1.0,204.0,1.0,201.5,10.0,201.0,10.0,199.0,10.0
2023-04-27 21:06:21.75,1682600781750000000,211.0,209.5,177.5,1430.0,169.0,335195.0,209.0,89.0,209.5,10.0,211.0,11.0,212.0,10.0,214.5,10.0,205.0,1.0,204.0,1.0,201.0,10.0,200.5,10.0,199.0,10.0
2023-04-27 21:06:22.0,1682600782000000000,211.0,209.5,177.5,1430.0,169.0,335195.0,209.0,89.0,209.5,10.0,211.0,11.0,212.0,10.0,214.5,10.0,205.0,1.0,204.0,1.0,200.5,20.0,199.0,10.0,198.5,10.0
2023-04-27 21:06:23.0,1682600783000000000,211.0,209.5,177.5,1430.0,169.0,335195.0,209.0,99.0,211.0,11.0,212.0,10.0,214.5,10.0,217.0,9.0,205.0,1.0,204.0,1.0,200.5,10.0,200.0,10.0,199.0,10.0
2023-04-27 21:06:23.25,1682600783250000000,211.0,209.5,177.5,1430.0,169.0,335195.0,209.0,89.0,209.5,10.0,211.0,11.0,212.0,10.0,214.5,10.0,205.0,1.0,204.0,1.0,200.5,10.0,200.0,10.0,199.0,10.0
2023-04-27 21:06:23.75,1682600783750000000,211.0,209.5,177.5,1430.0,169.0,335195.0,209.0,99.0,211.0,11.0,212.0,10.0,214.5,10.0,217.0,9.0,205.0,1.0,204.0,1.0,200.0,20.0,199.0,10.0,198.5,10.0
2023-04-27 21:06:24.5,1682600784500000000,211.0,209.5,177.5,1430.0,169.0,335195.0,209.0,89.0,209.5,10.0,211.0,11.0,212.0,10.0,214.5,10.0,205.0,1.0,204.0,1.0,200.5,10.0,200.0,10.0,199.0,10.0
2023-04-27 21:06:25.25,1682600785250000000,211.0,209.5,177.5,1430.0,169.0,335195.0,209.0,89.0,210.0,10.0,211.0,11.0,212.0,10.0,214.5,10.0,205.0,1.0,204.0,1.0,201.0,10.0,200.0,10.0,199.0,10.0
2023-04-27 21:06:25.5,1682600785500000000,211.0,209.5,177.5,1430.0,169.0,335195.0,209.0,89.0,209.5,10.0,211.0,11.0,212.0,10.0,214.5,10.0,205.0,1.0,204.0,1.0,200.5,10.0,200.0,10.0,199.0,10.0
2023-04-27 21:06:25.75,1682600785750000000,211.0,209.5,177.5,1430.0,169.0,335195.0,209.0,89.0,210.0,10.0,211.0,11.0,212.0,10.0,214.5,10.0,205.0,1.0,204.0,1.0,201.0,10.0,200.0,10.0,199.0,10.0
2023-04-27 21:06:27.75,1682600787750000000,211.0,209.5,177.5,1430.0,169.0,335195.0,209.0,89.0,210.5,10.0,211.0,11.0,212.0,10.0,214.5,10.0,205.0,1.0,204.0,1.0,201.5,10.0,200.0,10.0,199.0,10.0
2023-04-27 21:06:28.75,1682600788750000000,211.0,209.5,177.5,1430.0,169.0,335195.0,209.0,89.0,211.0,21.0,214.0,10.0,214.5,10.0,217.0,9.0,205.0,1.0,204.0,1.0,202.0,10.0,201.0,10.0,200.0,10.0
2023-04-27 21:06:29.0,1682600789000000000,211.0,209.5,177.5,1430.0,169.0,335195.0,209.0,89.0,211.0,21.0,214.0,10.0,214.5,10.0,217.0,9.0,205.0,1.0,204.0,1.0,202.0,20.0,201.0,10.0,199.0,10.0
2023-04-27 21:06:29.25,1682600789250000000,211.0,209.5,177.5,1430.0,169.0,335195.0,209.0,89.0,211.0,11.0,211.5,10.0,214.0,10.0,214.5,10.0,205.0,1.0,204.0,1.0,202.5,10.0,202.0,10.0,201.0,10.0
2023-04-27 21:06:29.75,1682600789750000000,211.0,209.5,177.5,1430.0,169.0,335195.0,209.0,89.0,211.0,11.0,212.0,10.0,214.0,10.0,214.5,10.0,205.0,1.0,204.0,1.0,202.5,10.0,202.0,10.0,201.0,10.0
2023-04-27 21:06:32.0,1682600792000000000,211.0,209.5,177.5,1430.0,169.0,335195.0,209.0,89.0,211.0,11.0,211.5,10.0,214.0,10.0,214.5,10.0,205.0,1.0,204.0,1.0,202.0,20.0,201.0,10.0,199.0,10.0
2023-04-27 21:06:32.5,1682600792500000000,211.0,209.5,177.5,1430.0,169.0,335195.0,209.0,89.0,211.0,21.0,214.0,10.0,214.5,10.0,217.0,9.0,205.0,1.0,204.0,1.0,202.0,20.0,201.0,10.0,199.0,10.0
2023-04-27 21:06:33.0,1682600793000000000,211.0,209.5,177.5,1430.0,169.0,335195.0,209.0,89.0,210.5,10.0,211.0,11.0,214.0,10.0,214.5,10.0,205.0,1.0,204.0,1.0,202.0,10.0,201.5,10.0,201.0,10.0
2023-04-27 21:06:33.25,1682600793250000000,211.0,209.5,177.5,1430.0,169.0,335195.0,209.0,89.0,210.5,10.0,211.0,11.0,214.0,10.0,214.5,10.0,205.0,1.0,204.0,1.0,201.5,20.0,201.0,10.0,199.0,10.0
2023-04-27 21:06:34.0,1682600794000000000,211.0,209.5,177.5,1430.0,169.0,335195.0,209.0,89.0,211.0,21.0,214.0,10.0,214.5,10.0,217.0,9.0,205.0,1.0,204.0,1.0,202.0,10.0,201.5,10.0,201.0,10.0
2023-04-27 21:06:35.25,1682600795250000000,211.0,209.5,177.5,1430.0,169.0,335195.0,209.0,89.0,211.0,11.0,212.0,10.0,214.0,10.0,214.5,10.0,205.0,1.0,204.0,1.0,202.5,10.0,201.5,10.0,201.0,10.0
2023-04-27 21:06:36.25,1682600796250000000,211.0,209.5,177.5,1430.0,169.0,335195.0,209.0,10.0,211.0,11.0,211.5,10.0,214.0,10.0,214.5,10.0,205.0,1.0,204.0,1.0,202.5,10.0,201.5,10.0,201.0,10.0
2023-04-27 21:06:36.5,1682600796500000000,211.0,209.5,177.5,1430.0,169.0,335195.0,211.0,21.0,212.0,10.0,214.0,10.0,214.5,10.0,217.0,9.0,205.0,1.0,204.0,1.0,203.0,10.0,202.5,10.0,201.0,10.0
2023-04-27 21:06:37.5,1682600797500000000,211.0,209.5,177.5,1430.0,169.0,335195.0,211.0,21.0,212.0,10.0,214.0,10.0,214.5,10.0,217.0,9.0,205.0,1.0,204.0,1.0,202.5,20.0,201.0,10.0,199.0,10.0
2023-04-27 21:06:37.75,1682600797750000000,211.0,209.5,177.5,1430.0,169.0,335195.0,211.0,21.0,212.0,10.0,214.0,10.0,214.5,10.0,217.0,9.0,205.0,1.0,204.0,1.0,203.0,10.0,202.5,10.0,201.0,10.0
2023-04-27 21:06:38.0,1682600798000000000,211.0,209.5,177.5,1430.0,169.0,335195.0,211.0,21.0,212.0,10.0,214.0,10.0,214.5,10.0,217.0,9.0,205.0,1.0,204.0,1.0,202.5,20.0,201.0,10.0,199.0,10.0
2023-04-27 21:06:38.25,1682600798250000000,211.0,209.5,177.5,1430.0,169.0,335195.0,211.0,21.0,212.0,10.0,214.0,10.0,214.5,10.0,217.0,9.0,205.0,1.0,204.0,1.0,203.0,10.0,202.5,10.0,201.0,10.0
2023-04-27 21:06:38.5,1682600798500000000,211.0,209.5,177.5,1430.0,169.0,335195.0,211.0,21.0,211.5,10.0,214.0,10.0,214.5,10.0,217.0,9.0,205.0,1.0,204.0,1.0,202.5,20.0,201.0,10.0,199.0,10.0
2023-04-27 21:06:40.25,1682600800250000000,211.0,209.5,177.5,1430.0,169.0,335195.0,211.0,31.0,214.0,10.0,214.5,10.0,217.0,9.0,230.0,10.0,205.0,1.0,204.0,1.0,202.5,10.0,202.0,10.0,201.0,10.0
2023-04-27 21:06:40.5,1682600800500000000,211.0,209.5,177.5,1430.0,169.0,335195.0,211.0,31.0,214.0,10.0,214.5,10.0,217.0,9.0,227.0,10.0,205.0,1.0,204.0,1.0,202.0,20.0,201.0,10.0,199.0,10.0
2023-04-27 21:06:43.25,1682600803250000000,211.0,209.5,177.5,1430.0,169.0,335195.0,210.5,10.0,211.0,21.0,214.0,10.0,214.5,10.0,217.0,9.0,205.0,1.0,204.0,1.0,202.0,10.0,201.5,10.0,201.0,10.0
2023-04-27 21:06:43.5,1682600803500000000,211.0,209.5,177.5,1430.0,169.0,335195.0,210.5,30.0,211.0,11.0,214.0,10.0,214.5,10.0,217.0,9.0,205.0,11.0,204.0,1.0,201.5,20.0,201.0,10.0,199.0,10.0
2023-04-27 21:06:43.75,1682600803750000000,211.0,209.5,177.5,1430.0,169.0,335195.0,210.5,30.0,211.0,11.0,214.0,10.0,214.5,10.0,217.0,9.0,205.0,21.0,204.0,1.0,201.5,10.0,201.0,10.0,199.0,10.0
2023-04-27 21:06:44.0,1682600804000000000,211.0,209.5,177.5,1430.0,169.0,335195.0,210.5,20.0,211.0,21.0,214.0,10.0,214.5,10.0,217.0,9.0,205.0,21.0,204.0,1.0,201.5,10.0,201.0,10.0,199.0,10.0
2023-04-27 21:06:44.5,1682600804500000000,211.0,209.5,177.5,1430.0,169.0,335195.0,210.5,30.0,211.0,11.0,214.0,10.0,214.5,10.0,217.0,9.0,205.0,21.0,204.0,1.0,201.0,20.0,199.0,10.0,197.5,1.0
2023-04-27 21:06:45.5,1682600805500000000,211.0,209.5,177.5,1430.0,169.0,335195.0,210.5,30.0,211.0,11.0,214.0,10.0,214.5,10.0,217.0,9.0,205.0,21.0,204.0,1.0,201.5,10.0,201.0,10.0,199.0,10.0
2023-04-27 21:06:46.25,1682600806250000000,211.0,209.5,177.5,1430.0,169.0,335195.0,210.5,30.0,211.0,11.0,214.0,10.0,214.5,10.0,217.0,9.0,205.0,21.0,204.0,1.0,201.0,20.0,199.0,10.0,197.5,1.0
2023-04-27 21:06:47.75,1682600807750000000,211.0,209.5,177.5,1430.0,169.0,335195.0,210.5,20.0,211.0,21.0,214.0,10.0,214.5,10.0,217.0,9.0,205.0,21.0,204.0,1.0,201.5,10.0,201.0,10.0,199.0,10.0
2023-04-27 21:06:54.25,1682600814250000000,211.0,209.5,177.5,1430.0,169.0,335195.0,210.5,30.0,211.0,11.0,214.0,10.0,214.5,10.0,217.0,9.0,205.0,21.0,204.0,1.0,201.0,20.0,199.5,1.0,199.0,10.0
2023-04-27 21:06:56.5,1682600816500000000,211.0,209.5,177.5,1430.0,169.0,335195.0,210.0,10.0,210.5,20.0,211.0,11.0,214.0,10.0,214.5,10.0,205.0,21.0,204.0,1.0,201.0,10.0,200.5,10.0,199.5,1.0
2023-04-27 21:06:57.0,1682600817000000000,211.0,209.5,177.5,1430.0,169.0,335195.0,210.5,30.0,211.0,11.0,214.0,10.0,214.5,10.0,217.0,9.0,205.0,21.0,204.0,1.0,201.0,20.0,199.5,1.0,199.0,10.0
2023-04-27 21:06:57.75,1682600817750000000,211.0,209.5,177.5,1430.0,169.0,335195.0,210.0,10.0,210.5,20.0,211.0,11.0,214.0,10.0,214.5,10.0,205.0,21.0,204.0,1.0,201.0,10.0,200.5,10.0,199.5,1.0
2023-04-27 21:06:59.75,1682600819750000000,211.0,209.5,177.5,1430.0,169.0,335195.0,210.0,10.0,210.5,20.0,211.0,11.0,212.0,10.0,214.0,10.0,205.0,21.0,204.0,1.0,203.0,10.0,201.0,10.0,200.5,10.0
2023-04-27 21:07:00.75,1682600820750000000,211.0,209.5,177.5,1430.0,169.0,335195.0,209.5,10.0,210.5,20.0,211.0,11.0,212.0,10.0,214.0,10.0,205.0,21.0,204.0,1.0,203.0,10.0,201.0,10.0,200.0,10.0
2023-04-27 21:07:01.0,1682600821000000000,211.0,209.5,177.5,1430.0,169.0,335195.0,209.5,30.0,211.0,11.0,211.5,10.0,214.0,10.0,214.5,10.0,205.0,21.0,204.0,1.0,203.0,10.0,201.0,10.0,200.0,10.0
2023-04-27 21:07:02.0,1682600822000000000,211.0,209.5,177.5,1430.0,169.0,335195.0,209.0,10.0,209.5,20.0,211.0,11.0,211.5,20.0,214.5,10.0,205.0,21.0,204.0,1.0,203.0,10.0,199.5,11.0,199.0,20.0
2023-04-27 21:07:02.25,1682600822250000000,211.0,209.5,177.5,1430.0,169.0,335195.0,209.5,20.0,210.0,10.0,211.0,11.0,211.5,20.0,214.5,10.0,205.0,21.0,204.0,1.0,203.0,10.0,200.5,10.0,199.5,1.0
2023-04-27 21:07:03.25,1682600823250000000,211.0,209.5,177.5,1430.0,169.0,335195.0,209.5,20.0,210.5,10.0,211.0,11.0,211.5,20.0,214.5,10.0,205.0,21.0,204.0,1.0,203.0,10.0,201.0,10.0,199.5,1.0
2023-04-27 21:07:03.5,1682600823500000000,211.0,209.5,177.5,1430.0,169.0,335195.0,209.5,10.0,210.0,10.0,210.5,10.0,211.0,11.0,211.5,20.0,205.0,21.0,204.0,1.0,203.0,10.0,201.0,10.0,199.5,1.0
2023-04-27 21:07:03.75,1682600823750000000,211.0,209.5,177.5,1430.0,169.0,335195.0,210.0,20.0,210.5,10.0,211.0,11.0,211.5,20.0,214.5,10.0,205.0,21.0,204.0,1.0,203.0,10.0,201.0,10.0,199.0,20.0
2023-04-27 21:07:04.0,1682600824000000000,211.0,209.5,177.5,1430.0,169.0,335195.0,210.0,30.0,211.0,11.0,211.5,10.0,212.0,10.0,214.5,10.0,205.0,21.0,204.0,1.0,203.0,10.0,200.5,10.0,199.0,21.0
2023-04-27 21:07:08.5,1682600828500000000,211.0,209.5,177.5,1430.0,169.0,335195.0,210.0,20.0,210.5,10.0,211.0,11.0,211.5,10.0,212.0,10.0,205.0,21.0,204.0,1.0,203.0,10.0,201.0,10.0,199.0,21.0
2023-04-27 21:07:08.75,1682600828750000000,211.0,209.5,177.5,1430.0,169.0,335195.0,210.0,30.0,211.0,11.0,211.5,10.0,212.0,10.0,214.5,10.0,205.0,21.0,204.0,1.0,203.0,10.0,200.5,10.0,199.0,21.0
2023-04-27 21:07:09.0,1682600829000000000,211.0,209.5,177.5,1430.0,169.0,335195.0,210.0,20.0,210.5,10.0,211.0,11.0,211.5,10.0,212.0,10.0,205.0,21.0,204.0,1.0,203.0,10.0,201.0,10.0,199.0,21.0
2023-04-27 21:07:09.5,1682600829500000000,211.0,209.5,177.5,1430.0,169.0,335195.0,210.0,30.0,211.0,11.0,211.5,10.0,212.0,10.0,214.5,10.0,205.0,21.0,204.0,1.0,203.0,10.0,200.5,10.0,199.0,21.0
2023-04-27 21:07:10.0,1682600830000000000,211.0,209.5,177.5,1430.0,169.0,335195.0,210.0,20.0,211.0,11.0,211.5,20.0,212.0,10.0,214.5,10.0,205.0,21.0,204.0,1.0,203.0,10.0,202.0,10.0,199.0,21.0
2023-04-27 21:07:10.5,1682600830500000000,211.0,209.5,177.5,1430.0,169.0,335195.0,210.0,20.0,211.0,21.0,211.5,10.0,212.0,10.0,214.5,10.0,205.0,21.0,204.0,1.0,203.0,10.0,201.5,10.0,199.0,21.0
2023-04-27 21:07:11.25,1682600831250000000,211.0,209.5,177.5,1430.0,169.0,335195.0,210.0,20.0,211.0,21.0,211.5,10.0,212.0,10.0,214.5,10.0,205.0,21.0,204.0,1.0,203.5,10.0,203.0,10.0,201.5,10.0
2023-04-27 21:07:11.5,1682600831500000000,211.0,209.5,177.5,1430.0,169.0,335195.0,209.0,10.0,210.0,20.0,211.0,21.0,211.5,10.0,212.0,10.0,205.0,21.0,204.0,1.0,203.5,10.0,203.0,10.0,201.5,10.0
2023-04-27 21:07:11.75,1682600831750000000,211.0,209.5,177.5,1430.0,169.0,335195.0,209.0,20.0,210.0,10.0,211.0,21.0,211.5,10.0,212.0,10.0,205.0,21.0,204.0,1.0,203.5,10.0,203.0,10.0,201.5,10.0
2023-04-27 21:07:12.0,1682600832000000000,211.0,209.5,177.5,1430.0,169.0,335195.0,209.0,30.0,211.0,31.0,211.5,10.0,214.5,10.0,217.0,9.0,205.0,21.0,204.0,1.0,203.5,10.0,203.0,10.0,201.5,10.0
2023-04-27 21:07:13.25,1682600833250000000,211.0,209.5,177.5,1430.0,169.0,335195.0,209.0,10.0,209.5,20.0,211.0,31.0,211.5,10.0,214.5,10.0,205.0,21.0,204.0,1.0,203.5,10.0,203.0,10.0,201.5,10.0
2023-04-27 21:07:13.5,1682600833500000000,211.0,209.5,177.5,1430.0,169.0,335195.0,209.5,30.0,211.0,31.0,211.5,10.0,214.5,10.0,217.0,9.0,205.0,21.0,204.0,1.0,203.5,10.0,203.0,10.0,201.5,10.0
2023-04-27 21:07:13.75,1682600833750000000,211.0,209.5,177.5,1430.0,169.0,335195.0,209.5,30.0,211.0,21.0,211.5,20.0,214.5,10.0,217.0,9.0,205.0,21.0,204.0,1.0,203.5,10.0,203.0,10.0,202.0,10.0
2023-04-27 21:07:14.0,1682600834000000000,211.0,209.5,177.5,1430.0,169.0,335195.0,209.5,30.0,211.0,21.0,211.5,20.0,214.5,10.0,217.0,9.0,205.0,21.0,204.0,1.0,203.5,10.0,203.0,10.0,201.5,10.0
2023-04-27 21:07:14.25,1682600834250000000,211.0,209.5,177.5,1430.0,169.0,335195.0,209.5,30.0,210.5,10.0,211.0,21.0,211.5,10.0,214.5,10.0,205.0,21.0,204.0,1.0,203.5,10.0,203.0,10.0,202.0,10.0
2023-04-27 21:07:15.5,1682600835500000000,211.0,209.5,177.5,1430.0,169.0,335195.0,209.5,40.0,210.5,10.0,211.0,21.0,211.5,10.0,214.5,10.0,205.0,21.0,204.0,1.0,203.5,20.0,203.0,10.0,202.0,10.0
2023-04-27 21:07:20.5,1682600840500000000,211.0,209.5,177.5,1430.0,169.0,335195.0,209.5,30.0,210.5,10.0,211.0,21.0,211.5,10.0,214.5,10.0,205.0,21.0,204.0,1.0,203.5,10.0,203.0,10.0,202.0,10.0
2023-04-27 21:07:21.0,1682600841000000000,211.0,209.5,177.5,1430.0,169.0,335195.0,209.5,30.0,210.5,10.0,211.0,11.0,211.5,20.0,214.5,10.0,205.0,21.0,204.0,1.0,203.5,10.0,203.0,10.0,202.0,20.0
2023-04-27 21:07:21.75,1682600841750000000,211.0,209.5,177.5,1430.0,169.0,335195.0,209.0,1.0,209.5,30.0,210.5,10.0,211.0,11.0,211.5,20.0,205.0,21.0,204.0,1.0,203.5,10.0,203.0,10.0,202.0,20.0
2023-04-27 21:07:22.0,1682600842000000000,211.0,209.5,177.5,1430.0,169.0,335195.0,209.0,1.0,209.5,30.0,210.5,10.0,211.0,31.0,214.5,10.0,205.0,21.0,204.0,1.0,203.5,10.0,203.0,10.0,202.0,10.0
2023-04-27 21:07:22.75,1682600842750000000,211.0,209.5,177.5,1430.0,169.0,335195.0,209.0,1.0,209.5,20.0,210.0,10.0,210.5,10.0,211.0,31.0,205.0,21.0,204.0,1.0,203.5,10.0,203.0,10.0,202.0,10.0
2023-04-27 21:07:23.0,1682600843000000000,211.0,209.5,177.5,1430.0,169.0,335195.0,209.0,1.0,209.5,20.0,210.0,10.0,210.5,20.0,211.0,21.0,205.0,21.0,204.0,1.0,203.5,10.0,203.0,10.0,202.0,10.0
2023-04-27 21:07:24.0,1682600844000000000,211.0,209.5,177.5,1430.0,169.0,335195.0,209.0,1.0,209.5,20.0,210.0,10.0,210.5,10.0,211.0,21.0,205.0,21.0,204.0,1.0,203.5,10.0,203.0,10.0,202.5,10.0
2023-04-27 21:07:24.5,1682600844500000000,211.0,209.5,177.5,1430.0,169.0,335195.0,209.0,11.0,209.5,20.0,210.5,10.0,211.0,21.0,211.5,10.0,205.0,21.0,204.0,1.0,203.5,10.0,203.0,10.0,202.5,10.0
2023-04-27 21:07:24.75,1682600844750000000,211.0,209.5,177.5,1430.0,169.0,335195.0,209.0,1.0,209.5,30.0,210.5,10.0,211.0,21.0,211.5,10.0,205.0,21.0,204.0,1.0,203.5,10.0,203.0,10.0,202.5,10.0
2023-04-27 21:07:26.0,1682600846000000000,211.0,209.5,177.5,1430.0,169.0,335195.0,209.0,1.0,209.5,10.0,210.0,10.0,210.5,20.0,211.0,21.0,205.0,21.0,204.0,11.0,203.0,10.0,202.5,10.0,202.0,10.0
2023-04-27 21:07:26.25,1682600846250000000,211.0,209.5,177.5,1430.0,169.0,335195.0,209.0,1.0,210.0,20.0,210.5,20.0,211.0,31.0,214.5,10.0,205.0,21.0,204.0,11.0,203.0,10.0,202.0,20.0,199.5,10.0
2023-04-27 21:07:29.25,1682600849250000000,211.0,209.5,177.5,1430.0,169.0,335195.0,209.0,1.0,210.0,20.0,210.5,20.0,211.0,31.0,214.5,10.0,205.0,21.0,204.0,11.0,203.0,10.0,202.0,10.0,201.5,10.0
2023-04-27 21:07:29.5,1682600849500000000,211.0,209.5,177.5,1430.0,169.0,335195.0,209.0,1.0,210.0,20.0,210.5,20.0,211.0,21.0,212.0,10.0,205.0,21.0,204.0,11.0,203.0,10.0,202.5,10.0,202.0,10.0
2023-04-27 21:07:29.75,1682600849750000000,211.0,209.5,177.5,1430.0,169.0,335195.0,209.0,1.0,210.0,20.0,210.5,20.0,211.0,21.0,211.5,10.0,205.0,21.0,204.0,11.0,203.0,10.0,202.5,10.0,202.0,10.0
2023-04-27 21:07:31.0,1682600851000000000,211.0,209.5,177.5,1430.0,169.0,335195.0,208.0,1.0,209.0,1.0,210.0,20.0,210.5,20.0,211.0,21.0,205.0,21.0,204.0,11.0,203.0,10.0,202.5,10.0,202.0,10.0
2023-04-27 21:07:31.25,1682600851250000000,211.0,209.5,177.5,1430.0,169.0,335195.0,208.0,1.0,209.0,1.0,210.0,20.0,210.5,20.0,211.0,31.0,205.0,21.0,204.0,11.0,203.0,10.0,202.0,20.0,199.5,10.0
2023-04-27 21:07:31.5,1682600851500000000,211.0,209.5,177.5,1430.0,169.0,335195.0,208.0,1.0,209.0,11.0,210.0,20.0,210.5,20.0,211.0,21.0,205.0,21.0,204.0,11.0,203.0,10.0,202.0,10.0,201.5,10.0
2023-04-27 21:07:31.75,1682600851750000000,211.0,209.5,177.5,1430.0,169.0,335195.0,208.0,1.0,209.0,21.0,210.0,10.0,210.5,20.0,211.0,21.0,205.0,21.0,204.0,11.0,203.0,10.0,202.0,10.0,201.5,10.0
2023-04-27 21:07:32.25,1682600852250000000,211.0,209.5,177.5,1430.0,169.0,335195.0,208.0,1.0,209.0,21.0,210.0,10.0,210.5,20.0,211.0,21.0,205.0,21.0,204.0,11.0,203.0,10.0,202.0,20.0,199.5,10.0
2023-04-27 21:07:32.5,1682600852500000000,211.0,209.5,177.5,1430.0,169.0,335195.0,208.0,1.0,209.0,21.0,210.0,10.0,210.5,20.0,211.0,11.0,205.0,21.0,204.0,11.0,203.0,10.0,202.5,10.0,202.0,10.0
2023-04-27 21:07:32.75,1682600852750000000,211.0,209.5,177.5,1430.0,169.0,335195.0,208.0,1.0,209.0,21.0,210.0,10.0,210.5,20.0,211.0,21.0,205.0,21.0,204.0,11.0,203.0,10.0,202.0,20.0,199.5,10.0
2023-04-27 21:07:33.0,1682600853000000000,211.0,209.5,177.5,1430.0,169.0,335195.0,208.0,1.0,209.0,21.0,210.0,10.0,210.5,20.0,211.0,21.0,205.0,21.0,204.0,11.0,203.0,10.0,202.0,10.0,201.5,10.0
2023-04-27 21:07:37.25,1682600857250000000,211.0,209.5,177.5,1430.0,169.0,335195.0,208.0,1.0,209.0,21.0,210.0,10.0,210.5,30.0,211.0,11.0,205.0,21.0,204.0,11.0,203.0,10.0,202.0,10.0,201.0,10.0
2023-04-27 21:07:37.5,1682600857500000000,211.0,209.5,177.5,1430.0,169.0,335195.0,206.5,1.0,209.0,21.0,210.0,10.0,210.5,30.0,211.0,11.0,205.0,21.0,204.0,11.0,203.0,10.0,202.0,10.0,201.0,10.0
2023-04-27 21:07:37.75,1682600857750000000,211.0,209.5,177.5,1430.0,169.0,335195.0,206.5,1.0,207.5,10.0,209.0,11.0,210.0,10.0,210.5,30.0,205.0,21.0,204.0,11.0,203.0,10.0,202.0,10.0,201.5,10.0
2023-04-27 21:07:38.0,1682600858000000000,211.0,209.5,177.5,1430.0,169.0,335195.0,206.5,1.0,207.5,20.0,208.5,10.0,209.0,1.0,209.5,10.0,205.0,21.0,204.0,1.0,203.0,20.0,202.0,10.0,200.5,10.0
2023-04-27 21:07:39.0,1682600859000000000,211.0,209.5,177.5,1430.0,169.0,335195.0,206.5,1.0,207.5,20.0,208.5,10.0,209.0,1.0,209.5,20.0,205.0,21.0,204.0,1.0,203.0,20.0,202.0,10.0,200.5,10.0
2023-04-27 21:07:39.25,1682600859250000000,211.0,205.0,177.5,1451.0,190.0,378245.0,205.5,10.0,206.5,1.0,207.5,10.0,208.5,10.0,209.0,1.0,204.0,1.0,203.0,20.0,202.5,10.0,202.0,10.0,200.0,10.0
2023-04-27 21:07:39.5,1682600859500000000,211.0,205.0,177.5,1451.0,190.0,378245.0,205.5,10.0,206.5,1.0,207.5,20.0,209.0,1.0,209.5,20.0,205.0,10.0,204.0,1.0,203.0,10.0,202.0,20.0,201.5,10.0
2023-04-27 21:07:39.75,1682600859750000000,211.0,205.0,177.5,1451.0,190.0,378245.0,205.5,10.0,206.5,11.0,207.5,10.0,209.0,1.0,209.5,20.0,204.5,10.0,204.0,1.0,203.0,10.0,202.5,10.0,202.0,20.0
2023-04-27 21:07:40.0,1682600860000000000,211.0,205.0,177.5,1451.0,190.0,378245.0,205.5,10.0,206.5,11.0,207.5,10.0,208.5,20.0,209.0,11.0,204.5,10.0,204.0,1.0,202.5,10.0,202.0,20.0,200.5,10.0
2023-04-27 21:07:40.25,1682600860250000000,211.0,205.0,177.5,1451.0,190.0,378245.0,206.5,11.0,207.5,10.0,208.5,20.0,209.0,11.0,211.0,11.0,204.5,10.0,204.0,1.0,202.5,10.0,202.0,10.0,200.5,10.0
2023-04-27 21:07:40.5,1682600860500000000,211.0,205.0,177.5,1451.0,190.0,378245.0,206.5,1.0,207.5,10.0,208.5,30.0,209.0,1.0,210.0,10.0,204.5,10.0,204.0,1.0,202.5,10.0,202.0,10.0,200.5,20.0
2023-04-27 21:07:40.75,1682600860750000000,211.0,205.0,177.5,1451.0,190.0,378245.0,206.5,1.0,207.5,10.0,208.5,30.0,209.0,1.0,210.5,10.0,204.5,10.0,204.0,1.0,202.5,10.0,202.0,10.0,201.0,10.0
2023-04-27 21:07:41.25,1682600861250000000,211.0,205.0,177.5,1451.0,190.0,378245.0,206.5,1.0,207.5,10.0,208.5,30.0,209.0,1.0,211.0,21.0,204.5,10.0,204.0,1.0,202.5,10.0,202.0,10.0,201.5,10.0
2023-04-27 21:07:41.5,1682600861500000000,211.0,205.0,177.5,1451.0,190.0,378245.0,205.5,10.0,206.5,1.0,207.5,10.0,208.5,30.0,209.0,1.0,204.5,10.0,204.0,1.0,202.5,20.0,202.0,10.0,201.0,10.0
2023-04-27 21:07:41.75,1682600861750000000,211.0,205.0,177.5,1451.0,190.0,378245.0,206.5,1.0,207.5,10.0,208.5,30.0,209.0,1.0,210.5,10.0,204.5,10.0,204.0,1.0,202.5,10.0,202.0,10.0,201.0,10.0
2023-04-27 21:07:42.0,1682600862000000000,211.0,205.0,177.5,1451.0,190.0,378245.0,206.5,11.0,208.5,30.0,209.0,1.0,210.5,10.0,211.0,11.0,204.5,10.0,204.0,1.0,202.5,10.0,202.0,10.0,201.0,10.0
2023-04-27 21:07:42.25,1682600862250000000,211.0,205.0,177.5,1451.0,190.0,378245.0,205.5,10.0,206.5,1.0,207.5,10.0,208.5,30.0,209.0,1.0,204.5,10.0,204.0,1.0,202.5,10.0,202.0,10.0,201.5,10.0
2023-04-27 21:07:42.5,1682600862500000000,211.0,205.0,177.5,1451.0,190.0,378245.0,205.5,10.0,206.5,1.0,207.5,20.0,208.5,20.0,209.0,1.0,204.5,10.0,204.0,1.0,202.5,10.0,202.0,20.0,201.0,10.0
2023-04-27 21:07:42.75,1682600862750000000,211.0,205.0,177.5,1451.0,190.0,378245.0,205.5,10.0,206.5,11.0,207.5,10.0,208.5,20.0,209.0,1.0,204.5,10.0,204.0,1.0,202.5,20.0,202.0,10.0,201.0,10.0
2023-04-27 21:07:43.0,1682600863000000000,211.0,205.0,177.5,1451.0,190.0,378245.0,205.5,10.0,206.5,11.0,207.5,10.0,208.5,20.0,209.0,1.0,204.5,10.0,204.0,1.0,202.5,10.0,202.0,20.0,201.5,10.0
2023-04-27 21:07:43.25,1682600863250000000,211.0,205.0,177.5,1451.0,190.0,378245.0,206.5,11.0,207.5,10.0,208.5,20.0,209.0,1.0,210.5,10.0,204.5,10.0,204.0,1.0,202.5,10.0,202.0,10.0,201.0,10.0
2023-04-27 21:07:43.5,1682600863500000000,211.0,205.0,177.5,1451.0,190.0,378245.0,206.5,11.0,208.5,30.0,209.0,1.0,210.5,10.0,211.0,11.0,204.5,10.0,204.0,1.0,202.5,10.0,202.0,10.0,201.0,10.0
2023-04-27 21:07:43.75,1682600863750000000,211.0,205.0,177.5,1451.0,190.0,378245.0,206.5,1.0,207.5,10.0,208.5,30.0,209.0,1.0,210.5,10.0,204.5,10.0,204.0,1.0,202.5,10.0,202.0,10.0,201.0,10.0
2023-04-27 21:07:44.0,1682600864000000000,211.0,205.0,177.5,1451.0,190.0,378245.0,206.5,1.0,207.5,10.0,208.5,30.0,209.0,1.0,211.0,21.0,204.5,10.0,204.0,1.0,202.5,10.0,202.0,10.0,201.5,10.0
2023-04-27 21:07:44.25,1682600864250000000,211.0,205.0,177.5,1451.0,190.0,378245.0,205.5,10.0,206.5,1.0,207.5,10.0,208.5,30.0,209.0,1.0,204.5,10.0,204.0,1.0,202.5,20.0,202.0,10.0,201.0,10.0
2023-04-27 21:07:44.5,1682600864500000000,211.0,205.0,177.5,1451.0,190.0,378245.0,206.5,1.0,207.5,20.0,208.5,20.0,209.0,1.0,210.5,10.0,204.5,10.0,204.0,1.0,202.5,10.0,202.0,10.0,201.0,10.0
2023-04-27 21:07:44.75,1682600864750000000,211.0,205.0,177.5,1451.0,190.0,378245.0,206.5,11.0,207.5,10.0,208.5,20.0,209.0,1.0,210.5,10.0,204.5,10.0,204.0,1.0,202.5,10.0,202.0,10.0,201.0,10.0
2023-04-27 21:07:45.0,1682600865000000000,211.0,205.0,177.5,1451.0,190.0,378245.0,205.5,10.0,206.5,1.0,207.5,10.0,208.5,30.0,209.0,1.0,204.5,10.0,204.0,1.0,202.5,10.0,202.0,20.0,201.0,10.0
2023-04-27 21:07:45.25,1682600865250000000,211.0,205.0,177.5,1451.0,190.0,378245.0,206.5,11.0,207.5,10.0,208.5,30.0,209.0,1.0,210.5,10.0,205.0,1.0,204.5,10.0,204.0,11.0,202.5,10.0,202.0,10.0
2023-04-27 21:07:45.5,1682600865500000000,211.0,205.0,177.5,1451.0,190.0,378245.0,206.5,21.0,208.5,30.0,209.0,1.0,210.5,10.0,211.0,11.0,205.0,1.0,204.5,10.0,204.0,1.0,203.5,10.0,203.0,10.0
2023-04-27 21:07:45.75,1682600865750000000,211.0,205.0,177.5,1451.0,190.0,378245.0,206.5,11.0,207.5,10.0,208.5,30.0,209.0,1.0,210.5,10.0,205.0,11.0,204.0,1.0,203.5,10.0,203.0,10.0,202.0,10.0
2023-04-27 21:07:46.0,1682600866000000000,211.0,205.0,177.5,1451.0,190.0,378245.0,206.5,1.0,207.5,20.0,208.5,30.0,209.0,1.0,210.5,10.0,205.0,11.0,204.0,11.0,203.0,10.0,202.0,10.0,201.0,10.0
2023-04-27 21:07:46.75,1682600866750000000,211.0,205.0,177.5,1462.0,201.0,400795.0,206.5,1.0,207.5,20.0,208.5,30.0,209.0,1.0,209.5,10.0,204.0,11.0,203.0,10.0,202.0,10.0,200.5,10.0,200.0,10.0
2023-04-27 21:07:47.0,1682600867000000000,211.0,205.0,177.5,1462.0,201.0,400795.0,206.5,1.0,207.5,20.0,208.5,30.0,209.0,1.0,210.0,10.0,204.5,10.0,204.0,1.0,203.0,10.0,202.0,20.0,200.5,20.0
2023-04-27 21:07:47.25,1682600867250000000,211.0,205.0,177.5,1462.0,201.0,400795.0,206.5,1.0,207.5,20.0,208.5,30.0,209.0,1.0,210.0,10.0,204.5,10.0,204.0,1.0,203.5,10.0,202.0,20.0,200.5,20.0
2023-04-27 21:07:47.5,1682600867500000000,211.0,205.0,177.5,1462.0,201.0,400795.0,206.5,1.0,207.5,20.0,208.5,30.0,209.0,1.0,210.0,10.0,204.5,10.0,204.0,1.0,203.5,10.0,202.5,10.0,202.0,10.0
2023-04-27 21:07:50.25,1682600870250000000,211.0,205.0,177.5,1462.0,201.0,400795.0,206.5,1.0,207.5,20.0,208.5,30.0,209.0,1.0,210.0,10.0,204.5,10.0,204.0,11.0,202.5,10.0,202.0,10.0,200.5,20.0
2023-04-27 21:07:50.5,1682600870500000000,211.0,205.0,177.5,1462.0,201.0,400795.0,206.5,1.0,207.5,20.0,208.5,30.0,209.0,1.0,210.0,10.0,204.5,10.0,204.0,11.0,202.5,10.0,202.0,10.0,201.0,10.0
2023-04-27 21:07:51.25,1682600871250000000,211.0,205.0,177.5,1462.0,201.0,400795.0,206.5,1.0,207.5,20.0,208.5,30.0,209.0,1.0,210.5,10.0,204.5,10.0,204.0,11.0,202.5,10.0,202.0,10.0,201.5,10.0
2023-04-27 21:07:52.25,1682600872250000000,211.0,205.0,177.5,1462.0,201.0,400795.0,206.5,1.0,207.5,20.0,208.5,30.0,209.0,1.0,210.5,10.0,204.5,10.0,204.0,11.0,202.5,10.0,202.0,10.0,201.0,10.0
2023-04-27 21:07:53.25,1682600873250000000,211.0,205.0,177.5,1462.0,201.0,400795.0,206.5,1.0,207.5,20.0,208.5,20.0,209.0,1.0,209.5,10.0,204.5,10.0,204.0,11.0,202.5,10.0,202.0,20.0,201.0,10.0
2023-04-27 21:07:54.0,1682600874000000000,211.0,205.0,177.5,1462.0,201.0,400795.0,206.5,11.0,207.5,20.0,208.5,20.0,209.0,1.0,209.5,10.0,204.5,10.0,204.0,11.0,202.5,10.0,202.0,20.0,201.0,10.0
2023-04-27 21:07:54.5,1682600874500000000,211.0,205.0,177.5,1462.0,201.0,400795.0,206.5,11.0,207.5,20.0,208.5,20.0,209.0,1.0,209.5,10.0,204.5,10.0,204.0,11.0,202.5,10.0,202.0,20.0,200.5,10.0
2023-04-27 21:07:54.75,1682600874750000000,211.0,205.0,177.5,1462.0,201.0,400795.0,206.5,11.0,207.5,20.0,208.5,20.0,209.0,1.0,209.5,10.0,204.5,10.0,204.0,11.0,202.5,10.0,202.0,20.0,201.0,10.0
2023-04-27 21:07:55.0,1682600875000000000,211.0,205.0,177.5,1462.0,201.0,400795.0,206.5,11.0,207.5,20.0,208.5,10.0,209.0,11.0,209.5,10.0,204.5,10.0,204.0,11.0,203.0,10.0,202.5,10.0,202.0,10.0
2023-04-27 21:07:57.5,1682600877500000000,211.0,205.0,177.5,1462.0,201.0,400795.0,206.5,11.0,207.5,10.0,208.0,10.0,208.5,10.0,209.0,11.0,204.5,20.0,204.0,1.0,203.0,10.0,202.5,10.0,202.0,10.0
2023-04-27 21:07:58.75,1682600878750000000,211.0,205.0,177.5,1462.0,201.0,400795.0,206.5,11.0,207.5,10.0,208.0,10.0,208.5,10.0,209.0,1.0,204.5,20.0,204.0,1.0,203.5,10.0,202.5,10.0,202.0,10.0
2023-04-27 21:07:59.25,1682600879250000000,211.0,205.0,177.5,1462.0,201.0,400795.0,206.5,11.0,207.5,10.0,208.0,10.0,208.5,10.0,209.0,1.0,204.5,20.0,204.0,1.0,203.5,10.0,203.0,20.0,202.5,10.0
2023-04-27 21:07:59.5,1682600879500000000,211.0,205.0,177.5,1462.0,201.0,400795.0,206.5,11.0,207.5,10.0,208.0,10.0,208.5,10.0,209.0,1.0,204.5,20.0,204.0,1.0,203.5,10.0,203.0,10.0,202.5,20.0
2023-04-27 21:08:01.25,1682600881250000000,211.0,205.0,177.5,1462.0,201.0,400795.0,206.5,11.0,207.5,10.0,208.0,10.0,208.5,10.0,209.0,1.0,204.5,20.0,204.0,1.0,203.5,20.0,203.0,20.0,202.5,10.0
2023-04-27 21:08:01.5,1682600881500000000,211.0,204.5,177.5,1472.0,211.0,421245.0,206.5,1.0,207.5,10.0,208.0,10.0,208.5,10.0,209.0,1.0,204.5,10.0,204.0,1.0,203.5,20.0,203.0,20.0,202.5,10.0
2023-04-27 21:08:01.75,1682600881750000000,211.0,204.5,177.5,1472.0,211.0,421245.0,206.5,1.0,207.5,10.0,208.5,20.0,209.0,1.0,210.0,10.0,204.5,37.0,204.0,1.0,203.5,30.0,203.0,20.0,202.5,10.0
2023-04-27 21:08:03.75,1682600883750000000,211.0,206.5,177.5,1473.0,212.0,423310.0,207.5,10.0,208.5,20.0,209.0,1.0,210.0,10.0,210.5,10.0,204.5,37.0,204.0,1.0,203.5,30.0,203.0,20.0,202.5,10.0
2023-04-27 21:08:04.0,1682600884000000000,211.0,206.5,177.5,1473.0,212.0,423310.0,207.5,10.0,208.5,10.0,209.0,1.0,209.5,10.0,210.0,10.0,204.5,37.0,204.0,1.0,203.5,30.0,203.0,20.0,202.5,10.0
2023-04-27 21:08:04.25,1682600884250000000,211.0,206.5,177.5,1473.0,212.0,423310.0,208.5,20.0,209.0,1.0,209.5,10.0,210.0,10.0,210.5,10.0,205.0,10.0,204.5,27.0,204.0,1.0,203.5,30.0,203.0,20.0
2023-04-27 21:08:04.5,1682600884500000000,211.0,206.5,177.5,1473.0,212.0,423310.0,208.5,20.0,209.0,1.0,210.0,10.0,210.5,20.0,211.0,21.0,205.0,20.0,204.5,27.0,204.0,1.0,203.5,20.0,203.0,30.0
2023-04-27 21:08:04.75,1682600884750000000,211.0,206.5,177.5,1473.0,212.0,423310.0,208.5,10.0,209.0,1.0,209.5,10.0,210.0,10.0,210.5,20.0,205.0,20.0,204.5,27.0,204.0,1.0,203.5,20.0,203.0,30.0
2023-04-27 21:08:05.0,1682600885000000000,211.0,206.5,177.5,1473.0,212.0,423310.0,209.0,1.0,209.5,20.0,210.0,10.0,210.5,20.0,211.0,21.0,205.0,20.0,204.5,27.0,204.0,1.0,203.5,30.0,203.0,20.0
2023-04-27 21:08:05.5,1682600885500000000,211.0,206.5,177.5,1473.0,212.0,423310.0,209.0,1.0,209.5,10.0,210.0,20.0,210.5,10.0,211.0,31.0,205.0,20.0,204.5,27.0,204.0,1.0,203.5,20.0,203.0,30.0
2023-04-27 21:08:05.75,1682600885750000000,211.0,206.5,177.5,1473.0,212.0,423310.0,209.0,1.0,210.0,30.0,210.5,10.0,211.0,31.0,212.0,10.0,205.0,20.0,204.5,27.0,204.0,1.0,203.5,20.0,203.0,30.0
2023-04-27 21:08:06.25,1682600886250000000,211.0,206.5,177.5,1473.0,212.0,423310.0,209.0,1.0,210.0,20.0,210.5,20.0,211.0,31.0,212.0,10.0,205.0,20.0,204.5,37.0,204.0,1.0,203.5,10.0,203.0,30.0
2023-04-27 21:08:06.5,1682600886500000000,211.0,206.5,177.5,1473.0,212.0,423310.0,209.0,1.0,210.0,20.0,210.5,20.0,211.0,31.0,212.5,10.0,205.0,20.0,204.5,37.0,204.0,1.0,203.5,20.0,203.0,20.0
2023-04-27 21:08:06.75,1682600886750000000,211.0,206.5,177.5,1473.0,212.0,423310.0,209.0,1.0,210.0,20.0,210.5,20.0,211.0,31.0,212.0,10.0,205.0,20.0,204.5,37.0,204.0,1.0,203.5,10.0,203.0,30.0
2023-04-27 21:08:09.25,1682600889250000000,211.0,206.5,177.5,1473.0,212.0,423310.0,209.0,1.0,210.0,20.0,210.5,20.0,211.0,31.0,211.5,10.0,205.0,20.0,204.5,37.0,204.0,1.0,203.5,10.0,203.0,20.0
2023-04-27 21:08:10.0,1682600890000000000,211.0,206.5,177.5,1473.0,212.0,423310.0,209.0,11.0,209.5,10.0,210.0,10.0,210.5,10.0,211.0,41.0,205.0,20.0,204.5,27.0,204.0,1.0,203.5,20.0,203.0,20.0
2023-04-27 21:08:10.25,1682600890250000000,211.0,206.5,177.5,1473.0,212.0,423310.0,209.0,21.0,209.5,10.0,210.5,10.0,211.0,41.0,214.5,10.0,205.0,20.0,204.5,27.0,204.0,1.0,203.5,20.0,203.0,20.0
2023-04-27 21:08:10.5,1682600890500000000,211.0,206.5,177.5,1473.0,212.0,423310.0,209.0,21.0,209.5,10.0,210.5,20.0,211.0,31.0,214.5,10.0,205.0,20.0,204.5,27.0,204.0,1.0,203.5,20.0,203.0,20.0
2023-04-27 21:08:11.0,1682600891000000000,211.0,206.5,177.5,1473.0,212.0,423310.0,209.0,31.0,210.5,20.0,211.0,31.0,214.5,10.0,217.0,9.0,205.0,20.0,204.5,27.0,204.0,1.0,203.5,10.0,203.0,20.0
2023-04-27 21:08:11.25,1682600891250000000,211.0,206.5,177.5,1473.0,212.0,423310.0,209.0,31.0,209.5,10.0,210.5,20.0,211.0,21.0,214.5,10.0,205.0,20.0,204.5,27.0,204.0,1.0,203.5,10.0,203.0,10.0
2023-04-27 21:08:12.5,1682600892500000000,211.0,206.5,177.5,1473.0,212.0,423310.0,209.0,32.0,209.5,10.0,210.5,20.0,211.0,21.0,214.5,10.0,205.0,20.0,204.5,27.0,204.0,1.0,203.5,10.0,203.0,10.0
2023-04-27 21:08:13.5,1682600893500000000,211.0,206.5,177.5,1473.0,212.0,423310.0,209.0,32.0,209.5,10.0,210.5,10.0,211.0,31.0,214.5,10.0,205.0,20.0,204.5,27.0,204.0,1.0,203.5,10.0,203.0,10.0
2023-04-27 21:08:14.0,1682600894000000000,211.0,206.5,177.5,1473.0,212.0,423310.0,209.0,22.0,209.5,20.0,210.5,10.0,211.0,31.0,214.5,10.0,205.0,20.0,204.5,27.0,204.0,1.0,203.5,20.0,203.0,10.0
2023-04-27 21:08:14.75,1682600894750000000,211.0,206.5,177.5,1473.0,212.0,423310.0,209.0,22.0,209.5,10.0,210.5,10.0,211.0,31.0,211.5,10.0,205.0,20.0,204.5,27.0,204.0,1.0,203.5,20.0,203.0,20.0
2023-04-27 21:08:15.0,1682600895000000000,211.0,206.5,177.5,1473.0,212.0,423310.0,209.0,12.0,209.5,20.0,210.5,10.0,211.0,31.0,211.5,10.0,205.0,20.0,204.5,27.0,204.0,1.0,203.5,20.0,203.0,20.0
2023-04-27 21:08:15.25,1682600895250000000,211.0,206.5,177.5,1473.0,212.0,423310.0,209.0,2.0,209.5,20.0,210.5,20.0,211.0,31.0,211.5,10.0,205.0,20.0,204.5,27.0,204.0,11.0,203.5,10.0,203.0,20.0
2023-04-27 21:08:16.5,1682600896500000000,211.0,206.5,177.5,1473.0,212.0,423310.0,209.0,2.0,209.5,20.0,210.5,20.0,211.0,41.0,214.5,10.0,205.0,20.0,204.5,27.0,204.0,11.0,203.5,10.0,203.0,20.0
2023-04-27 21:08:18.25,1682600898250000000,211.0,206.5,177.5,1473.0,212.0,423310.0,208.0,10.0,209.0,2.0,209.5,10.0,210.5,20.0,211.0,41.0,205.5,10.0,205.0,10.0,204.5,27.0,204.0,11.0,203.5,10.0
2023-04-27 21:08:18.5,1682600898500000000,211.0,206.5,177.5,1473.0,212.0,423310.0,208.0,10.0,209.0,2.0,209.5,10.0,210.0,10.0,210.5,20.0,205.5,10.0,205.0,10.0,204.5,27.0,204.0,11.0,203.5,20.0
2023-04-27 21:08:18.75,1682600898750000000,211.0,206.5,177.5,1473.0,212.0,423310.0,208.5,10.0,209.0,2.0,209.5,10.0,210.0,10.0,210.5,20.0,206.0,10.0,205.0,10.0,204.5,27.0,204.0,11.0,203.5,20.0
2023-04-27 21:08:19.0,1682600899000000000,211.0,206.5,177.5,1473.0,212.0,423310.0,208.5,10.0,209.0,2.0,209.5,10.0,210.5,30.0,211.0,31.0,206.0,10.0,205.0,10.0,204.5,27.0,204.0,21.0,203.5,10.0
2023-04-27 21:08:19.25,1682600899250000000,211.0,206.5,177.5,1473.0,212.0,423310.0,208.5,10.0,209.0,2.0,209.5,10.0,210.5,30.0,211.0,31.0,206.0,20.0,204.5,27.0,204.0,21.0,203.5,10.0,203.0,10.0
2023-04-27 21:08:20.25,1682600900250000000,211.0,206.5,177.5,1473.0,212.0,423310.0,208.5,10.0,209.0,2.0,209.5,10.0,210.5,30.0,211.0,21.0,206.0,20.0,204.5,27.0,204.0,21.0,203.5,10.0,203.0,10.0
2023-04-27 21:08:20.75,1682600900750000000,211.0,206.5,177.5,1473.0,212.0,423310.0,208.5,10.0,209.0,2.0,209.5,10.0,210.5,30.0,211.0,21.0,206.0,20.0,204.5,27.0,204.0,21.0,203.5,20.0,203.0,10.0
2023-04-27 21:08:21.25,1682600901250000000,211.0,206.5,177.5,1473.0,212.0,423310.0,208.5,10.0,209.0,2.0,209.5,10.0,210.5,30.0,211.0,21.0,206.5,10.0,206.0,10.0,204.5,27.0,204.0,21.0,203.5,20.0
2023-04-27 21:08:21.5,1682600901500000000,211.0,206.5,177.5,1473.0,212.0,423310.0,208.5,10.0,209.0,2.0,209.5,10.0,210.5,30.0,211.0,21.0,206.5,10.0,206.0,10.0,204.5,37.0,204.0,11.0,203.5,20.0
2023-04-27 21:08:22.0,1682600902000000000,211.0,206.5,177.5,1473.0,212.0,423310.0,208.5,13.0,209.0,2.0,209.5,10.0,210.5,30.0,211.0,21.0,206.5,10.0,206.0,10.0,204.5,37.0,204.0,11.0,203.5,20.0
2023-04-27 21:08:23.5,1682600903500000000,211.0,206.5,177.5,1473.0,212.0,423310.0,208.5,3.0,209.0,2.0,209.5,20.0,210.5,20.0,211.0,21.0,207.0,10.0,206.0,10.0,205.0,10.0,204.5,37.0,204.0,21.0
2023-04-27 21:08:23.75,1682600903750000000,211.0,206.5,177.5,1473.0,212.0,423310.0,208.5,3.0,209.0,2.0,209.5,20.0,210.5,20.0,211.0,21.0,207.0,20.0,205.0,10.0,204.5,37.0,204.0,21.0,203.0,10.0
2023-04-27 21:08:24.0,1682600904000000000,211.0,206.5,177.5,1473.0,212.0,423310.0,208.5,3.0,209.0,2.0,209.5,20.0,210.5,10.0,211.0,31.0,207.0,20.0,205.0,30.0,204.5,27.0,204.0,11.0,203.0,10.0
2023-04-27 21:08:24.75,1682600904750000000,211.0,208.5,177.5,1473.0,215.0,429565.0,209.0,2.0,209.5,10.0,210.5,10.0,211.0,21.0,212.0,10.0,207.0,10.0,205.0,30.0,204.5,47.0,204.0,1.0,199.0,11.0
2023-04-27 21:08:25.0,1682600905000000000,211.0,208.5,177.5,1473.0,215.0,429565.0,209.0,2.0,210.0,20.0,211.0,31.0,212.0,10.0,212.5,10.0,207.5,10.0,207.0,10.0,205.0,30.0,204.5,47.0,204.0,1.0
2023-04-27 21:08:25.5,1682600905500000000,211.0,208.5,177.5,1473.0,215.0,429565.0,209.0,2.0,210.0,20.0,211.0,31.0,212.0,10.0,212.5,10.0,207.5,10.0,207.0,10.0,205.5,10.0,205.0,20.0,204.5,47.0
2023-04-27 21:08:25.75,1682600905750000000,211.0,208.5,177.5,1473.0,215.0,429565.0,209.0,2.0,210.0,20.0,211.0,31.0,212.0,10.0,212.5,10.0,207.5,10.0,207.0,10.0,205.5,10.0,205.0,20.0,204.5,37.0
2023-04-27 21:08:26.0,1682600906000000000,211.0,208.5,177.5,1473.0,215.0,429565.0,209.0,2.0,210.0,20.0,211.0,31.0,212.0,10.0,212.5,10.0,207.5,10.0,207.0,10.0,205.5,10.0,205.0,20.0,204.5,47.0
2023-04-27 21:08:26.25,1682600906250000000,211.0,208.5,177.5,1473.0,215.0,429565.0,209.0,2.0,210.0,20.0,211.0,21.0,212.0,20.0,212.5,10.0,207.5,10.0,207.0,10.0,205.5,20.0,205.0,10.0,204.5,47.0
2023-04-27 21:08:26.75,1682600906750000000,211.0,208.5,177.5,1473.0,215.0,429565.0,209.0,2.0,210.0,20.0,211.0,21.0,212.0,20.0,212.5,10.0,207.5,10.0,207.0,10.0,205.5,20.0,205.0,10.0,204.5,37.0
2023-04-27 21:08:27.75,1682600907750000000,211.0,208.5,177.5,1473.0,215.0,429565.0,209.0,2.0,210.0,20.0,211.0,21.0,212.0,20.0,212.5,10.0,207.5,10.0,207.0,10.0,205.5,20.0,205.0,10.0,204.5,47.0
2023-04-27 21:08:28.75,1682600908750000000,211.0,208.5,177.5,1473.0,215.0,429565.0,209.0,2.0,210.0,10.0,210.5,10.0,211.0,21.0,212.0,20.0,208.0,10.0,207.0,10.0,205.5,20.0,205.0,20.0,204.5,37.0
2023-04-27 21:08:29.0,1682600909000000000,211.0,208.5,177.5,1473.0,215.0,429565.0,209.0,2.0,210.0,10.0,210.5,10.0,211.0,21.0,212.0,20.0,208.0,20.0,206.0,10.0,205.5,10.0,205.0,20.0,204.5,37.0
2023-04-27 21:08:29.25,1682600909250000000,211.0,208.5,177.5,1473.0,215.0,429565.0,209.0,2.0,210.0,10.0,210.5,10.0,211.0,21.0,212.0,20.0,208.0,20.0,206.5,10.0,206.0,10.0,205.5,10.0,205.0,20.0
2023-04-27 21:08:30.0,1682600910000000000,211.0,209.0,177.5,1472.0,217.0,433745.0,210.0,10.0,210.5,10.0,211.0,21.0,212.0,20.0,212.5,10.0,208.0,20.0,206.5,10.0,206.0,10.0,205.5,10.0,205.0,20.0
2023-04-27 21:08:30.25,1682600910250000000,211.0,209.0,177.5,1472.0,217.0,433745.0,210.5,10.0,211.0,31.0,212.0,10.0,212.5,20.0,213.5,10.0,208.0,20.0,206.5,20.0,206.0,10.0,205.0,20.0,204.5,37.0
2023-04-27 21:08:30.5,1682600910500000000,211.0,209.0,177.5,1472.0,217.0,433745.0,211.0,21.0,211.5,10.0,212.0,10.0,212.5,30.0,213.5,10.0,208.5,10.0,208.0,10.0,206.5,20.0,206.0,10.0,205.0,20.0
2023-04-27 21:08:31.0,1682600911000000000,211.0,209.0,177.5,1472.0,217.0,433745.0,211.0,21.0,211.5,10.0,212.0,10.0,212.5,20.0,213.0,10.0,208.5,10.0,208.0,10.0,206.5,30.0,205.0,20.0,204.5,37.0
2023-04-27 21:08:31.25,1682600911250000000,211.0,209.0,177.5,1472.0,217.0,433745.0,211.0,21.0,211.5,10.0,212.0,10.0,212.5,30.0,213.5,10.0,208.5,10.0,208.0,10.0,206.5,30.0,205.0,10.0,204.5,47.0
2023-04-27 21:08:32.0,1682600912000000000,211.0,209.0,177.5,1472.0,217.0,433745.0,211.0,21.0,211.5,10.0,212.0,10.0,212.5,20.0,213.0,10.0,208.5,10.0,208.0,10.0,206.5,30.0,205.0,10.0,204.5,47.0
2023-04-27 21:08:34.5,1682600914500000000,211.0,209.0,177.5,1472.0,217.0,433745.0,210.5,10.0,211.0,11.0,211.5,10.0,212.0,20.0,212.5,10.0,208.0,10.0,207.5,10.0,206.5,20.0,205.5,10.0,205.0,10.0
2023-04-27 21:08:34.75,1682600914750000000,211.0,209.0,177.5,1472.0,217.0,433745.0,210.5,10.0,211.0,11.0,211.5,10.0,212.0,20.0,212.5,10.0,208.0,10.0,207.5,10.0,206.5,10.0,205.5,20.0,205.0,10.0
2023-04-27 21:08:35.0,1682600915000000000,211.0,209.0,177.5,1472.0,217.0,433745.0,210.5,20.0,211.0,11.0,212.0,20.0,212.5,20.0,213.0,10.0,208.0,10.0,207.5,10.0,206.0,10.0,205.5,20.0,205.0,10.0
2023-04-27 21:08:35.25,1682600915250000000,211.0,209.0,177.5,1472.0,217.0,433745.0,210.0,10.0,210.5,10.0,211.0,11.0,212.0,20.0,212.5,20.0,208.0,10.0,207.5,10.0,206.0,10.0,205.5,20.0,205.0,10.0
2023-04-27 21:08:35.5,1682600915500000000,211.0,209.0,177.5,1472.0,217.0,433745.0,210.0,10.0,210.5,10.0,211.0,11.0,212.0,30.0,212.5,10.0,208.0,10.0,207.5,10.0,206.0,10.0,205.5,20.0,205.0,10.0
2023-04-27 21:08:36.75,1682600916750000000,211.0,209.0,177.5,1472.0,217.0,433745.0,210.0,10.0,211.0,21.0,212.0,30.0,212.5,10.0,213.0,10.0,208.0,10.0,207.5,10.0,206.0,10.0,205.5,20.0,205.0,10.0
2023-04-27 21:08:42.25,1682600922250000000,211.0,210.0,177.5,1473.0,218.0,435845.0,211.0,21.0,212.0,40.0,212.5,10.0,213.0,10.0,213.5,10.0,208.0,10.0,207.5,10.0,206.0,10.0,205.5,20.0,205.0,10.0
2023-04-27 21:08:42.5,1682600922500000000,211.0,210.0,177.5,1473.0,218.0,435845.0,211.0,21.0,212.0,30.0,212.5,10.0,213.0,20.0,213.5,10.0,208.0,10.0,207.5,10.0,206.0,10.0,205.5,20.0,205.0,10.0
2023-04-27 21:08:42.75,1682600922750000000,211.0,210.0,177.5,1473.0,218.0,435845.0,211.0,21.0,212.0,30.0,212.5,10.0,213.0,20.0,214.0,10.0,208.0,10.0,207.5,10.0,206.0,10.0,205.5,20.0,205.0,10.0
2023-04-27 21:08:45.0,1682600925000000000,211.0,211.0,177.5,1474.0,219.0,437955.0,210.5,21.0,211.0,20.0,212.0,30.0,212.5,10.0,213.0,20.0,208.0,10.0,207.5,10.0,206.0,10.0,205.5,20.0,205.0,10.0
2023-04-27 21:08:45.5,1682600925500000000,211.0,211.0,177.5,1474.0,219.0,437955.0,210.5,21.0,211.0,20.0,212.0,30.0,212.5,20.0,213.0,10.0,208.0,10.0,207.5,10.0,206.0,10.0,205.5,20.0,205.0,10.0
2023-04-27 21:08:48.25,1682600928250000000,211.0,211.0,177.5,1474.0,219.0,437955.0,210.5,31.0,211.0,20.0,212.0,20.0,212.5,20.0,213.0,10.0,208.0,10.0,207.5,10.0,206.0,10.0,205.5,20.0,205.0,10.0
2023-04-27 21:08:48.5,1682600928500000000,211.0,211.0,177.5,1474.0,219.0,437955.0,210.5,31.0,211.0,20.0,212.0,20.0,212.5,20.0,213.0,10.0,208.0,20.0,206.0,10.0,205.5,20.0,205.0,10.0,204.5,47.0
2023-04-27 21:08:49.25,1682600929250000000,211.0,211.0,177.5,1474.0,219.0,437955.0,210.5,31.0,211.0,20.0,212.0,20.0,212.5,20.0,213.0,10.0,208.0,20.0,206.0,10.0,205.5,20.0,205.0,10.0,204.5,37.0
2023-04-27 21:08:50.75,1682600930750000000,211.0,211.0,177.5,1474.0,219.0,437955.0,210.5,31.0,211.0,20.0,212.0,20.0,212.5,20.0,213.0,10.0,208.0,20.0,206.0,10.0,205.5,20.0,205.0,10.0,204.5,47.0
2023-04-27 21:08:51.0,1682600931000000000,211.0,210.5,177.5,1475.0,220.0,440060.0,210.5,30.0,211.0,20.0,212.0,20.0,212.5,20.0,213.0,10.0,208.0,20.0,206.0,10.0,205.5,20.0,205.0,10.0,204.5,37.0
2023-04-27 21:08:51.25,1682600931250000000,211.0,210.5,177.5,1475.0,220.0,440060.0,210.5,30.0,211.0,20.0,212.0,20.0,212.5,20.0,213.0,10.0,208.5,10.0,208.0,10.0,206.0,10.0,205.5,20.0,205.0,10.0
2023-04-27 21:08:51.5,1682600931500000000,211.0,210.5,177.5,1475.0,220.0,440060.0,210.5,30.0,211.0,20.0,212.0,20.0,212.5,20.0,213.0,10.0,208.5,10.0,208.0,10.0,206.5,10.0,205.5,20.0,205.0,10.0
2023-04-27 21:08:52.5,1682600932500000000,211.0,210.5,177.5,1475.0,220.0,440060.0,210.5,30.0,211.0,10.0,211.5,10.0,212.5,30.0,213.0,20.0,208.5,20.0,206.5,30.0,205.5,10.0,204.5,47.0,204.0,1.0
2023-04-27 21:08:53.25,1682600933250000000,211.0,210.5,177.5,1475.0,220.0,440060.0,210.5,20.0,211.0,20.0,211.5,10.0,212.5,30.0,213.0,20.0,208.5,20.0,206.5,30.0,205.5,10.0,204.5,47.0,204.0,1.0
2023-04-27 21:08:54.5,1682600934500000000,211.0,210.5,177.5,1475.0,220.0,440060.0,210.5,20.0,211.0,20.0,211.5,10.0,212.5,30.0,213.0,20.0,208.5,20.0,206.5,30.0,205.5,10.0,205.0,10.0,204.5,37.0
2023-04-27 21:08:55.5,1682600935500000000,211.0,210.5,177.5,1475.0,220.0,440060.0,210.5,20.0,211.0,20.0,211.5,10.0,212.5,30.0,213.0,20.0,208.5,20.0,206.5,30.0,205.5,10.0,204.5,47.0,204.0,1.0
2023-04-27 21:08:56.25,1682600936250000000,211.0,210.5,177.5,1475.0,220.0,440060.0,210.5,20.0,211.0,20.0,211.5,10.0,212.5,30.0,213.0,20.0,208.5,20.0,206.5,30.0,205.5,10.0,204.5,37.0,204.0,11.0
2023-04-27 21:08:56.5,1682600936500000000,211.0,210.5,177.5,1475.0,220.0,440060.0,210.5,20.0,211.0,20.0,211.5,10.0,212.5,30.0,213.0,20.0,208.5,20.0,206.5,30.0,205.5,10.0,204.5,47.0,204.0,1.0
2023-04-27 21:08:56.75,1682600936750000000,211.0,210.5,177.5,1475.0,220.0,440060.0,210.5,20.0,211.0,20.0,211.5,10.0,212.5,30.0,213.0,20.0,208.5,20.0,206.5,30.0,205.5,10.0,204.5,37.0,204.0,11.0
2023-04-27 21:08:58.0,1682600938000000000,211.0,210.5,177.5,1475.0,220.0,440060.0,210.5,20.0,211.0,20.0,211.5,10.0,212.5,30.0,213.0,20.0,208.5,20.0,206.5,30.0,205.5,10.0,204.5,47.0,204.0,1.0
2023-04-27 21:08:59.0,1682600939000000000,211.0,210.5,177.5,1475.0,220.0,440060.0,210.0,10.0,210.5,20.0,211.0,10.0,211.5,10.0,212.5,30.0,208.5,10.0,208.0,10.0,206.5,30.0,205.5,10.0,204.5,37.0
2023-04-27 21:08:59.25,1682600939250000000,211.0,210.5,177.5,1475.0,220.0,440060.0,210.0,10.0,210.5,30.0,211.0,10.0,212.0,10.0,212.5,20.0,208.5,10.0,208.0,10.0,206.5,20.0,205.5,20.0,204.5,37.0
2023-04-27 21:08:59.5,1682600939500000000,211.0,210.5,177.5,1475.0,220.0,440060.0,210.0,10.0,210.5,30.0,211.0,10.0,212.0,30.0,212.5,10.0,208.5,10.0,208.0,10.0,206.5,10.0,205.5,20.0,205.0,10.0
2023-04-27 21:09:00.25,1682600940250000000,211.0,208.0,177.5,1495.0,240.0,481710.0,208.5,10.0,210.0,10.0,210.5,20.0,211.0,10.0,212.0,30.0,208.0,10.0,206.5,10.0,206.0,10.0,205.5,20.0,205.0,10.0
2023-04-27 21:09:00.5,1682600940500000000,211.0,208.0,177.5,1495.0,240.0,481710.0,208.5,10.0,210.0,10.0,210.5,30.0,211.0,10.0,212.0,30.0,208.0,10.0,206.0,20.0,205.5,10.0,205.0,20.0,204.5,37.0
2023-04-27 21:09:00.75,1682600940750000000,211.0,209.5,177.5,1495.0,243.0,487995.0,209.5,7.0,210.5,30.0,211.0,10.0,212.0,30.0,212.5,10.0,207.5,10.0,206.0,10.0,205.5,10.0,205.0,20.0,204.5,37.0
2023-04-27 21:09:01.0,1682600941000000000,211.0,209.5,177.5,1495.0,243.0,487995.0,209.5,7.0,210.5,20.0,211.0,10.0,211.5,10.0,212.0,30.0,207.5,10.0,205.5,20.0,205.0,20.0,204.5,37.0,204.0,1.0
2023-04-27 21:09:01.25,1682600941250000000,211.0,209.5,177.5,1495.0,243.0,487995.0,208.5,10.0,210.5,30.0,211.0,10.0,211.5,10.0,212.0,30.0,207.5,10.0,205.5,20.0,205.0,30.0,204.5,37.0,204.0,1.0
2023-04-27 21:09:01.5,1682600941500000000,211.0,209.5,177.5,1495.0,243.0,487995.0,208.5,10.0,209.5,10.0,210.5,30.0,211.0,10.0,212.0,30.0,207.5,10.0,205.5,20.0,205.0,30.0,204.5,37.0,204.0,1.0
2023-04-27 21:09:05.75,1682600945750000000,211.0,208.5,177.5,1495.0,253.0,508845.0,209.5,10.0,210.5,40.0,211.0,10.0,212.0,30.0,212.5,20.0,208.0,10.0,207.5,10.0,205.5,20.0,205.0,20.0,204.5,37.0
2023-04-27 21:09:06.0,1682600946000000000,211.0,208.5,177.5,1495.0,253.0,508845.0,210.0,10.0,210.5,20.0,211.0,10.0,211.5,20.0,212.0,30.0,208.0,20.0,206.0,10.0,205.5,10.0,205.0,20.0,204.5,37.0
2023-04-27 21:09:06.25,1682600946250000000,211.0,208.5,177.5,1495.0,253.0,508845.0,210.5,30.0,211.0,10.0,211.5,20.0,212.0,30.0,212.5,10.0,208.0,20.0,206.0,10.0,205.5,10.0,205.0,20.0,204.5,37.0
2023-04-27 21:09:06.5,1682600946500000000,211.0,208.5,177.5,1495.0,253.0,508845.0,210.5,30.0,211.0,10.0,211.5,10.0,212.0,30.0,212.5,20.0,208.0,20.0,206.0,10.0,205.5,10.0,205.0,20.0,204.5,37.0
2023-04-27 21:09:07.0,1682600947000000000,211.0,208.5,177.5,1495.0,253.0,508845.0,210.5,40.0,211.0,10.0,212.0,30.0,212.5,30.0,214.5,10.0,208.0,10.0,207.5,10.0,206.0,10.0,205.5,10.0,205.0,20.0
2023-04-27 21:09:07.25,1682600947250000000,211.0,208.5,177.5,1495.0,253.0,508845.0,210.5,40.0,211.0,20.0,212.0,20.0,212.5,30.0,214.5,10.0,208.0,10.0,207.5,10.0,206.0,10.0,205.5,10.0,205.0,10.0
2023-04-27 21:09:08.5,1682600948500000000,211.0,208.5,177.5,1495.0,253.0,508845.0,210.5,30.0,211.0,20.0,211.5,10.0,212.0,20.0,212.5,20.0,208.0,10.0,207.5,10.0,206.0,10.0,205.5,10.0,205.0,10.0
2023-04-27 21:09:09.25,1682600949250000000,211.0,208.5,177.5,1495.0,253.0,508845.0,210.5,30.0,211.0,10.0,211.5,10.0,212.0,20.0,212.5,30.0,208.0,10.0,207.5,10.0,206.0,10.0,205.5,20.0,205.0,10.0
2023-04-27 21:09:11.75,1682600951750000000,211.0,208.5,177.5,1495.0,253.0,508845.0,210.5,40.0,211.0,10.0,212.0,20.0,212.5,30.0,213.5,10.0,208.0,10.0,207.5,10.0,206.0,10.0,205.5,20.0,205.0,10.0
2023-04-27 21:09:12.0,1682600952000000000,211.0,208.5,177.5,1495.0,253.0,508845.0,209.5,10.0,210.5,30.0,211.0,10.0,211.5,10.0,212.0,20.0,207.5,20.0,206.0,10.0,205.5,10.0,205.0,10.0,204.5,47.0
2023-04-27 21:09:12.25,1682600952250000000,211.0,208.5,177.5,1495.0,253.0,508845.0,209.0,10.0,209.5,10.0,210.5,20.0,211.0,20.0,211.5,10.0,207.5,10.0,207.0,10.0,206.0,10.0,205.0,20.0,204.5,47.0
2023-04-27 21:09:12.5,1682600952500000000,211.0,208.5,177.5,1495.0,253.0,508845.0,209.0,20.0,210.5,20.0,211.0,30.0,211.5,10.0,212.0,10.0,207.0,20.0,205.5,10.0,205.0,20.0,204.5,47.0,204.0,1.0
2023-04-27 21:09:13.0,1682600953000000000,211.0,208.5,177.5,1495.0,253.0,508845.0,209.0,20.0,210.5,20.0,211.0,30.0,211.5,10.0,212.0,10.0,207.0,20.0,205.0,30.0,204.5,47.0,204.0,1.0,203.5,10.0
