datetime,datetime_nano,highest,last_price,lowest,open_interest,volume,amount,ask_price1,ask_volume1,ask_price2,ask_volume2,ask_price3,ask_volume3,ask_price4,ask_volume4,ask_price5,ask_volume5,bid_price1,bid_volume1,bid_price2,bid_volume2,bid_price3,bid_volume3,bid_price4,bid_volume4,bid_price5,bid_volume5
2023-04-27 20:55:57.25,1682600157250000000,,,,3208.0,0.0,0.0,,0.0,,0.0,,0.0,,0.0,,0.0,,0.0,,0.0,,0.0,,0.0,,0.0
2023-04-27 20:59:00.0,1682600340000000000,,,,3208.0,0.0,0.0,1.5,228.0,,0.0,,0.0,,0.0,,0.0,1.0,332.0,0.5,550.0,,0.0,,0.0,,0.0
2023-04-27 21:00:08.5,1682600408500000000,,,,3208.0,0.0,0.0,1.5,228.0,2.0,18.0,,0.0,,0.0,,0.0,1.0,332.0,0.5,550.0,,0.0,,0.0,,0.0
2023-04-27 21:00:08.75,1682600408750000000,,,,3208.0,0.0,0.0,1.5,228.0,2.0,28.0,2.5,5.0,,0.0,,0.0,1.0,342.0,0.5,555.0,,0.0,,0.0,,0.0
2023-04-27 21:00:09.25,1682600409250000000,,,,3208.0,0.0,0.0,1.5,228.0,2.0,10.0,2.5,5.0,,0.0,,0.0,1.0,342.0,0.5,555.0,,0.0,,0.0,,0.0
2023-04-27 21:00:11.0,1682600411000000000,,,,3208.0,0.0,0.0,1.5,228.0,2.0,10.0,2.5,8.0,,0.0,,0.0,1.0,342.0,0.5,555.0,,0.0,,0.0,,0.0
2023-04-27 21:00:11.5,1682600411500000000,,,,3208.0,0.0,0.0,1.5,228.0,2.0,10.0,2.5,16.0,3.5,1.0,,0.0,1.0,342.0,0.5,555.0,,0.0,,0.0,,0.0
2023-04-27 21:00:11.75,1682600411750000000,,,,3208.0,0.0,0.0,1.5,228.0,2.0,10.0,2.5,22.0,3.5,1.0,,0.0,1.0,342.0,0.5,555.0,,0.0,,0.0,,0.0
2023-04-27 21:00:12.75,1682600412750000000,,,,3208.0,0.0,0.0,1.5,228.0,2.0,10.0,2.5,32.0,3.5,1.0,,0.0,1.0,342.0,0.5,555.0,,0.0,,0.0,,0.0
2023-04-27 21:00:13.0,1682600413000000000,,,,3208.0,0.0,0.0,1.5,228.0,2.0,10.0,2.5,34.0,3.5,1.0,,0.0,1.0,342.0,0.5,555.0,,0.0,,0.0,,0.0
2023-04-27 21:00:13.75,1682600413750000000,,,,3208.0,0.0,0.0,1.5,228.0,2.0,15.0,2.5,45.0,3.5,1.0,,0.0,1.0,342.0,0.5,555.0,,0.0,,0.0,,0.0
2023-04-27 21:00:14.75,1682600414750000000,,,,3208.0,0.0,0.0,1.5,228.0,2.0,28.0,2.5,45.0,3.5,1.0,,0.0,1.0,342.0,0.5,555.0,,0.0,,0.0,,0.0
2023-04-27 21:00:16.0,1682600416000000000,,,,3208.0,0.0,0.0,1.5,228.0,2.0,41.0,2.5,45.0,3.5,1.0,,0.0,1.0,342.0,0.5,555.0,,0.0,,0.0,,0.0
2023-04-27 21:00:17.0,1682600417000000000,,,,3208.0,0.0,0.0,1.5,248.0,2.0,50.0,2.5,45.0,3.0,20.0,3.5,1.0,1.0,342.0,0.5,555.0,,0.0,,0.0,,0.0
2023-04-27 21:00:24.0,1682600424000000000,,,,3208.0,0.0,0.0,1.5,248.0,2.0,50.0,2.5,63.0,3.0,20.0,3.5,1.0,1.0,342.0,0.5,555.0,,0.0,,0.0,,0.0
2023-04-27 21:00:28.25,1682600428250000000,,,,3208.0,0.0,0.0,1.5,248.0,2.0,50.0,2.5,45.0,3.0,20.0,3.5,1.0,1.0,342.0,0.5,555.0,,0.0,,0.0,,0.0
2023-04-27 21:01:08.0,1682600468000000000,,,,3208.0,0.0,0.0,1.5,248.0,2.0,68.0,2.5,45.0,3.0,20.0,3.5,1.0,1.0,342.0,0.5,555.0,,0.0,,0.0,,0.0
2023-04-27 21:01:09.5,1682600469500000000,,,,3208.0,0.0,0.0,1.5,248.0,2.0,50.0,2.5,45.0,3.0,20.0,3.5,1.0,1.0,342.0,0.5,555.0,,0.0,,0.0,,0.0
2023-04-27 21:01:34.25,1682600494250000000,,,,3208.0,0.0,0.0,1.5,248.0,2.0,68.0,2.5,45.0,3.0,20.0,3.5,1.0,1.0,342.0,0.5,555.0,,0.0,,0.0,,0.0
2023-04-27 21:01:34.5,1682600494500000000,,,,3208.0,0.0,0.0,1.5,248.0,2.0,50.0,2.5,45.0,3.0,20.0,3.5,1.0,1.0,342.0,0.5,555.0,,0.0,,0.0,,0.0
2023-04-27 21:02:06.25,1682600526250000000,,,,3208.0,0.0,0.0,1.5,248.0,2.0,68.0,2.5,45.0,3.0,20.0,3.5,1.0,1.0,342.0,0.5,555.0,,0.0,,0.0,,0.0
2023-04-27 21:02:06.5,1682600526500000000,,,,3208.0,0.0,0.0,1.5,248.0,2.0,50.0,2.5,45.0,3.0,20.0,3.5,1.0,1.0,342.0,0.5,556.0,,0.0,,0.0,,0.0
2023-04-27 21:02:25.0,1682600545000000000,,,,3208.0,0.0,0.0,1.5,248.0,2.0,50.0,2.5,63.0,3.0,20.0,3.5,1.0,1.0,342.0,0.5,556.0,,0.0,,0.0,,0.0
2023-04-27 21:02:49.75,1682600569750000000,,,,3208.0,0.0,0.0,1.5,248.0,2.0,60.0,2.5,63.0,3.0,20.0,3.5,1.0,1.0,352.0,0.5,556.0,,0.0,,0.0,,0.0
2023-04-27 21:03:03.75,1682600583750000000,,,,3208.0,0.0,0.0,1.5,248.0,2.0,50.0,2.5,63.0,3.0,20.0,3.5,1.0,1.0,342.0,0.5,556.0,,0.0,,0.0,,0.0
2023-04-27 21:03:47.5,1682600627500000000,,,,3208.0,0.0,0.0,1.5,248.0,2.0,50.0,2.5,45.0,3.0,20.0,3.5,1.0,1.0,342.0,0.5,556.0,,0.0,,0.0,,0.0
2023-04-27 21:04:00.0,1682600640000000000,,,,3208.0,0.0,0.0,1.5,248.0,2.0,50.0,2.5,63.0,3.0,20.0,3.5,1.0,1.0,342.0,0.5,556.0,,0.0,,0.0,,0.0
2023-04-27 21:04:04.5,1682600644500000000,,,,3208.0,0.0,0.0,1.5,248.0,2.0,50.0,2.5,45.0,3.0,20.0,3.5,1.0,1.0,342.0,0.5,556.0,,0.0,,0.0,,0.0
2023-04-27 21:04:12.5,1682600652500000000,,,,3208.0,0.0,0.0,1.5,248.0,2.0,50.0,2.5,63.0,3.0,20.0,3.5,1.0,1.0,342.0,0.5,556.0,,0.0,,0.0,,0.0
2023-04-27 21:05:00.5,1682600700500000000,,,,3208.0,0.0,0.0,1.5,248.0,2.0,60.0,2.5,63.0,3.0,21.0,,0.0,1.0,352.0,0.5,556.0,,0.0,,0.0,,0.0
2023-04-27 21:06:10.5,1682600770500000000,,,,3208.0,0.0,0.0,1.5,248.0,2.0,50.0,2.5,63.0,3.0,21.0,,0.0,1.0,342.0,0.5,556.0,,0.0,,0.0,,0.0
2023-04-27 21:06:43.5,1682600803500000000,,,,3208.0,0.0,0.0,1.5,248.0,2.0,60.0,2.5,64.0,3.0,20.0,,0.0,1.0,352.0,0.5,556.0,,0.0,,0.0,,0.0
2023-04-27 21:17:41.5,1682601461500000000,,,,3208.0,0.0,0.0,1.5,248.0,2.0,60.0,2.5,64.0,3.0,20.0,,0.0,1.0,352.0,0.5,556.0,,0.0,,0.0,,0.0
2023-04-27 21:23:35.0,1682601815000000000,1.5,1.5,1.5,3188.0,20.0,300.0,1.5,228.0,2.0,60.0,2.5,64.0,3.0,20.0,,0.0,1.0,352.0,0.5,556.0,,0.0,,0.0,,0.0
2023-04-27 21:26:21.5,1682601981500000000,1.5,1.5,1.5,3188.0,20.0,300.0,1.5,228.0,2.0,60.0,2.5,46.0,3.0,20.0,,0.0,1.0,352.0,0.5,556.0,,0.0,,0.0,,0.0
2023-04-27 21:26:30.75,1682601990750000000,1.5,1.5,1.5,3188.0,20.0,300.0,1.5,228.0,2.0,60.0,2.5,64.0,3.0,20.0,,0.0,1.0,352.0,0.5,556.0,,0.0,,0.0,,0.0
2023-04-27 21:29:17.75,1682602157750000000,1.5,1.5,1.5,3188.0,20.0,300.0,1.5,328.0,2.0,60.0,2.5,64.0,3.0,20.0,,0.0,1.0,452.0,0.5,556.0,,0.0,,0.0,,0.0
2023-04-27 21:32:12.0,1682602332000000000,1.5,1.5,1.5,3188.0,20.0,300.0,1.5,328.0,2.0,60.0,2.5,46.0,3.0,20.0,,0.0,1.0,452.0,0.5,556.0,,0.0,,0.0,,0.0
2023-04-27 21:32:27.5,1682602347500000000,1.5,1.5,1.5,3188.0,20.0,300.0,1.5,328.0,2.0,60.0,2.5,64.0,3.0,20.0,,0.0,1.0,452.0,0.5,556.0,,0.0,,0.0,,0.0
2023-04-27 21:39:58.75,1682602798750000000,1.5,1.5,1.5,3183.0,25.0,375.0,1.5,323.0,2.0,60.0,2.5,64.0,3.0,20.0,,0.0,1.0,452.0,0.5,556.0,,0.0,,0.0,,0.0
2023-04-27 21:45:32.25,1682603132250000000,1.5,1.5,1.5,3133.0,75.0,1125.0,1.5,273.0,2.0,60.0,2.5,64.0,3.0,20.0,,0.0,1.0,452.0,0.5,556.0,,0.0,,0.0,,0.0
2023-04-27 21:47:46.25,1682603266250000000,1.5,1.5,1.5,3133.0,75.0,1125.0,1.5,273.0,2.0,78.0,2.5,46.0,3.0,20.0,,0.0,1.0,452.0,0.5,574.0,,0.0,,0.0,,0.0
2023-04-27 21:49:26.25,1682603366250000000,1.5,1.5,1.5,3083.0,125.0,1875.0,1.5,223.0,2.0,78.0,2.5,46.0,3.0,20.0,,0.0,1.0,452.0,0.5,574.0,,0.0,,0.0,,0.0
2023-04-27 21:51:29.75,1682603489750000000,1.5,1.5,1.5,3063.0,145.0,2175.0,1.5,203.0,2.0,78.0,2.5,46.0,3.0,20.0,,0.0,1.0,452.0,0.5,574.0,,0.0,,0.0,,0.0
2023-04-27 21:51:30.25,1682603490250000000,1.5,1.5,1.5,3043.0,165.0,2475.0,1.5,183.0,2.0,78.0,2.5,46.0,3.0,20.0,,0.0,1.0,452.0,0.5,574.0,,0.0,,0.0,,0.0
2023-04-27 21:51:31.0,1682603491000000000,1.5,1.5,1.5,3040.0,185.0,2775.0,1.5,163.0,2.0,78.0,2.5,46.0,3.0,20.0,,0.0,1.0,452.0,0.5,574.0,,0.0,,0.0,,0.0
2023-04-27 21:51:31.5,1682603491500000000,1.5,1.5,1.5,3040.0,205.0,3075.0,1.5,143.0,2.0,78.0,2.5,46.0,3.0,20.0,,0.0,1.0,452.0,0.5,574.0,,0.0,,0.0,,0.0
2023-04-27 22:14:41.75,1682604881750000000,1.5,1.5,1.5,3040.0,205.0,3075.0,1.5,143.0,2.0,60.0,2.5,46.0,3.0,20.0,,0.0,1.0,452.0,0.5,556.0,,0.0,,0.0,,0.0
2023-04-27 22:14:55.75,1682604895750000000,1.5,1.5,1.5,3040.0,205.0,3075.0,1.5,143.0,2.0,60.0,2.5,64.0,3.0,20.0,,0.0,1.0,452.0,0.5,574.0,,0.0,,0.0,,0.0
2023-04-27 22:22:48.5,1682605368500000000,1.5,1.5,1.5,3040.0,205.0,3075.0,1.5,143.0,2.0,50.0,2.5,64.0,3.0,20.0,,0.0,1.0,442.0,0.5,574.0,,0.0,,0.0,,0.0
2023-04-27 22:23:59.0,1682605439000000000,1.5,1.5,1.5,3040.0,205.0,3075.0,1.5,143.0,2.0,60.0,2.5,64.0,3.0,20.0,,0.0,1.0,452.0,0.5,574.0,,0.0,,0.0,,0.0
2023-04-27 22:32:34.0,1682605954000000000,1.5,1.5,1.5,3020.0,255.0,3825.0,2.0,60.0,2.5,64.0,3.0,20.0,,0.0,,0.0,1.0,365.0,0.5,574.0,,0.0,,0.0,,0.0
2023-04-27 22:32:35.25,1682605955250000000,1.5,1.5,1.5,3020.0,255.0,3825.0,2.0,60.0,2.5,64.0,3.0,20.0,,0.0,,0.0,1.0,372.0,0.5,574.0,,0.0,,0.0,,0.0
2023-04-27 22:32:39.5,1682605959500000000,1.5,1.5,1.5,3020.0,255.0,3825.0,2.0,160.0,2.5,64.0,3.0,20.0,,0.0,,0.0,1.0,472.0,0.5,574.0,,0.0,,0.0,,0.0
2023-04-27 22:35:01.0,1682606101000000000,1.5,1.5,1.5,3020.0,255.0,3825.0,2.0,160.0,2.5,64.0,3.0,20.0,,0.0,,0.0,1.5,50.0,1.0,472.0,0.5,574.0,,0.0,,0.0
2023-04-27 22:35:01.5,1682606101500000000,1.5,1.5,1.5,3020.0,255.0,3825.0,2.0,160.0,2.5,64.0,3.0,20.0,,0.0,,0.0,1.5,150.0,1.0,372.0,0.5,574.0,,0.0,,0.0
2023-04-27 22:35:01.75,1682606101750000000,2.0,2.0,1.5,2970.0,305.0,4825.0,2.0,110.0,2.5,64.0,3.0,20.0,,0.0,,0.0,1.5,161.0,1.0,372.0,0.5,574.0,,0.0,,0.0
2023-04-27 22:35:02.0,1682606102000000000,2.0,2.0,1.5,2970.0,305.0,4825.0,2.0,110.0,2.5,64.0,3.0,20.0,,0.0,,0.0,1.5,171.0,1.0,372.0,0.5,574.0,,0.0,,0.0
2023-04-27 22:35:02.25,1682606102250000000,2.0,2.0,1.5,2970.0,355.0,5825.0,2.5,64.0,3.0,20.0,,0.0,,0.0,,0.0,1.5,71.0,1.0,372.0,0.5,574.0,,0.0,,0.0
2023-04-27 22:35:02.5,1682606102500000000,2.0,2.0,1.5,2970.0,355.0,5825.0,2.0,10.0,2.5,64.0,3.0,20.0,,0.0,,0.0,1.5,81.0,1.0,362.0,0.5,574.0,,0.0,,0.0
2023-04-27 22:35:02.75,1682606102750000000,2.0,2.0,1.5,2970.0,355.0,5825.0,2.0,10.0,2.5,64.0,3.0,20.0,,0.0,,0.0,1.5,31.0,1.0,362.0,0.5,574.0,,0.0,,0.0
2023-04-27 22:35:03.5,1682606103500000000,2.0,2.0,1.5,2970.0,355.0,5825.0,2.0,10.0,2.5,64.0,3.0,20.0,,0.0,,0.0,1.5,42.0,1.0,362.0,0.5,574.0,,0.0,,0.0
2023-04-27 22:35:04.5,1682606104500000000,2.0,2.0,1.5,2970.0,355.0,5825.0,2.0,10.0,2.5,64.0,3.0,20.0,,0.0,,0.0,1.5,52.0,1.0,362.0,0.5,574.0,,0.0,,0.0
2023-04-27 22:35:05.5,1682606105500000000,2.0,2.0,1.5,2970.0,355.0,5825.0,2.0,10.0,2.5,64.0,3.0,20.0,,0.0,,0.0,1.5,60.0,1.0,362.0,0.5,574.0,,0.0,,0.0
2023-04-27 22:35:07.5,1682606107500000000,2.0,2.0,1.5,2970.0,355.0,5825.0,2.0,110.0,2.5,64.0,3.0,20.0,,0.0,,0.0,1.5,160.0,1.0,362.0,0.5,574.0,,0.0,,0.0
2023-04-27 22:37:16.0,1682606236000000000,2.0,2.0,1.5,2970.0,375.0,6225.0,2.5,64.0,3.0,20.0,,0.0,,0.0,,0.0,1.5,60.0,1.0,362.0,0.5,574.0,,0.0,,0.0
2023-04-27 22:37:16.25,1682606236250000000,2.0,2.0,1.5,2970.0,375.0,6225.0,2.5,74.0,3.0,20.0,,0.0,,0.0,,0.0,1.5,60.0,1.0,362.0,0.5,574.0,,0.0,,0.0
2023-04-27 22:37:21.5,1682606241500000000,2.0,2.0,1.5,2970.0,375.0,6225.0,2.5,174.0,3.0,20.0,,0.0,,0.0,,0.0,1.5,160.0,1.0,362.0,0.5,574.0,,0.0,,0.0
2023-04-27 22:40:05.75,1682606405750000000,2.0,2.0,1.5,2970.0,375.0,6225.0,2.5,213.0,3.0,20.0,,0.0,,0.0,,0.0,1.5,160.0,1.0,362.0,0.5,574.0,,0.0,,0.0
2023-04-27 22:42:48.0,1682606568000000000,2.0,2.0,1.5,2970.0,375.0,6225.0,2.5,213.0,3.0,20.0,,0.0,,0.0,,0.0,1.5,160.0,1.0,362.0,0.5,593.0,,0.0,,0.0
2023-04-27 22:43:26.25,1682606606250000000,2.0,2.0,1.5,2970.0,375.0,6225.0,2.5,195.0,3.0,20.0,,0.0,,0.0,,0.0,1.5,160.0,1.0,362.0,0.5,575.0,,0.0,,0.0
2023-04-27 22:43:26.75,1682606606750000000,2.0,2.0,1.5,2970.0,375.0,6225.0,2.0,10.0,2.5,195.0,3.0,20.0,,0.0,,0.0,1.5,160.0,1.0,362.0,0.5,575.0,,0.0,,0.0
2023-04-27 22:43:27.25,1682606607250000000,2.0,2.0,1.5,2970.0,375.0,6225.0,2.0,110.0,2.5,95.0,3.0,20.0,,0.0,,0.0,1.5,160.0,1.0,362.0,0.5,575.0,,0.0,,0.0
2023-04-27 22:44:08.75,1682606648750000000,2.0,2.0,1.5,2970.0,375.0,6225.0,2.0,110.0,2.5,95.0,3.0,20.0,,0.0,,0.0,1.5,160.0,1.0,362.0,0.5,556.0,,0.0,,0.0
2023-04-27 22:44:22.0,1682606662000000000,2.0,2.0,1.5,2970.0,375.0,6225.0,2.0,110.0,2.5,95.0,3.0,20.0,,0.0,,0.0,1.5,160.0,1.0,362.0,0.5,575.0,,0.0,,0.0
2023-04-27 22:44:23.5,1682606663500000000,2.0,2.0,1.5,2970.0,375.0,6225.0,2.0,110.0,2.5,95.0,3.0,20.0,,0.0,,0.0,1.5,160.0,1.0,362.0,0.5,556.0,,0.0,,0.0
2023-04-27 22:44:23.75,1682606663750000000,2.0,2.0,1.5,2970.0,375.0,6225.0,2.0,110.0,2.5,95.0,3.0,20.0,,0.0,,0.0,1.5,160.0,1.0,362.0,0.5,575.0,,0.0,,0.0
2023-04-27 22:44:28.5,1682606668500000000,2.0,2.0,1.5,2970.0,375.0,6225.0,2.0,110.0,2.5,95.0,3.0,20.0,,0.0,,0.0,1.5,160.0,1.0,362.0,0.5,556.0,,0.0,,0.0
2023-04-27 22:44:37.25,1682606677250000000,2.0,2.0,1.5,2970.0,375.0,6225.0,2.0,119.0,2.5,95.0,3.0,20.0,,0.0,,0.0,1.5,160.0,1.0,362.0,0.5,556.0,,0.0,,0.0
2023-04-27 22:44:41.0,1682606681000000000,2.0,2.0,1.5,2970.0,375.0,6225.0,2.0,119.0,2.5,95.0,3.0,38.0,,0.0,,0.0,1.5,160.0,1.0,362.0,0.5,574.0,,0.0,,0.0
2023-04-27 22:47:51.0,1682606871000000000,2.0,2.0,1.5,2970.0,375.0,6225.0,2.0,119.0,2.5,95.0,3.0,20.0,,0.0,,0.0,1.5,160.0,1.0,362.0,0.5,556.0,,0.0,,0.0
2023-04-27 22:48:21.0,1682606901000000000,2.0,2.0,1.5,2970.0,375.0,6225.0,2.0,119.0,2.5,95.0,3.0,38.0,,0.0,,0.0,1.5,160.0,1.0,362.0,0.5,574.0,,0.0,,0.0
2023-04-27 22:50:10.5,1682607010500000000,2.0,2.0,1.5,2970.0,405.0,6825.0,2.0,9.0,2.5,95.0,3.0,38.0,,0.0,,0.0,1.5,60.0,1.0,362.0,0.5,574.0,,0.0,,0.0
2023-04-27 22:50:15.75,1682607015750000000,2.0,2.0,1.5,2970.0,405.0,6825.0,2.0,109.0,2.5,95.0,3.0,38.0,,0.0,,0.0,1.5,160.0,1.0,362.0,0.5,574.0,,0.0,,0.0
2023-04-27 22:51:33.25,1682607093250000000,2.0,2.0,1.5,2970.0,455.0,7825.0,2.5,95.0,3.0,38.0,,0.0,,0.0,,0.0,1.5,60.0,1.0,362.0,0.5,574.0,,0.0,,0.0
2023-04-27 22:51:33.75,1682607093750000000,2.0,2.0,1.5,2970.0,455.0,7825.0,2.5,95.0,3.0,38.0,,0.0,,0.0,,0.0,2.0,50.0,1.5,60.0,1.0,362.0,0.5,574.0,,0.0
2023-04-27 22:51:34.75,1682607094750000000,2.0,2.0,1.5,2970.0,455.0,7825.0,2.5,95.0,3.0,38.0,,0.0,,0.0,,0.0,1.5,60.0,1.0,362.0,0.5,574.0,,0.0,,0.0
2023-04-27 22:51:38.25,1682607098250000000,2.0,2.0,1.5,2970.0,455.0,7825.0,2.5,195.0,3.0,38.0,,0.0,,0.0,,0.0,1.5,160.0,1.0,362.0,0.5,574.0,,0.0,,0.0
2023-04-27 22:54:52.75,1682607292750000000,2.0,2.0,1.5,2970.0,455.0,7825.0,2.5,195.0,3.0,38.0,,0.0,,0.0,,0.0,2.0,50.0,1.5,160.0,1.0,362.0,0.5,574.0,,0.0
2023-04-27 22:54:53.0,1682607293000000000,2.0,2.0,1.5,2970.0,455.0,7825.0,2.5,195.0,3.0,38.0,,0.0,,0.0,,0.0,2.0,150.0,1.5,60.0,1.0,362.0,0.5,574.0,,0.0
2023-04-27 22:54:53.75,1682607293750000000,2.0,2.0,1.5,2970.0,455.0,7825.0,2.5,195.0,3.0,38.0,,0.0,,0.0,,0.0,2.0,100.0,1.5,60.0,1.0,362.0,0.5,574.0,,0.0
2023-04-27 22:55:07.5,1682607307500000000,2.0,2.0,1.5,2970.0,455.0,7825.0,2.5,195.0,3.0,38.0,,0.0,,0.0,,0.0,2.0,100.0,1.5,60.0,1.0,362.0,0.5,593.0,,0.0
2023-04-27 22:56:12.0,1682607372000000000,2.0,2.0,1.5,3070.0,555.0,9825.0,2.5,95.0,3.0,38.0,,0.0,,0.0,,0.0,1.5,60.0,1.0,362.0,0.5,593.0,,0.0,,0.0
2023-04-27 22:56:16.0,1682607376000000000,2.0,2.0,1.5,3070.0,555.0,9825.0,2.0,100.0,2.5,95.0,3.0,38.0,,0.0,,0.0,1.5,60.0,1.0,362.0,0.5,593.0,,0.0,,0.0
2023-04-27 22:56:23.75,1682607383750000000,2.0,2.0,1.5,3070.0,555.0,9825.0,2.0,100.0,2.5,95.0,3.0,38.0,,0.0,,0.0,1.5,60.0,1.0,362.0,0.5,574.0,,0.0,,0.0
2023-04-27 22:56:26.5,1682607386500000000,2.0,2.0,1.5,3070.0,555.0,9825.0,2.0,200.0,2.5,95.0,3.0,38.0,,0.0,,0.0,1.5,160.0,1.0,362.0,0.5,574.0,,0.0,,0.0
2023-04-27 22:56:36.25,1682607396250000000,2.0,2.0,1.5,3070.0,555.0,9825.0,2.0,200.0,2.5,94.0,3.0,38.0,,0.0,,0.0,1.5,160.0,1.0,362.0,0.5,573.0,,0.0,,0.0
2023-04-27 22:56:54.25,1682607414250000000,2.0,2.0,1.5,3070.0,555.0,9825.0,2.0,300.0,2.5,94.0,3.0,38.0,,0.0,,0.0,1.5,160.0,1.0,362.0,0.5,573.0,,0.0,,0.0
2023-04-27 22:58:21.75,1682607501750000000,2.0,2.0,1.5,3070.0,555.0,9825.0,2.0,300.0,2.5,94.0,3.0,20.0,,0.0,,0.0,1.5,160.0,1.0,362.0,0.5,555.0,,0.0,,0.0
2023-04-27 22:58:44.5,1682607524500000000,2.0,2.0,1.5,3070.0,555.0,9825.0,2.0,200.0,2.5,94.0,3.0,20.0,,0.0,,0.0,1.5,60.0,1.0,362.0,0.5,555.0,,0.0,,0.0
2023-04-27 22:59:01.75,1682607541750000000,2.0,2.0,1.5,3070.0,555.0,9825.0,2.0,200.0,2.5,84.0,3.0,20.0,,0.0,,0.0,1.5,50.0,1.0,362.0,0.5,555.0,,0.0,,0.0
2023-04-27 22:59:02.0,1682607542000000000,2.0,2.0,1.5,3070.0,555.0,9825.0,2.0,200.0,2.5,94.0,3.0,20.0,,0.0,,0.0,1.5,60.0,1.0,362.0,0.5,555.0,,0.0,,0.0
2023-04-27 22:59:31.5,1682607571500000000,2.0,2.0,1.5,3070.0,555.0,9825.0,2.0,200.0,2.5,84.0,3.0,20.0,,0.0,,0.0,1.5,50.0,1.0,362.0,0.5,555.0,,0.0,,0.0
2023-04-28 08:55:00.0,1682643300000000000,2.0,2.0,1.5,3070.0,555.0,9825.0,2.0,200.0,2.5,84.0,3.0,20.0,,0.0,,0.0,1.5,50.0,1.0,362.0,0.5,555.0,,0.0,,0.0
2023-04-28 09:00:09.75,1682643609750000000,2.0,2.0,1.5,3070.0,555.0,9825.0,2.0,200.0,2.5,84.0,3.0,20.0,3.5,1.0,,0.0,1.5,50.0,1.0,362.0,0.5,555.0,,0.0,,0.0
2023-04-28 09:01:34.75,1682643694750000000,2.0,2.0,1.5,3070.0,555.0,9825.0,2.0,200.0,2.5,84.0,3.0,38.0,3.5,1.0,,0.0,1.5,50.0,1.0,362.0,0.5,573.0,,0.0,,0.0
2023-04-28 09:02:02.25,1682643722250000000,2.0,2.0,1.5,3070.0,555.0,9825.0,2.0,200.0,2.5,84.0,3.0,39.0,,0.0,,0.0,1.5,50.0,1.0,362.0,0.5,574.0,,0.0,,0.0
2023-04-28 09:03:22.75,1682643802750000000,2.0,2.0,1.5,3070.0,555.0,9825.0,2.0,200.0,2.5,94.0,3.0,39.0,,0.0,,0.0,1.5,60.0,1.0,362.0,0.5,574.0,,0.0,,0.0
2023-04-28 09:05:10.0,1682643910000000000,2.0,2.0,1.5,3070.0,555.0,9825.0,2.0,205.0,2.5,94.0,3.0,39.0,,0.0,,0.0,1.5,60.0,1.0,362.0,0.5,574.0,,0.0,,0.0
2023-04-28 09:06:20.75,1682643980750000000,2.0,2.0,1.5,3070.0,555.0,9825.0,2.0,205.0,2.5,94.0,3.0,39.0,,0.0,,0.0,1.5,60.0,1.0,381.0,0.5,574.0,,0.0,,0.0
2023-04-28 09:10:16.75,1682644216750000000,2.0,1.5,1.5,3095.0,580.0,10200.0,2.0,215.0,2.5,94.0,3.0,39.0,,0.0,,0.0,1.5,35.0,1.0,381.0,0.5,574.0,,0.0,,0.0
2023-04-28 09:10:17.0,1682644217000000000,2.0,1.5,1.5,3095.0,580.0,10200.0,2.0,225.0,2.5,94.0,3.0,39.0,,0.0,,0.0,1.5,54.0,1.0,362.0,0.5,574.0,,0.0,,0.0
2023-04-28 09:10:17.75,1682644217750000000,2.0,1.5,1.5,3095.0,580.0,10200.0,2.0,230.0,2.5,94.0,3.0,39.0,,0.0,,0.0,1.5,54.0,1.0,362.0,0.5,574.0,,0.0,,0.0
2023-04-28 09:10:18.25,1682644218250000000,2.0,1.5,1.5,3095.0,580.0,10200.0,2.0,240.0,2.5,94.0,3.0,39.0,,0.0,,0.0,1.5,64.0,1.0,362.0,0.5,574.0,,0.0,,0.0
2023-04-28 09:10:25.75,1682644225750000000,2.0,1.5,1.5,3095.0,580.0,10200.0,2.0,240.0,2.5,94.0,3.0,39.0,,0.0,,0.0,1.5,45.0,1.0,381.0,0.5,574.0,,0.0,,0.0
2023-04-28 09:10:35.5,1682644235500000000,2.0,1.5,1.5,3095.0,580.0,10200.0,2.0,240.0,2.5,95.0,3.0,38.0,,0.0,,0.0,1.5,45.0,1.0,381.0,0.5,574.0,,0.0,,0.0
2023-04-28 09:20:24.5,1682644824500000000,2.0,1.5,1.5,3095.0,580.0,10200.0,2.0,240.0,2.5,95.0,3.0,38.0,,0.0,,0.0,1.5,64.0,1.0,362.0,0.5,574.0,,0.0,,0.0
2023-04-28 09:23:42.25,1682645022250000000,2.0,1.5,1.5,3095.0,580.0,10200.0,2.0,240.0,2.5,95.0,3.0,38.0,,0.0,,0.0,1.5,64.0,1.0,362.0,0.5,574.0,,0.0,,0.0
2023-04-28 09:36:11.0,1682645771000000000,2.0,1.5,1.5,3095.0,580.0,10200.0,2.0,240.0,2.5,113.0,3.0,20.0,,0.0,,0.0,1.5,64.0,1.0,362.0,0.5,574.0,,0.0,,0.0
2023-04-28 09:36:29.25,1682645789250000000,2.0,1.5,1.5,3095.0,580.0,10200.0,2.0,240.0,2.5,95.0,3.0,20.0,,0.0,,0.0,1.5,64.0,1.0,362.0,0.5,556.0,,0.0,,0.0
2023-04-28 09:38:21.25,1682645901250000000,2.0,1.5,1.5,3095.0,580.0,10200.0,2.0,240.0,2.5,95.0,3.0,38.0,,0.0,,0.0,1.5,64.0,1.0,362.0,0.5,574.0,,0.0,,0.0
2023-04-28 09:39:30.0,1682645970000000000,2.0,1.5,1.5,3095.0,580.0,10200.0,2.0,240.0,2.5,85.0,3.0,38.0,,0.0,,0.0,1.5,54.0,1.0,362.0,0.5,574.0,,0.0,,0.0
2023-04-28 09:39:30.75,1682645970750000000,2.0,1.5,1.5,3095.0,580.0,10200.0,2.0,240.0,2.5,95.0,3.0,38.0,,0.0,,0.0,1.5,64.0,1.0,362.0,0.5,574.0,,0.0,,0.0
2023-04-28 09:49:52.25,1682646592250000000,2.0,1.5,1.5,3120.0,640.0,11100.0,2.0,241.0,2.5,95.0,3.0,38.0,,0.0,,0.0,1.5,23.0,1.0,362.0,0.5,574.0,,0.0,,0.0
2023-04-28 09:49:52.75,1682646592750000000,2.0,1.5,1.5,3120.0,640.0,11100.0,2.0,251.0,2.5,85.0,3.0,38.0,,0.0,,0.0,1.5,29.0,1.0,362.0,0.5,574.0,,0.0,,0.0
2023-04-28 09:49:54.25,1682646594250000000,2.0,1.5,1.5,3120.0,640.0,11100.0,2.0,261.0,2.5,85.0,3.0,38.0,,0.0,,0.0,1.5,29.0,1.0,362.0,0.5,574.0,,0.0,,0.0
2023-04-28 09:49:55.25,1682646595250000000,2.0,1.5,1.5,3120.0,640.0,11100.0,2.0,265.0,2.5,85.0,3.0,38.0,,0.0,,0.0,1.5,29.0,1.0,362.0,0.5,574.0,,0.0,,0.0
2023-04-28 09:50:02.0,1682646602000000000,2.0,1.5,1.5,3120.0,655.0,11325.0,2.0,265.0,2.5,85.0,3.0,38.0,,0.0,,0.0,1.5,14.0,1.0,362.0,0.5,574.0,,0.0,,0.0
2023-04-28 09:50:12.75,1682646612750000000,2.0,1.5,1.5,3150.0,699.0,11985.0,1.5,56.0,2.0,265.0,2.5,85.0,3.0,38.0,,0.0,1.0,362.0,0.5,574.0,,0.0,,0.0,,0.0
2023-04-28 09:50:13.0,1682646613000000000,2.0,1.5,1.5,3150.0,699.0,11985.0,1.5,56.0,2.0,283.0,2.5,85.0,3.0,20.0,,0.0,1.0,372.0,0.5,574.0,,0.0,,0.0,,0.0
2023-04-28 09:50:22.25,1682646622250000000,2.0,1.5,1.5,3150.0,699.0,11985.0,1.5,56.0,2.0,283.0,2.5,85.0,3.0,20.0,,0.0,1.0,391.0,0.5,574.0,,0.0,,0.0,,0.0
2023-04-28 09:51:54.75,1682646714750000000,2.0,1.5,1.5,3150.0,699.0,11985.0,1.5,66.0,2.0,283.0,2.5,85.0,3.0,20.0,,0.0,1.0,401.0,0.5,574.0,,0.0,,0.0,,0.0
2023-04-28 10:04:12.25,1682647452250000000,2.0,1.5,1.5,3150.0,699.0,11985.0,1.5,66.0,2.0,283.0,2.5,85.0,3.0,20.0,,0.0,1.0,401.0,0.5,574.0,,0.0,,0.0,,0.0
2023-04-28 10:14:02.0,1682648042000000000,2.0,1.5,1.5,3150.0,699.0,11985.0,1.5,66.0,2.0,273.0,2.5,85.0,3.0,20.0,,0.0,1.0,391.0,0.5,574.0,,0.0,,0.0,,0.0
2023-04-28 10:14:02.25,1682648042250000000,2.0,1.5,1.5,3150.0,699.0,11985.0,1.5,66.0,2.0,283.0,2.5,85.0,3.0,20.0,,0.0,1.0,401.0,0.5,574.0,,0.0,,0.0,,0.0
2023-04-28 10:14:18.0,1682648058000000000,2.0,1.5,1.5,3150.0,699.0,11985.0,1.5,66.0,2.0,283.0,2.5,85.0,3.0,20.0,,0.0,1.0,382.0,0.5,574.0,,0.0,,0.0,,0.0
2023-04-28 10:14:30.0,1682648070000000000,2.0,1.5,1.5,3150.0,699.0,11985.0,1.5,56.0,2.0,283.0,2.5,85.0,3.0,20.0,,0.0,1.0,372.0,0.5,574.0,,0.0,,0.0,,0.0
2023-04-28 10:14:31.5,1682648071500000000,2.0,1.5,1.5,3150.0,699.0,11985.0,1.5,56.0,2.0,265.0,2.5,85.0,3.0,20.0,,0.0,1.0,372.0,0.5,556.0,,0.0,,0.0,,0.0
2023-04-28 10:15:00.0,1682648100000000000,2.0,1.5,1.5,3150.0,699.0,11985.0,1.5,56.0,2.0,265.0,2.5,85.0,3.0,20.0,,0.0,1.0,372.0,0.5,556.0,,0.0,,0.0,,0.0
2023-04-28 10:30:23.75,1682649023750000000,2.0,1.5,1.5,3150.0,709.0,12135.0,1.5,46.0,2.0,265.0,2.5,85.0,3.0,20.0,,0.0,1.0,372.0,0.5,556.0,,0.0,,0.0,,0.0
2023-04-28 10:30:31.5,1682649031500000000,2.0,1.5,1.5,3150.0,709.0,12135.0,1.5,46.0,2.0,265.0,2.5,103.0,3.0,20.0,,0.0,1.0,372.0,0.5,574.0,,0.0,,0.0,,0.0
2023-04-28 10:30:47.0,1682649047000000000,2.0,1.5,1.5,3150.0,709.0,12135.0,1.5,46.0,2.0,265.0,2.5,85.0,3.0,20.0,,0.0,1.0,372.0,0.5,556.0,,0.0,,0.0,,0.0
2023-04-28 10:30:49.25,1682649049250000000,2.0,1.5,1.5,3150.0,709.0,12135.0,1.5,46.0,2.0,283.0,2.5,85.0,3.0,20.0,,0.0,1.0,372.0,0.5,574.0,,0.0,,0.0,,0.0
2023-04-28 10:32:35.0,1682649155000000000,2.0,1.5,1.5,3150.0,709.0,12135.0,1.5,56.0,2.0,283.0,2.5,85.0,3.0,20.0,,0.0,1.0,382.0,0.5,574.0,,0.0,,0.0,,0.0
2023-04-28 10:43:31.0,1682649811000000000,2.0,1.5,1.5,3150.0,709.0,12135.0,1.5,56.0,2.0,265.0,2.5,85.0,3.0,20.0,,0.0,1.0,382.0,0.5,556.0,,0.0,,0.0,,0.0
2023-04-28 10:46:31.0,1682649991000000000,2.0,1.5,1.5,3150.0,709.0,12135.0,1.5,56.0,2.0,283.0,2.5,85.0,3.0,20.0,,0.0,1.0,382.0,0.5,574.0,,0.0,,0.0,,0.0
2023-04-28 10:47:43.75,1682650063750000000,2.0,1.5,1.5,3150.0,709.0,12135.0,1.5,56.0,2.0,273.0,2.5,85.0,3.0,20.0,,0.0,1.0,372.0,0.5,574.0,,0.0,,0.0,,0.0
2023-04-28 10:50:02.25,1682650202250000000,2.0,1.5,1.5,3150.0,709.0,12135.0,1.5,56.0,2.0,283.0,2.5,85.0,3.0,20.0,,0.0,1.0,382.0,0.5,574.0,,0.0,,0.0,,0.0
2023-04-28 10:53:18.0,1682650398000000000,2.0,1.5,1.5,3150.0,709.0,12135.0,1.5,56.0,2.0,273.0,2.5,85.0,3.0,20.0,,0.0,1.0,372.0,0.5,574.0,,0.0,,0.0,,0.0
2023-04-28 10:53:18.75,1682650398750000000,2.0,1.5,1.5,3150.0,709.0,12135.0,1.5,56.0,2.0,283.0,2.5,85.0,3.0,20.0,,0.0,1.0,382.0,0.5,574.0,,0.0,,0.0,,0.0
2023-04-28 10:53:36.75,1682650416750000000,2.0,1.5,1.5,3150.0,709.0,12135.0,1.5,56.0,2.0,273.0,2.5,85.0,3.0,20.0,,0.0,1.0,372.0,0.5,574.0,,0.0,,0.0,,0.0
2023-04-28 10:53:37.5,1682650417500000000,2.0,1.5,1.5,3150.0,709.0,12135.0,1.5,56.0,2.0,283.0,2.5,85.0,3.0,20.0,,0.0,1.0,382.0,0.5,574.0,,0.0,,0.0,,0.0
2023-04-28 10:53:50.5,1682650430500000000,2.0,1.5,1.5,3150.0,709.0,12135.0,1.5,56.0,2.0,273.0,2.5,85.0,3.0,20.0,,0.0,1.0,372.0,0.5,574.0,,0.0,,0.0,,0.0
2023-04-28 10:53:51.25,1682650431250000000,2.0,1.5,1.5,3150.0,709.0,12135.0,1.5,56.0,2.0,283.0,2.5,85.0,3.0,20.0,,0.0,1.0,382.0,0.5,574.0,,0.0,,0.0,,0.0
2023-04-28 10:54:04.25,1682650444250000000,2.0,1.5,1.5,3150.0,709.0,12135.0,1.5,56.0,2.0,273.0,2.5,85.0,3.0,20.0,,0.0,1.0,372.0,0.5,574.0,,0.0,,0.0,,0.0
2023-04-28 10:54:05.25,1682650445250000000,2.0,1.5,1.5,3150.0,709.0,12135.0,1.5,56.0,2.0,283.0,2.5,85.0,3.0,20.0,,0.0,1.0,382.0,0.5,574.0,,0.0,,0.0,,0.0
2023-04-28 11:16:50.75,1682651810750000000,2.0,1.5,1.5,3160.0,719.0,12285.0,1.5,46.0,2.0,283.0,2.5,85.0,3.0,20.0,,0.0,1.0,382.0,0.5,574.0,,0.0,,0.0,,0.0
2023-04-28 11:23:16.25,1682652196250000000,2.0,1.5,1.5,3160.0,719.0,12285.0,1.5,46.0,2.0,283.0,2.5,85.0,3.0,20.0,,0.0,1.0,322.0,0.5,474.0,,0.0,,0.0,,0.0
2023-04-28 11:28:15.25,1682652495250000000,2.0,1.5,1.5,3196.0,765.0,12975.0,2.0,283.0,2.5,85.0,3.0,20.0,,0.0,,0.0,1.0,312.0,0.5,474.0,,0.0,,0.0,,0.0
2023-04-28 11:28:20.5,1682652500500000000,2.0,1.5,1.5,3196.0,765.0,12975.0,2.0,293.0,2.5,85.0,3.0,20.0,,0.0,,0.0,1.0,322.0,0.5,474.0,,0.0,,0.0,,0.0
2023-04-28 11:28:28.0,1682652508000000000,2.0,1.5,1.5,3196.0,765.0,12975.0,2.0,275.0,2.5,85.0,3.0,20.0,,0.0,,0.0,1.0,322.0,0.5,456.0,,0.0,,0.0,,0.0
2023-04-28 11:29:00.0,1682652540000000000,2.0,1.5,1.5,3196.0,765.0,12975.0,2.0,265.0,2.5,85.0,3.0,20.0,,0.0,,0.0,1.0,312.0,0.5,456.0,,0.0,,0.0,,0.0
2023-04-28 11:29:02.0,1682652542000000000,2.0,1.5,1.5,3196.0,765.0,12975.0,2.0,255.0,2.5,85.0,3.0,20.0,,0.0,,0.0,1.0,302.0,0.5,456.0,,0.0,,0.0,,0.0
2023-04-28 11:29:02.25,1682652542250000000,2.0,1.5,1.5,3196.0,765.0,12975.0,2.0,265.0,2.5,85.0,3.0,20.0,,0.0,,0.0,1.0,312.0,0.5,456.0,,0.0,,0.0,,0.0
2023-04-28 11:29:32.0,1682652572000000000,2.0,1.5,1.5,3196.0,765.0,12975.0,2.0,255.0,2.5,85.0,3.0,20.0,,0.0,,0.0,1.0,302.0,0.5,456.0,,0.0,,0.0,,0.0
2023-04-28 11:30:00.0,1682652600000000000,2.0,1.5,1.5,3196.0,765.0,12975.0,2.0,255.0,2.5,85.0,3.0,20.0,,0.0,,0.0,1.0,302.0,0.5,456.0,,0.0,,0.0,,0.0
2023-04-28 13:30:08.75,1682659808750000000,2.0,1.5,1.5,3196.0,765.0,12975.0,2.0,255.0,2.5,85.0,3.0,38.0,,0.0,,0.0,1.0,302.0,0.5,474.0,,0.0,,0.0,,0.0
2023-04-28 13:30:09.5,1682659809500000000,2.0,1.5,1.5,3196.0,765.0,12975.0,2.0,255.0,2.5,85.0,3.0,20.0,,0.0,,0.0,1.0,302.0,0.5,456.0,,0.0,,0.0,,0.0
2023-04-28 13:31:01.25,1682659861250000000,2.0,1.5,1.5,3196.0,765.0,12975.0,2.0,255.0,2.5,85.0,3.0,38.0,,0.0,,0.0,1.0,302.0,0.5,474.0,,0.0,,0.0,,0.0
2023-04-28 13:32:03.0,1682659923000000000,2.0,1.5,1.5,3196.0,765.0,12975.0,2.0,265.0,2.5,85.0,3.0,38.0,,0.0,,0.0,1.0,312.0,0.5,474.0,,0.0,,0.0,,0.0
2023-04-28 13:35:00.75,1682660100750000000,2.0,1.5,1.5,3196.0,765.0,12975.0,2.0,265.0,2.5,85.0,3.0,38.0,,0.0,,0.0,1.0,322.0,0.5,474.0,,0.0,,0.0,,0.0
2023-04-28 13:38:05.75,1682660285750000000,2.0,1.0,1.0,3196.0,790.0,13225.0,2.0,290.0,2.5,85.0,3.0,38.0,,0.0,,0.0,1.0,297.0,0.5,474.0,,0.0,,0.0,,0.0
2023-04-28 13:38:46.5,1682660326500000000,2.0,1.0,1.0,3196.0,790.0,13225.0,2.0,300.0,2.5,85.0,3.0,38.0,,0.0,,0.0,1.0,297.0,0.5,474.0,,0.0,,0.0,,0.0
2023-04-28 13:40:34.75,1682660434750000000,2.0,1.0,1.0,3196.0,790.0,13225.0,1.5,15.0,2.0,300.0,2.5,85.0,3.0,38.0,,0.0,1.0,297.0,0.5,474.0,,0.0,,0.0,,0.0
2023-04-28 13:40:35.0,1682660435000000000,2.0,1.0,1.0,3196.0,790.0,13225.0,1.5,15.0,2.0,318.0,2.5,85.0,3.0,20.0,,0.0,1.0,297.0,0.5,474.0,,0.0,,0.0,,0.0
2023-04-28 13:41:27.5,1682660487500000000,2.0,1.0,1.0,3196.0,790.0,13225.0,1.5,15.0,2.0,300.0,2.5,85.0,3.0,20.0,,0.0,1.0,297.0,0.5,456.0,,0.0,,0.0,,0.0
2023-04-28 13:42:06.25,1682660526250000000,2.0,1.0,1.0,3196.0,790.0,13225.0,1.5,15.0,2.0,318.0,2.5,85.0,3.0,20.0,,0.0,1.0,297.0,0.5,474.0,,0.0,,0.0,,0.0
2023-04-28 13:43:17.25,1682660597250000000,2.0,1.0,1.0,3196.0,790.0,13225.0,1.5,15.0,2.0,300.0,2.5,85.0,3.0,20.0,,0.0,1.0,297.0,0.5,456.0,,0.0,,0.0,,0.0
2023-04-28 13:47:09.25,1682660829250000000,2.0,1.0,1.0,3196.0,790.0,13225.0,1.5,15.0,2.0,318.0,2.5,85.0,3.0,20.0,,0.0,1.0,297.0,0.5,474.0,,0.0,,0.0,,0.0
2023-04-28 13:52:16.75,1682661136750000000,2.0,1.5,1.0,3201.0,795.0,13300.0,1.5,10.0,2.0,318.0,2.5,85.0,3.0,20.0,,0.0,1.0,297.0,0.5,474.0,,0.0,,0.0,,0.0
2023-04-28 13:52:36.5,1682661156500000000,2.0,1.5,1.0,3203.0,797.0,13330.0,1.5,8.0,2.0,318.0,2.5,85.0,3.0,20.0,,0.0,1.0,297.0,0.5,474.0,,0.0,,0.0,,0.0
2023-04-28 13:53:46.5,1682661226500000000,2.0,1.5,1.0,3203.0,797.0,13330.0,1.5,8.0,2.0,300.0,2.5,85.0,3.0,20.0,,0.0,1.0,297.0,0.5,456.0,,0.0,,0.0,,0.0
2023-04-28 13:54:02.0,1682661242000000000,2.0,1.5,1.0,3203.0,797.0,13330.0,1.5,8.0,2.0,300.0,2.5,85.0,3.0,38.0,,0.0,1.0,297.0,0.5,474.0,,0.0,,0.0,,0.0
2023-04-28 14:19:34.25,1682662774250000000,2.0,1.5,1.0,3203.0,797.0,13330.0,1.5,18.0,2.0,300.0,2.5,85.0,3.0,38.0,,0.0,1.0,307.0,0.5,474.0,,0.0,,0.0,,0.0
2023-04-28 14:19:34.5,1682662774500000000,2.0,1.5,1.0,3203.0,797.0,13330.0,1.5,18.0,2.0,318.0,2.5,85.0,3.0,20.0,,0.0,1.0,307.0,0.5,474.0,,0.0,,0.0,,0.0
2023-04-28 14:20:53.75,1682662853750000000,2.0,1.5,1.0,3203.0,797.0,13330.0,1.5,18.0,2.0,293.0,2.5,85.0,3.0,20.0,,0.0,1.0,307.0,0.5,474.0,,0.0,,0.0,,0.0
2023-04-28 14:20:54.0,1682662854000000000,2.0,1.5,1.0,3203.0,797.0,13330.0,1.5,43.0,2.0,293.0,2.5,85.0,3.0,20.0,,0.0,1.0,307.0,0.5,474.0,,0.0,,0.0,,0.0
2023-04-28 14:26:19.75,1682663179750000000,2.0,1.5,1.0,3203.0,797.0,13330.0,1.5,43.0,2.0,275.0,2.5,85.0,3.0,20.0,,0.0,1.0,307.0,0.5,456.0,,0.0,,0.0,,0.0
2023-04-28 14:27:24.75,1682663244750000000,2.0,1.5,1.0,3203.0,797.0,13330.0,1.5,43.0,2.0,275.0,2.5,85.0,3.0,20.0,,0.0,1.0,307.0,0.5,456.0,,0.0,,0.0,,0.0
2023-04-28 14:28:20.75,1682663300750000000,2.0,1.5,1.0,3203.0,797.0,13330.0,1.5,43.0,2.0,293.0,2.5,85.0,3.0,20.0,,0.0,1.0,307.0,0.5,474.0,,0.0,,0.0,,0.0
2023-04-28 14:28:21.0,1682663301000000000,2.0,1.5,1.0,3203.0,797.0,13330.0,1.5,43.0,2.0,275.0,2.5,85.0,3.0,20.0,,0.0,1.0,307.0,0.5,456.0,,0.0,,0.0,,0.0
2023-04-28 14:29:19.25,1682663359250000000,2.0,1.5,1.0,3203.0,797.0,13330.0,1.5,43.0,2.0,293.0,2.5,85.0,3.0,20.0,,0.0,1.0,307.0,0.5,474.0,,0.0,,0.0,,0.0
2023-04-28 14:29:21.5,1682663361500000000,2.0,1.5,1.0,3203.0,797.0,13330.0,1.5,43.0,2.0,275.0,2.5,85.0,3.0,20.0,,0.0,1.0,307.0,0.5,456.0,,0.0,,0.0,,0.0
2023-04-28 14:29:54.25,1682663394250000000,2.0,1.5,1.0,3203.0,797.0,13330.0,1.5,43.0,2.0,293.0,2.5,85.0,3.0,20.0,,0.0,1.0,307.0,0.5,474.0,,0.0,,0.0,,0.0
2023-04-28 14:29:55.0,1682663395000000000,2.0,1.5,1.0,3203.0,797.0,13330.0,1.5,43.0,2.0,275.0,2.5,85.0,3.0,20.0,,0.0,1.0,307.0,0.5,456.0,,0.0,,0.0,,0.0
2023-04-28 14:32:47.25,1682663567250000000,2.0,1.5,1.0,3203.0,797.0,13330.0,1.5,43.0,2.0,293.0,2.5,85.0,3.0,20.0,,0.0,1.0,307.0,0.5,474.0,,0.0,,0.0,,0.0
2023-04-28 14:33:16.5,1682663596500000000,2.0,1.5,1.0,3203.0,797.0,13330.0,1.5,62.0,2.0,293.0,2.5,85.0,3.0,20.0,,0.0,1.0,307.0,0.5,493.0,,0.0,,0.0,,0.0
2023-04-28 14:33:52.0,1682663632000000000,2.0,1.5,1.0,3203.0,797.0,13330.0,1.5,43.0,2.0,293.0,2.5,85.0,3.0,20.0,,0.0,1.0,307.0,0.5,474.0,,0.0,,0.0,,0.0
2023-04-28 14:33:55.75,1682663635750000000,2.0,1.0,1.0,3232.0,826.0,13620.0,1.5,72.0,2.0,293.0,2.5,85.0,3.0,20.0,,0.0,1.0,278.0,0.5,474.0,,0.0,,0.0,,0.0
2023-04-28 14:35:39.75,1682663739750000000,2.0,1.0,1.0,3232.0,826.0,13620.0,1.5,72.0,2.0,275.0,2.5,85.0,3.0,20.0,,0.0,1.0,278.0,0.5,456.0,,0.0,,0.0,,0.0
2023-04-28 14:36:01.75,1682663761750000000,2.0,1.0,1.0,3232.0,826.0,13620.0,1.5,72.0,2.0,293.0,2.5,85.0,3.0,20.0,,0.0,1.0,278.0,0.5,474.0,,0.0,,0.0,,0.0
2023-04-28 14:36:03.75,1682663763750000000,2.0,1.0,1.0,3232.0,826.0,13620.0,1.5,72.0,2.0,275.0,2.5,85.0,3.0,20.0,,0.0,1.0,278.0,0.5,456.0,,0.0,,0.0,,0.0
2023-04-28 14:37:21.5,1682663841500000000,2.0,1.0,1.0,3232.0,826.0,13620.0,1.5,72.0,2.0,293.0,2.5,85.0,3.0,20.0,,0.0,1.0,278.0,0.5,474.0,,0.0,,0.0,,0.0
2023-04-28 14:37:22.5,1682663842500000000,2.0,1.0,1.0,3232.0,826.0,13620.0,1.5,72.0,2.0,275.0,2.5,85.0,3.0,20.0,,0.0,1.0,278.0,0.5,456.0,,0.0,,0.0,,0.0
2023-04-28 14:38:08.25,1682663888250000000,2.0,1.0,1.0,3232.0,826.0,13620.0,1.5,72.0,2.0,293.0,2.5,85.0,3.0,20.0,,0.0,1.0,278.0,0.5,474.0,,0.0,,0.0,,0.0
2023-04-28 14:38:10.75,1682663890750000000,2.0,1.0,1.0,3232.0,826.0,13620.0,1.5,72.0,2.0,275.0,2.5,85.0,3.0,20.0,,0.0,1.0,278.0,0.5,456.0,,0.0,,0.0,,0.0
2023-04-28 14:38:15.5,1682663895500000000,2.0,1.0,1.0,3232.0,826.0,13620.0,1.5,72.0,2.0,293.0,2.5,85.0,3.0,20.0,,0.0,1.0,278.0,0.5,474.0,,0.0,,0.0,,0.0
2023-04-28 14:39:59.25,1682663999250000000,2.0,1.0,1.0,3232.0,826.0,13620.0,1.5,72.0,2.0,275.0,2.5,85.0,3.0,20.0,,0.0,1.0,278.0,0.5,456.0,,0.0,,0.0,,0.0
2023-04-28 14:41:01.75,1682664061750000000,2.0,1.0,1.0,3232.0,826.0,13620.0,1.5,72.0,2.0,293.0,2.5,85.0,3.0,20.0,,0.0,1.0,278.0,0.5,474.0,,0.0,,0.0,,0.0
2023-04-28 14:41:02.5,1682664062500000000,2.0,1.0,1.0,3232.0,826.0,13620.0,1.5,72.0,2.0,275.0,2.5,85.0,3.0,20.0,,0.0,1.0,278.0,0.5,456.0,,0.0,,0.0,,0.0
2023-04-28 14:41:20.75,1682664080750000000,2.0,1.0,1.0,3232.0,826.0,13620.0,1.5,72.0,2.0,293.0,2.5,85.0,3.0,20.0,,0.0,1.0,278.0,0.5,474.0,,0.0,,0.0,,0.0
2023-04-28 14:48:30.5,1682664510500000000,2.0,1.0,1.0,3232.0,826.0,13620.0,1.5,72.0,2.0,275.0,2.5,85.0,3.0,20.0,,0.0,1.0,278.0,0.5,456.0,,0.0,,0.0,,0.0
2023-04-28 14:48:39.0,1682664519000000000,2.0,1.0,1.0,3232.0,826.0,13620.0,1.5,72.0,2.0,293.0,2.5,85.0,3.0,20.0,,0.0,1.0,278.0,0.5,474.0,,0.0,,0.0,,0.0
2023-04-28 14:53:47.75,1682664827750000000,2.0,1.0,1.0,3232.0,826.0,13620.0,1.5,72.0,2.0,275.0,2.5,85.0,3.0,20.0,,0.0,1.0,278.0,0.5,456.0,,0.0,,0.0,,0.0
2023-04-28 14:53:57.0,1682664837000000000,2.0,1.0,1.0,3232.0,826.0,13620.0,1.5,72.0,2.0,293.0,2.5,85.0,3.0,20.0,,0.0,1.0,278.0,0.5,474.0,,0.0,,0.0,,0.0
2023-04-28 14:56:32.0,1682664992000000000,2.0,1.0,1.0,3232.0,826.0,13620.0,1.5,72.0,2.0,283.0,2.5,85.0,3.0,20.0,,0.0,1.0,268.0,0.5,474.0,,0.0,,0.0,,0.0
2023-04-28 14:58:38.5,1682665118500000000,2.0,1.0,1.0,3232.0,826.0,13620.0,1.5,62.0,2.0,283.0,2.5,85.0,3.0,20.0,,0.0,1.0,258.0,0.5,474.0,,0.0,,0.0,,0.0
2023-04-28 14:59:04.0,1682665144000000000,2.0,1.0,1.0,3232.0,826.0,13620.0,1.5,62.0,2.0,265.0,2.5,85.0,3.0,20.0,,0.0,1.0,258.0,0.5,456.0,,0.0,,0.0,,0.0
2023-04-28 14:59:11.0,1682665151000000000,2.0,1.0,1.0,3232.0,826.0,13620.0,1.5,62.0,2.0,283.0,2.5,85.0,3.0,20.0,,0.0,1.0,258.0,0.5,474.0,,0.0,,0.0,,0.0
2023-04-28 14:59:19.25,1682665159250000000,2.0,1.0,1.0,3232.0,826.0,13620.0,1.5,62.0,2.0,265.0,2.5,85.0,3.0,20.0,,0.0,1.0,258.0,0.5,456.0,,0.0,,0.0,,0.0
2023-04-28 14:59:21.25,1682665161250000000,2.0,1.0,1.0,3232.0,826.0,13620.0,1.5,62.0,2.0,265.0,2.5,85.0,3.0,20.0,,0.0,1.0,212.0,0.5,256.0,,0.0,,0.0,,0.0
