datetime,datetime_nano,highest,last_price,lowest,open_interest,volume,amount,ask_price1,ask_volume1,ask_price2,ask_volume2,ask_price3,ask_volume3,ask_price4,ask_volume4,ask_price5,ask_volume5,bid_price1,bid_volume1,bid_price2,bid_volume2,bid_price3,bid_volume3,bid_price4,bid_volume4,bid_price5,bid_volume5
2023-04-27 20:55:00.0,1682600100000000000,,,,193.0,0.0,0.0,,0.0,,0.0,,0.0,,0.0,,0.0,,0.0,,0.0,,0.0,,0.0,,0.0
2023-04-27 21:00:16.75,1682600416750000000,,,,193.0,0.0,0.0,2054.5,1.0,,0.0,,0.0,,0.0,,0.0,951.5,1.0,,0.0,,0.0,,0.0,,0.0
2023-04-27 21:00:17.0,1682600417000000000,,,,193.0,0.0,0.0,2054.0,10.0,2054.5,1.0,,0.0,,0.0,,0.0,951.5,1.0,,0.0,,0.0,,0.0,,0.0
2023-04-27 21:00:17.25,1682600417250000000,,,,193.0,0.0,0.0,2052.5,1.0,2054.0,10.0,,0.0,,0.0,,0.0,951.5,1.0,,0.0,,0.0,,0.0,,0.0
2023-04-27 21:00:17.5,1682600417500000000,,,,193.0,0.0,0.0,2052.5,1.0,,0.0,,0.0,,0.0,,0.0,951.5,1.0,,0.0,,0.0,,0.0,,0.0
2023-04-27 21:00:17.75,1682600417750000000,,,,193.0,0.0,0.0,2052.0,10.0,2052.5,1.0,,0.0,,0.0,,0.0,951.5,1.0,,0.0,,0.0,,0.0,,0.0
2023-04-27 21:00:18.25,1682600418250000000,,,,193.0,0.0,0.0,2052.0,10.0,,0.0,,0.0,,0.0,,0.0,951.5,1.0,,0.0,,0.0,,0.0,,0.0
2023-04-27 21:00:20.25,1682600420250000000,,,,193.0,0.0,0.0,2050.5,1.0,2052.0,10.0,,0.0,,0.0,,0.0,951.5,1.0,,0.0,,0.0,,0.0,,0.0
2023-04-27 21:00:20.5,1682600420500000000,,,,193.0,0.0,0.0,2050.5,1.0,,0.0,,0.0,,0.0,,0.0,951.5,1.0,,0.0,,0.0,,0.0,,0.0
2023-04-27 21:00:20.75,1682600420750000000,,,,193.0,0.0,0.0,2050.0,10.0,2050.5,1.0,,0.0,,0.0,,0.0,951.5,1.0,,0.0,,0.0,,0.0,,0.0
2023-04-27 21:00:21.25,1682600421250000000,,,,193.0,0.0,0.0,2050.0,10.0,,0.0,,0.0,,0.0,,0.0,951.5,1.0,,0.0,,0.0,,0.0,,0.0
2023-04-27 21:00:23.5,1682600423500000000,,,,193.0,0.0,0.0,2048.5,1.0,2050.0,10.0,,0.0,,0.0,,0.0,951.5,1.0,,0.0,,0.0,,0.0,,0.0
2023-04-27 21:00:23.75,1682600423750000000,,,,193.0,0.0,0.0,2048.5,1.0,,0.0,,0.0,,0.0,,0.0,951.5,1.0,,0.0,,0.0,,0.0,,0.0
2023-04-27 21:00:24.0,1682600424000000000,,,,193.0,0.0,0.0,2048.0,10.0,2048.5,1.0,,0.0,,0.0,,0.0,951.5,1.0,,0.0,,0.0,,0.0,,0.0
2023-04-27 21:00:24.25,1682600424250000000,,,,193.0,0.0,0.0,2048.0,10.0,,0.0,,0.0,,0.0,,0.0,951.5,1.0,,0.0,,0.0,,0.0,,0.0
2023-04-27 21:00:28.25,1682600428250000000,,,,193.0,0.0,0.0,2046.5,1.0,2048.0,10.0,,0.0,,0.0,,0.0,951.5,1.0,,0.0,,0.0,,0.0,,0.0
2023-04-27 21:00:28.5,1682600428500000000,,,,193.0,0.0,0.0,2046.5,1.0,,0.0,,0.0,,0.0,,0.0,951.5,1.0,,0.0,,0.0,,0.0,,0.0
2023-04-27 21:00:28.75,1682600428750000000,,,,193.0,0.0,0.0,2046.0,10.0,2046.5,1.0,,0.0,,0.0,,0.0,951.5,1.0,,0.0,,0.0,,0.0,,0.0
2023-04-27 21:00:29.25,1682600429250000000,,,,193.0,0.0,0.0,2044.5,1.0,2046.0,10.0,,0.0,,0.0,,0.0,951.5,1.0,,0.0,,0.0,,0.0,,0.0
2023-04-27 21:00:29.5,1682600429500000000,,,,193.0,0.0,0.0,2044.5,1.0,,0.0,,0.0,,0.0,,0.0,951.5,1.0,,0.0,,0.0,,0.0,,0.0
2023-04-27 21:00:29.75,1682600429750000000,,,,193.0,0.0,0.0,2044.0,10.0,2044.5,1.0,,0.0,,0.0,,0.0,951.5,1.0,,0.0,,0.0,,0.0,,0.0
2023-04-27 21:00:30.25,1682600430250000000,,,,193.0,0.0,0.0,2042.5,1.0,2044.0,10.0,,0.0,,0.0,,0.0,951.5,1.0,,0.0,,0.0,,0.0,,0.0
2023-04-27 21:00:30.5,1682600430500000000,,,,193.0,0.0,0.0,2042.5,1.0,,0.0,,0.0,,0.0,,0.0,951.5,1.0,,0.0,,0.0,,0.0,,0.0
2023-04-27 21:00:30.75,1682600430750000000,,,,193.0,0.0,0.0,2042.0,10.0,2042.5,1.0,,0.0,,0.0,,0.0,951.5,1.0,,0.0,,0.0,,0.0,,0.0
2023-04-27 21:00:31.25,1682600431250000000,,,,193.0,0.0,0.0,2040.5,1.0,2042.0,10.0,,0.0,,0.0,,0.0,951.5,1.0,,0.0,,0.0,,0.0,,0.0
2023-04-27 21:00:31.5,1682600431500000000,,,,193.0,0.0,0.0,2040.0,10.0,2040.5,1.0,,0.0,,0.0,,0.0,951.5,1.0,,0.0,,0.0,,0.0,,0.0
2023-04-27 21:00:31.75,1682600431750000000,,,,193.0,0.0,0.0,2040.0,10.0,,0.0,,0.0,,0.0,,0.0,951.5,1.0,,0.0,,0.0,,0.0,,0.0
2023-04-27 21:00:33.75,1682600433750000000,,,,193.0,0.0,0.0,2038.5,1.0,2040.0,10.0,,0.0,,0.0,,0.0,951.5,1.0,,0.0,,0.0,,0.0,,0.0
2023-04-27 21:00:34.0,1682600434000000000,,,,193.0,0.0,0.0,2038.5,1.0,,0.0,,0.0,,0.0,,0.0,951.5,1.0,,0.0,,0.0,,0.0,,0.0
2023-04-27 21:00:34.25,1682600434250000000,,,,193.0,0.0,0.0,2038.0,10.0,2038.5,1.0,,0.0,,0.0,,0.0,951.5,1.0,,0.0,,0.0,,0.0,,0.0
2023-04-27 21:00:34.75,1682600434750000000,,,,193.0,0.0,0.0,2036.5,1.0,2038.0,10.0,,0.0,,0.0,,0.0,951.5,1.0,,0.0,,0.0,,0.0,,0.0
2023-04-27 21:00:35.0,1682600435000000000,,,,193.0,0.0,0.0,2036.5,1.0,,0.0,,0.0,,0.0,,0.0,951.5,1.0,,0.0,,0.0,,0.0,,0.0
2023-04-27 21:00:35.25,1682600435250000000,,,,193.0,0.0,0.0,2036.0,10.0,2036.5,1.0,,0.0,,0.0,,0.0,951.5,1.0,,0.0,,0.0,,0.0,,0.0
2023-04-27 21:00:35.75,1682600435750000000,,,,193.0,0.0,0.0,2036.0,10.0,,0.0,,0.0,,0.0,,0.0,951.5,1.0,,0.0,,0.0,,0.0,,0.0
2023-04-27 21:00:37.75,1682600437750000000,,,,193.0,0.0,0.0,2034.5,1.0,2036.0,10.0,,0.0,,0.0,,0.0,951.5,1.0,,0.0,,0.0,,0.0,,0.0
2023-04-27 21:00:38.0,1682600438000000000,,,,193.0,0.0,0.0,2034.5,1.0,,0.0,,0.0,,0.0,,0.0,951.5,1.0,,0.0,,0.0,,0.0,,0.0
2023-04-27 21:00:38.25,1682600438250000000,,,,193.0,0.0,0.0,2034.0,10.0,2034.5,1.0,,0.0,,0.0,,0.0,951.5,1.0,,0.0,,0.0,,0.0,,0.0
2023-04-27 21:00:38.75,1682600438750000000,,,,193.0,0.0,0.0,2034.0,10.0,,0.0,,0.0,,0.0,,0.0,951.5,1.0,,0.0,,0.0,,0.0,,0.0
2023-04-27 21:00:40.75,1682600440750000000,,,,193.0,0.0,0.0,2032.5,1.0,2034.0,10.0,,0.0,,0.0,,0.0,951.5,1.0,,0.0,,0.0,,0.0,,0.0
2023-04-27 21:00:41.0,1682600441000000000,,,,193.0,0.0,0.0,2032.5,1.0,,0.0,,0.0,,0.0,,0.0,951.5,1.0,,0.0,,0.0,,0.0,,0.0
2023-04-27 21:00:41.25,1682600441250000000,,,,193.0,0.0,0.0,2032.0,10.0,2032.5,1.0,,0.0,,0.0,,0.0,951.5,1.0,,0.0,,0.0,,0.0,,0.0
2023-04-27 21:00:41.75,1682600441750000000,,,,193.0,0.0,0.0,2030.5,1.0,2032.0,10.0,,0.0,,0.0,,0.0,951.5,1.0,,0.0,,0.0,,0.0,,0.0
2023-04-27 21:00:42.0,1682600442000000000,,,,193.0,0.0,0.0,2030.5,1.0,,0.0,,0.0,,0.0,,0.0,951.5,1.0,,0.0,,0.0,,0.0,,0.0
2023-04-27 21:00:42.25,1682600442250000000,,,,193.0,0.0,0.0,2030.0,10.0,2030.5,1.0,,0.0,,0.0,,0.0,951.5,1.0,,0.0,,0.0,,0.0,,0.0
2023-04-27 21:00:42.75,1682600442750000000,,,,193.0,0.0,0.0,2028.5,1.0,2030.0,10.0,,0.0,,0.0,,0.0,951.5,1.0,,0.0,,0.0,,0.0,,0.0
2023-04-27 21:00:43.0,1682600443000000000,,,,193.0,0.0,0.0,2028.5,1.0,,0.0,,0.0,,0.0,,0.0,951.5,1.0,,0.0,,0.0,,0.0,,0.0
2023-04-27 21:00:43.25,1682600443250000000,,,,193.0,0.0,0.0,2028.0,10.0,2028.5,1.0,,0.0,,0.0,,0.0,951.5,1.0,,0.0,,0.0,,0.0,,0.0
2023-04-27 21:00:43.75,1682600443750000000,,,,193.0,0.0,0.0,2026.5,1.0,2028.0,10.0,,0.0,,0.0,,0.0,951.5,1.0,,0.0,,0.0,,0.0,,0.0
2023-04-27 21:00:44.0,1682600444000000000,,,,193.0,0.0,0.0,2026.5,1.0,,0.0,,0.0,,0.0,,0.0,951.5,1.0,,0.0,,0.0,,0.0,,0.0
2023-04-27 21:00:44.25,1682600444250000000,,,,193.0,0.0,0.0,2026.0,10.0,2026.5,1.0,,0.0,,0.0,,0.0,951.5,1.0,,0.0,,0.0,,0.0,,0.0
2023-04-27 21:00:44.75,1682600444750000000,,,,193.0,0.0,0.0,2026.0,10.0,,0.0,,0.0,,0.0,,0.0,951.5,1.0,,0.0,,0.0,,0.0,,0.0
2023-04-27 21:00:47.75,1682600447750000000,,,,193.0,0.0,0.0,2024.5,1.0,2026.0,10.0,,0.0,,0.0,,0.0,951.5,1.0,,0.0,,0.0,,0.0,,0.0
2023-04-27 21:00:48.0,1682600448000000000,,,,193.0,0.0,0.0,2024.5,1.0,,0.0,,0.0,,0.0,,0.0,951.5,1.0,,0.0,,0.0,,0.0,,0.0
2023-04-27 21:00:48.25,1682600448250000000,,,,193.0,0.0,0.0,2024.0,10.0,2024.5,1.0,,0.0,,0.0,,0.0,951.5,1.0,,0.0,,0.0,,0.0,,0.0
2023-04-27 21:00:48.75,1682600448750000000,,,,193.0,0.0,0.0,2022.5,1.0,2024.0,10.0,,0.0,,0.0,,0.0,951.5,1.0,,0.0,,0.0,,0.0,,0.0
2023-04-27 21:00:49.0,1682600449000000000,,,,193.0,0.0,0.0,2022.5,1.0,,0.0,,0.0,,0.0,,0.0,951.5,1.0,,0.0,,0.0,,0.0,,0.0
2023-04-27 21:00:49.25,1682600449250000000,,,,193.0,0.0,0.0,2022.0,10.0,2022.5,1.0,,0.0,,0.0,,0.0,951.5,1.0,,0.0,,0.0,,0.0,,0.0
2023-04-27 21:00:49.75,1682600449750000000,,,,193.0,0.0,0.0,2020.5,1.0,2022.0,10.0,,0.0,,0.0,,0.0,951.5,1.0,,0.0,,0.0,,0.0,,0.0
2023-04-27 21:00:50.0,1682600450000000000,,,,193.0,0.0,0.0,2020.5,1.0,,0.0,,0.0,,0.0,,0.0,951.5,1.0,,0.0,,0.0,,0.0,,0.0
2023-04-27 21:00:50.25,1682600450250000000,,,,193.0,0.0,0.0,2020.0,10.0,2020.5,1.0,,0.0,,0.0,,0.0,951.5,1.0,,0.0,,0.0,,0.0,,0.0
2023-04-27 21:00:50.75,1682600450750000000,,,,193.0,0.0,0.0,2020.0,10.0,,0.0,,0.0,,0.0,,0.0,951.5,1.0,,0.0,,0.0,,0.0,,0.0
2023-04-27 21:00:54.75,1682600454750000000,,,,193.0,0.0,0.0,2018.5,1.0,2020.0,10.0,,0.0,,0.0,,0.0,951.5,1.0,,0.0,,0.0,,0.0,,0.0
2023-04-27 21:00:55.0,1682600455000000000,,,,193.0,0.0,0.0,2018.5,1.0,,0.0,,0.0,,0.0,,0.0,951.5,1.0,,0.0,,0.0,,0.0,,0.0
2023-04-27 21:00:55.25,1682600455250000000,,,,193.0,0.0,0.0,2018.0,10.0,2018.5,1.0,,0.0,,0.0,,0.0,951.5,1.0,,0.0,,0.0,,0.0,,0.0
2023-04-27 21:00:55.75,1682600455750000000,,,,193.0,0.0,0.0,2018.0,10.0,,0.0,,0.0,,0.0,,0.0,951.5,1.0,,0.0,,0.0,,0.0,,0.0
2023-04-27 21:00:58.75,1682600458750000000,,,,193.0,0.0,0.0,2016.5,1.0,2018.0,10.0,,0.0,,0.0,,0.0,951.5,1.0,,0.0,,0.0,,0.0,,0.0
2023-04-27 21:00:59.0,1682600459000000000,,,,193.0,0.0,0.0,2016.5,1.0,,0.0,,0.0,,0.0,,0.0,951.5,1.0,,0.0,,0.0,,0.0,,0.0
2023-04-27 21:00:59.25,1682600459250000000,,,,193.0,0.0,0.0,2016.0,10.0,2016.5,1.0,,0.0,,0.0,,0.0,951.5,1.0,,0.0,,0.0,,0.0,,0.0
2023-04-27 21:00:59.75,1682600459750000000,,,,193.0,0.0,0.0,2014.5,1.0,2016.0,10.0,,0.0,,0.0,,0.0,951.5,1.0,,0.0,,0.0,,0.0,,0.0
2023-04-27 21:01:00.0,1682600460000000000,,,,193.0,0.0,0.0,2014.5,1.0,,0.0,,0.0,,0.0,,0.0,951.5,1.0,,0.0,,0.0,,0.0,,0.0
2023-04-27 21:01:00.25,1682600460250000000,,,,193.0,0.0,0.0,2014.0,10.0,2014.5,1.0,,0.0,,0.0,,0.0,951.5,1.0,,0.0,,0.0,,0.0,,0.0
2023-04-27 21:01:00.75,1682600460750000000,,,,193.0,0.0,0.0,2012.5,1.0,2014.0,10.0,,0.0,,0.0,,0.0,951.5,1.0,,0.0,,0.0,,0.0,,0.0
2023-04-27 21:01:01.0,1682600461000000000,,,,193.0,0.0,0.0,2012.5,1.0,,0.0,,0.0,,0.0,,0.0,951.5,1.0,,0.0,,0.0,,0.0,,0.0
2023-04-27 21:01:01.25,1682600461250000000,,,,193.0,0.0,0.0,2012.0,10.0,2012.5,1.0,,0.0,,0.0,,0.0,951.5,1.0,,0.0,,0.0,,0.0,,0.0
2023-04-27 21:01:01.75,1682600461750000000,,,,193.0,0.0,0.0,2012.0,10.0,,0.0,,0.0,,0.0,,0.0,951.5,1.0,,0.0,,0.0,,0.0,,0.0
2023-04-27 21:01:05.75,1682600465750000000,,,,193.0,0.0,0.0,2010.5,1.0,2012.0,10.0,,0.0,,0.0,,0.0,951.5,1.0,,0.0,,0.0,,0.0,,0.0
2023-04-27 21:01:06.0,1682600466000000000,,,,193.0,0.0,0.0,2010.5,1.0,,0.0,,0.0,,0.0,,0.0,951.5,1.0,,0.0,,0.0,,0.0,,0.0
2023-04-27 21:01:06.25,1682600466250000000,,,,193.0,0.0,0.0,2010.0,10.0,2010.5,1.0,,0.0,,0.0,,0.0,951.5,1.0,,0.0,,0.0,,0.0,,0.0
2023-04-27 21:01:06.75,1682600466750000000,,,,193.0,0.0,0.0,2010.0,10.0,,0.0,,0.0,,0.0,,0.0,951.5,1.0,,0.0,,0.0,,0.0,,0.0
2023-04-27 21:01:08.75,1682600468750000000,,,,193.0,0.0,0.0,2008.5,1.0,2010.0,10.0,,0.0,,0.0,,0.0,951.5,1.0,,0.0,,0.0,,0.0,,0.0
2023-04-27 21:01:09.0,1682600469000000000,,,,193.0,0.0,0.0,2008.5,1.0,,0.0,,0.0,,0.0,,0.0,951.5,1.0,,0.0,,0.0,,0.0,,0.0
2023-04-27 21:01:09.25,1682600469250000000,,,,193.0,0.0,0.0,2008.0,10.0,2008.5,1.0,,0.0,,0.0,,0.0,951.5,1.0,,0.0,,0.0,,0.0,,0.0
2023-04-27 21:01:09.75,1682600469750000000,,,,193.0,0.0,0.0,2006.5,1.0,2008.0,10.0,,0.0,,0.0,,0.0,951.5,1.0,,0.0,,0.0,,0.0,,0.0
2023-04-27 21:01:10.0,1682600470000000000,,,,193.0,0.0,0.0,2006.5,1.0,,0.0,,0.0,,0.0,,0.0,951.5,1.0,,0.0,,0.0,,0.0,,0.0
2023-04-27 21:01:10.25,1682600470250000000,,,,193.0,0.0,0.0,2006.0,10.0,2006.5,1.0,,0.0,,0.0,,0.0,951.5,1.0,,0.0,,0.0,,0.0,,0.0
2023-04-27 21:01:10.75,1682600470750000000,,,,193.0,0.0,0.0,2004.5,1.0,2006.0,10.0,,0.0,,0.0,,0.0,951.5,1.0,,0.0,,0.0,,0.0,,0.0
2023-04-27 21:01:11.0,1682600471000000000,,,,193.0,0.0,0.0,2004.5,1.0,,0.0,,0.0,,0.0,,0.0,951.5,1.0,,0.0,,0.0,,0.0,,0.0
2023-04-27 21:01:11.25,1682600471250000000,,,,193.0,0.0,0.0,2004.0,10.0,2004.5,1.0,,0.0,,0.0,,0.0,951.5,1.0,,0.0,,0.0,,0.0,,0.0
2023-04-27 21:01:11.75,1682600471750000000,,,,193.0,0.0,0.0,2002.5,1.0,2004.0,10.0,,0.0,,0.0,,0.0,951.5,1.0,,0.0,,0.0,,0.0,,0.0
2023-04-27 21:01:12.0,1682600472000000000,,,,193.0,0.0,0.0,2002.5,1.0,,0.0,,0.0,,0.0,,0.0,951.5,1.0,,0.0,,0.0,,0.0,,0.0
2023-04-27 21:01:12.25,1682600472250000000,,,,193.0,0.0,0.0,2002.0,10.0,2002.5,1.0,,0.0,,0.0,,0.0,951.5,1.0,,0.0,,0.0,,0.0,,0.0
2023-04-27 21:01:12.75,1682600472750000000,,,,193.0,0.0,0.0,2002.0,10.0,,0.0,,0.0,,0.0,,0.0,951.5,1.0,,0.0,,0.0,,0.0,,0.0
2023-04-27 21:01:14.75,1682600474750000000,,,,193.0,0.0,0.0,2000.5,1.0,2002.0,10.0,,0.0,,0.0,,0.0,951.5,1.0,,0.0,,0.0,,0.0,,0.0
2023-04-27 21:01:15.0,1682600475000000000,,,,193.0,0.0,0.0,2000.5,1.0,,0.0,,0.0,,0.0,,0.0,951.5,1.0,,0.0,,0.0,,0.0,,0.0
2023-04-27 21:01:15.25,1682600475250000000,,,,193.0,0.0,0.0,2000.0,10.0,2000.5,1.0,,0.0,,0.0,,0.0,951.5,1.0,,0.0,,0.0,,0.0,,0.0
2023-04-27 21:01:15.75,1682600475750000000,,,,193.0,0.0,0.0,1998.5,1.0,2000.0,10.0,,0.0,,0.0,,0.0,951.5,1.0,,0.0,,0.0,,0.0,,0.0
2023-04-27 21:01:16.0,1682600476000000000,,,,193.0,0.0,0.0,1998.5,1.0,,0.0,,0.0,,0.0,,0.0,951.5,1.0,,0.0,,0.0,,0.0,,0.0
2023-04-27 21:01:16.25,1682600476250000000,,,,193.0,0.0,0.0,1998.0,10.0,1998.5,1.0,,0.0,,0.0,,0.0,951.5,1.0,,0.0,,0.0,,0.0,,0.0
2023-04-27 21:01:16.75,1682600476750000000,,,,193.0,0.0,0.0,1996.5,1.0,1998.0,10.0,,0.0,,0.0,,0.0,951.5,1.0,,0.0,,0.0,,0.0,,0.0
2023-04-27 21:01:17.0,1682600477000000000,,,,193.0,0.0,0.0,1996.5,1.0,,0.0,,0.0,,0.0,,0.0,951.5,1.0,,0.0,,0.0,,0.0,,0.0
2023-04-27 21:01:17.25,1682600477250000000,,,,193.0,0.0,0.0,1996.0,10.0,1996.5,1.0,,0.0,,0.0,,0.0,951.5,1.0,,0.0,,0.0,,0.0,,0.0
2023-04-27 21:01:17.75,1682600477750000000,,,,193.0,0.0,0.0,1994.5,1.0,1996.0,10.0,,0.0,,0.0,,0.0,951.5,1.0,,0.0,,0.0,,0.0,,0.0
2023-04-27 21:01:18.0,1682600478000000000,,,,193.0,0.0,0.0,1994.5,1.0,,0.0,,0.0,,0.0,,0.0,951.5,1.0,,0.0,,0.0,,0.0,,0.0
2023-04-27 21:01:18.25,1682600478250000000,,,,193.0,0.0,0.0,1994.0,10.0,1994.5,1.0,,0.0,,0.0,,0.0,951.5,1.0,,0.0,,0.0,,0.0,,0.0
2023-04-27 21:01:19.0,1682600479000000000,,,,193.0,0.0,0.0,1992.5,1.0,1994.0,10.0,,0.0,,0.0,,0.0,951.5,1.0,,0.0,,0.0,,0.0,,0.0
2023-04-27 21:01:19.25,1682600479250000000,,,,193.0,0.0,0.0,1992.5,1.0,,0.0,,0.0,,0.0,,0.0,951.5,1.0,,0.0,,0.0,,0.0,,0.0
2023-04-27 21:01:19.5,1682600479500000000,,,,193.0,0.0,0.0,1992.0,10.0,1992.5,1.0,,0.0,,0.0,,0.0,951.5,1.0,,0.0,,0.0,,0.0,,0.0
2023-04-27 21:01:20.0,1682600480000000000,,,,193.0,0.0,0.0,1990.5,1.0,1992.0,10.0,,0.0,,0.0,,0.0,951.5,1.0,,0.0,,0.0,,0.0,,0.0
2023-04-27 21:01:20.25,1682600480250000000,,,,193.0,0.0,0.0,1990.5,1.0,,0.0,,0.0,,0.0,,0.0,951.5,1.0,,0.0,,0.0,,0.0,,0.0
2023-04-27 21:01:20.5,1682600480500000000,,,,193.0,0.0,0.0,1990.0,10.0,1990.5,1.0,,0.0,,0.0,,0.0,951.5,1.0,,0.0,,0.0,,0.0,,0.0
2023-04-27 21:01:21.0,1682600481000000000,,,,193.0,0.0,0.0,1990.0,10.0,,0.0,,0.0,,0.0,,0.0,951.5,1.0,,0.0,,0.0,,0.0,,0.0
2023-04-27 21:01:23.0,1682600483000000000,,,,193.0,0.0,0.0,1988.5,1.0,1990.0,10.0,,0.0,,0.0,,0.0,951.5,1.0,,0.0,,0.0,,0.0,,0.0
2023-04-27 21:01:23.25,1682600483250000000,,,,193.0,0.0,0.0,1988.5,1.0,,0.0,,0.0,,0.0,,0.0,951.5,1.0,,0.0,,0.0,,0.0,,0.0
2023-04-27 21:01:23.5,1682600483500000000,,,,193.0,0.0,0.0,1988.0,10.0,1988.5,1.0,,0.0,,0.0,,0.0,951.5,1.0,,0.0,,0.0,,0.0,,0.0
2023-04-27 21:01:24.0,1682600484000000000,,,,193.0,0.0,0.0,1986.5,1.0,1988.0,10.0,,0.0,,0.0,,0.0,951.5,1.0,,0.0,,0.0,,0.0,,0.0
2023-04-27 21:01:24.25,1682600484250000000,,,,193.0,0.0,0.0,1986.5,1.0,,0.0,,0.0,,0.0,,0.0,951.5,1.0,,0.0,,0.0,,0.0,,0.0
2023-04-27 21:01:24.5,1682600484500000000,,,,193.0,0.0,0.0,1986.0,10.0,1986.5,1.0,,0.0,,0.0,,0.0,951.5,1.0,,0.0,,0.0,,0.0,,0.0
2023-04-27 21:01:25.0,1682600485000000000,,,,193.0,0.0,0.0,1986.0,10.0,,0.0,,0.0,,0.0,,0.0,951.5,1.0,,0.0,,0.0,,0.0,,0.0
2023-04-27 21:01:26.0,1682600486000000000,,,,193.0,0.0,0.0,1984.5,1.0,1986.0,10.0,,0.0,,0.0,,0.0,951.5,1.0,,0.0,,0.0,,0.0,,0.0
2023-04-27 21:01:26.25,1682600486250000000,,,,193.0,0.0,0.0,1984.5,1.0,,0.0,,0.0,,0.0,,0.0,951.5,1.0,,0.0,,0.0,,0.0,,0.0
2023-04-27 21:01:26.5,1682600486500000000,,,,193.0,0.0,0.0,1984.0,10.0,1984.5,1.0,,0.0,,0.0,,0.0,951.5,1.0,,0.0,,0.0,,0.0,,0.0
2023-04-27 21:01:27.0,1682600487000000000,,,,193.0,0.0,0.0,1984.0,10.0,,0.0,,0.0,,0.0,,0.0,951.5,1.0,,0.0,,0.0,,0.0,,0.0
2023-04-27 21:01:29.0,1682600489000000000,,,,193.0,0.0,0.0,1982.5,1.0,1984.0,10.0,,0.0,,0.0,,0.0,951.5,1.0,,0.0,,0.0,,0.0,,0.0
2023-04-27 21:01:29.25,1682600489250000000,,,,193.0,0.0,0.0,1982.5,1.0,,0.0,,0.0,,0.0,,0.0,951.5,1.0,,0.0,,0.0,,0.0,,0.0
2023-04-27 21:01:29.5,1682600489500000000,,,,193.0,0.0,0.0,1982.0,10.0,1982.5,1.0,,0.0,,0.0,,0.0,951.5,1.0,,0.0,,0.0,,0.0,,0.0
2023-04-27 21:01:30.0,1682600490000000000,,,,193.0,0.0,0.0,1980.5,1.0,1982.0,10.0,,0.0,,0.0,,0.0,951.5,1.0,,0.0,,0.0,,0.0,,0.0
2023-04-27 21:01:30.25,1682600490250000000,,,,193.0,0.0,0.0,1980.0,10.0,1980.5,1.0,,0.0,,0.0,,0.0,951.5,1.0,,0.0,,0.0,,0.0,,0.0
2023-04-27 21:01:30.5,1682600490500000000,,,,193.0,0.0,0.0,1980.0,10.0,,0.0,,0.0,,0.0,,0.0,951.5,1.0,,0.0,,0.0,,0.0,,0.0
2023-04-27 21:01:33.5,1682600493500000000,,,,193.0,0.0,0.0,1978.5,1.0,1980.0,10.0,,0.0,,0.0,,0.0,951.5,1.0,,0.0,,0.0,,0.0,,0.0
2023-04-27 21:01:33.75,1682600493750000000,,,,193.0,0.0,0.0,1978.5,1.0,,0.0,,0.0,,0.0,,0.0,951.5,1.0,,0.0,,0.0,,0.0,,0.0
2023-04-27 21:01:34.0,1682600494000000000,,,,193.0,0.0,0.0,1978.0,10.0,1978.5,1.0,,0.0,,0.0,,0.0,951.5,1.0,,0.0,,0.0,,0.0,,0.0
2023-04-27 21:01:34.5,1682600494500000000,,,,193.0,0.0,0.0,1978.0,10.0,,0.0,,0.0,,0.0,,0.0,951.5,1.0,,0.0,,0.0,,0.0,,0.0
2023-04-27 21:01:37.75,1682600497750000000,,,,193.0,0.0,0.0,1976.5,1.0,1978.0,10.0,,0.0,,0.0,,0.0,951.5,1.0,,0.0,,0.0,,0.0,,0.0
2023-04-27 21:01:38.0,1682600498000000000,,,,193.0,0.0,0.0,1976.5,1.0,,0.0,,0.0,,0.0,,0.0,951.5,1.0,,0.0,,0.0,,0.0,,0.0
2023-04-27 21:01:38.25,1682600498250000000,,,,193.0,0.0,0.0,1976.0,10.0,1976.5,1.0,,0.0,,0.0,,0.0,951.5,1.0,,0.0,,0.0,,0.0,,0.0
2023-04-27 21:01:38.5,1682600498500000000,,,,193.0,0.0,0.0,1976.0,10.0,,0.0,,0.0,,0.0,,0.0,951.5,1.0,,0.0,,0.0,,0.0,,0.0
2023-04-27 21:01:40.5,1682600500500000000,,,,193.0,0.0,0.0,1974.5,1.0,1976.0,10.0,,0.0,,0.0,,0.0,951.5,1.0,,0.0,,0.0,,0.0,,0.0
2023-04-27 21:01:40.75,1682600500750000000,,,,193.0,0.0,0.0,1974.5,1.0,,0.0,,0.0,,0.0,,0.0,951.5,1.0,,0.0,,0.0,,0.0,,0.0
2023-04-27 21:01:41.0,1682600501000000000,,,,193.0,0.0,0.0,1974.0,10.0,1974.5,1.0,,0.0,,0.0,,0.0,951.5,1.0,,0.0,,0.0,,0.0,,0.0
2023-04-27 21:01:41.5,1682600501500000000,,,,193.0,0.0,0.0,1972.5,1.0,1974.0,10.0,,0.0,,0.0,,0.0,951.5,1.0,,0.0,,0.0,,0.0,,0.0
2023-04-27 21:01:41.75,1682600501750000000,,,,193.0,0.0,0.0,1972.5,1.0,,0.0,,0.0,,0.0,,0.0,951.5,1.0,,0.0,,0.0,,0.0,,0.0
2023-04-27 21:01:42.0,1682600502000000000,,,,193.0,0.0,0.0,1972.0,10.0,1972.5,1.0,,0.0,,0.0,,0.0,951.5,1.0,,0.0,,0.0,,0.0,,0.0
2023-04-27 21:01:42.5,1682600502500000000,,,,193.0,0.0,0.0,1972.0,10.0,,0.0,,0.0,,0.0,,0.0,951.5,1.0,,0.0,,0.0,,0.0,,0.0
2023-04-27 21:01:46.5,1682600506500000000,,,,193.0,0.0,0.0,1970.5,1.0,1972.0,10.0,,0.0,,0.0,,0.0,951.5,1.0,,0.0,,0.0,,0.0,,0.0
2023-04-27 21:01:46.75,1682600506750000000,,,,193.0,0.0,0.0,1970.5,1.0,,0.0,,0.0,,0.0,,0.0,951.5,1.0,,0.0,,0.0,,0.0,,0.0
2023-04-27 21:01:47.0,1682600507000000000,,,,193.0,0.0,0.0,1970.0,10.0,1970.5,1.0,,0.0,,0.0,,0.0,951.5,1.0,,0.0,,0.0,,0.0,,0.0
2023-04-27 21:01:47.5,1682600507500000000,,,,193.0,0.0,0.0,1968.5,1.0,1970.0,10.0,,0.0,,0.0,,0.0,951.5,1.0,,0.0,,0.0,,0.0,,0.0
2023-04-27 21:01:47.75,1682600507750000000,,,,193.0,0.0,0.0,1968.5,1.0,,0.0,,0.0,,0.0,,0.0,951.5,1.0,,0.0,,0.0,,0.0,,0.0
2023-04-27 21:01:48.0,1682600508000000000,,,,193.0,0.0,0.0,1968.0,10.0,1968.5,1.0,,0.0,,0.0,,0.0,951.5,1.0,,0.0,,0.0,,0.0,,0.0
2023-04-27 21:01:48.5,1682600508500000000,,,,193.0,0.0,0.0,1968.0,10.0,,0.0,,0.0,,0.0,,0.0,951.5,1.0,,0.0,,0.0,,0.0,,0.0
2023-04-27 21:01:50.5,1682600510500000000,,,,193.0,0.0,0.0,1966.5,1.0,1968.0,10.0,,0.0,,0.0,,0.0,951.5,1.0,,0.0,,0.0,,0.0,,0.0
2023-04-27 21:01:50.75,1682600510750000000,,,,193.0,0.0,0.0,1966.5,1.0,,0.0,,0.0,,0.0,,0.0,951.5,1.0,,0.0,,0.0,,0.0,,0.0
2023-04-27 21:01:51.0,1682600511000000000,,,,193.0,0.0,0.0,1966.0,10.0,1966.5,1.0,,0.0,,0.0,,0.0,951.5,1.0,,0.0,,0.0,,0.0,,0.0
2023-04-27 21:01:51.5,1682600511500000000,,,,193.0,0.0,0.0,1964.5,1.0,1966.0,10.0,,0.0,,0.0,,0.0,951.5,1.0,,0.0,,0.0,,0.0,,0.0
2023-04-27 21:01:51.75,1682600511750000000,,,,193.0,0.0,0.0,1964.5,1.0,,0.0,,0.0,,0.0,,0.0,951.5,1.0,,0.0,,0.0,,0.0,,0.0
2023-04-27 21:01:52.0,1682600512000000000,,,,193.0,0.0,0.0,1964.0,10.0,1964.5,1.0,,0.0,,0.0,,0.0,951.5,1.0,,0.0,,0.0,,0.0,,0.0
2023-04-27 21:01:52.5,1682600512500000000,,,,193.0,0.0,0.0,1962.5,1.0,1964.0,10.0,,0.0,,0.0,,0.0,951.5,1.0,,0.0,,0.0,,0.0,,0.0
2023-04-27 21:01:52.75,1682600512750000000,,,,193.0,0.0,0.0,1962.5,1.0,,0.0,,0.0,,0.0,,0.0,951.5,1.0,,0.0,,0.0,,0.0,,0.0
2023-04-27 21:01:53.0,1682600513000000000,,,,193.0,0.0,0.0,1962.0,10.0,1962.5,1.0,,0.0,,0.0,,0.0,951.5,1.0,,0.0,,0.0,,0.0,,0.0
2023-04-27 21:01:53.5,1682600513500000000,,,,193.0,0.0,0.0,1962.0,10.0,,0.0,,0.0,,0.0,,0.0,951.5,1.0,,0.0,,0.0,,0.0,,0.0
2023-04-27 21:01:56.5,1682600516500000000,,,,193.0,0.0,0.0,1960.5,1.0,1962.0,10.0,,0.0,,0.0,,0.0,951.5,1.0,,0.0,,0.0,,0.0,,0.0
2023-04-27 21:01:56.75,1682600516750000000,,,,193.0,0.0,0.0,1960.5,1.0,,0.0,,0.0,,0.0,,0.0,951.5,1.0,,0.0,,0.0,,0.0,,0.0
2023-04-27 21:01:57.0,1682600517000000000,,,,193.0,0.0,0.0,1960.0,10.0,1960.5,1.0,,0.0,,0.0,,0.0,951.5,1.0,,0.0,,0.0,,0.0,,0.0
2023-04-27 21:01:57.5,1682600517500000000,,,,193.0,0.0,0.0,1960.0,10.0,,0.0,,0.0,,0.0,,0.0,951.5,1.0,,0.0,,0.0,,0.0,,0.0
2023-04-27 21:01:58.5,1682600518500000000,,,,193.0,0.0,0.0,1958.5,1.0,1960.0,10.0,,0.0,,0.0,,0.0,951.5,1.0,,0.0,,0.0,,0.0,,0.0
2023-04-27 21:01:58.75,1682600518750000000,,,,193.0,0.0,0.0,1958.5,1.0,,0.0,,0.0,,0.0,,0.0,951.5,1.0,,0.0,,0.0,,0.0,,0.0
2023-04-27 21:01:59.0,1682600519000000000,,,,193.0,0.0,0.0,1958.0,10.0,1958.5,1.0,,0.0,,0.0,,0.0,951.5,1.0,,0.0,,0.0,,0.0,,0.0
2023-04-27 21:01:59.5,1682600519500000000,,,,193.0,0.0,0.0,1958.0,10.0,,0.0,,0.0,,0.0,,0.0,951.5,1.0,,0.0,,0.0,,0.0,,0.0
2023-04-27 21:02:03.5,1682600523500000000,,,,193.0,0.0,0.0,1956.5,1.0,1958.0,10.0,,0.0,,0.0,,0.0,951.5,1.0,,0.0,,0.0,,0.0,,0.0
2023-04-27 21:02:03.75,1682600523750000000,,,,193.0,0.0,0.0,1956.5,1.0,,0.0,,0.0,,0.0,,0.0,951.5,1.0,,0.0,,0.0,,0.0,,0.0
2023-04-27 21:02:04.0,1682600524000000000,,,,193.0,0.0,0.0,1956.0,10.0,1956.5,1.0,,0.0,,0.0,,0.0,951.5,1.0,,0.0,,0.0,,0.0,,0.0
2023-04-27 21:02:04.5,1682600524500000000,,,,193.0,0.0,0.0,1956.0,10.0,,0.0,,0.0,,0.0,,0.0,951.5,1.0,,0.0,,0.0,,0.0,,0.0
2023-04-27 21:02:07.5,1682600527500000000,,,,193.0,0.0,0.0,1954.5,1.0,1956.0,10.0,,0.0,,0.0,,0.0,951.5,1.0,,0.0,,0.0,,0.0,,0.0
2023-04-27 21:02:07.75,1682600527750000000,,,,193.0,0.0,0.0,1954.5,1.0,,0.0,,0.0,,0.0,,0.0,951.5,1.0,,0.0,,0.0,,0.0,,0.0
2023-04-27 21:02:08.0,1682600528000000000,,,,193.0,0.0,0.0,1954.0,10.0,1954.5,1.0,,0.0,,0.0,,0.0,951.5,1.0,,0.0,,0.0,,0.0,,0.0
2023-04-27 21:02:08.5,1682600528500000000,,,,193.0,0.0,0.0,1954.0,10.0,,0.0,,0.0,,0.0,,0.0,951.5,1.0,,0.0,,0.0,,0.0,,0.0
2023-04-27 21:02:12.5,1682600532500000000,,,,193.0,0.0,0.0,1952.5,1.0,1954.0,10.0,,0.0,,0.0,,0.0,951.5,1.0,,0.0,,0.0,,0.0,,0.0
2023-04-27 21:02:12.75,1682600532750000000,,,,193.0,0.0,0.0,1952.5,1.0,,0.0,,0.0,,0.0,,0.0,951.5,1.0,,0.0,,0.0,,0.0,,0.0
2023-04-27 21:02:13.0,1682600533000000000,,,,193.0,0.0,0.0,1952.0,10.0,1952.5,1.0,,0.0,,0.0,,0.0,951.5,1.0,,0.0,,0.0,,0.0,,0.0
2023-04-27 21:02:13.5,1682600533500000000,,,,193.0,0.0,0.0,1952.0,10.0,,0.0,,0.0,,0.0,,0.0,951.5,1.0,,0.0,,0.0,,0.0,,0.0
2023-04-27 21:02:18.5,1682600538500000000,,,,193.0,0.0,0.0,1950.5,1.0,1952.0,10.0,,0.0,,0.0,,0.0,951.5,1.0,,0.0,,0.0,,0.0,,0.0
2023-04-27 21:02:18.75,1682600538750000000,,,,193.0,0.0,0.0,1950.5,1.0,,0.0,,0.0,,0.0,,0.0,951.5,1.0,,0.0,,0.0,,0.0,,0.0
2023-04-27 21:02:19.0,1682600539000000000,,,,193.0,0.0,0.0,1950.0,10.0,1950.5,1.0,,0.0,,0.0,,0.0,951.5,1.0,,0.0,,0.0,,0.0,,0.0
2023-04-27 21:02:19.5,1682600539500000000,,,,193.0,0.0,0.0,1950.0,10.0,,0.0,,0.0,,0.0,,0.0,951.5,1.0,,0.0,,0.0,,0.0,,0.0
2023-04-27 21:02:20.5,1682600540500000000,,,,193.0,0.0,0.0,1948.5,1.0,1950.0,10.0,,0.0,,0.0,,0.0,951.5,1.0,,0.0,,0.0,,0.0,,0.0
2023-04-27 21:02:20.75,1682600540750000000,,,,193.0,0.0,0.0,1948.5,1.0,,0.0,,0.0,,0.0,,0.0,951.5,1.0,,0.0,,0.0,,0.0,,0.0
2023-04-27 21:02:21.0,1682600541000000000,,,,193.0,0.0,0.0,1948.0,10.0,1948.5,1.0,,0.0,,0.0,,0.0,951.5,1.0,,0.0,,0.0,,0.0,,0.0
2023-04-27 21:02:21.5,1682600541500000000,,,,193.0,0.0,0.0,1948.0,10.0,,0.0,,0.0,,0.0,,0.0,951.5,1.0,,0.0,,0.0,,0.0,,0.0
2023-04-27 21:02:23.5,1682600543500000000,,,,193.0,0.0,0.0,1946.5,1.0,1948.0,10.0,,0.0,,0.0,,0.0,951.5,1.0,,0.0,,0.0,,0.0,,0.0
2023-04-27 21:02:23.75,1682600543750000000,,,,193.0,0.0,0.0,1946.5,1.0,,0.0,,0.0,,0.0,,0.0,951.5,1.0,,0.0,,0.0,,0.0,,0.0
2023-04-27 21:02:24.0,1682600544000000000,,,,193.0,0.0,0.0,1946.0,10.0,1946.5,1.0,,0.0,,0.0,,0.0,951.5,1.0,,0.0,,0.0,,0.0,,0.0
2023-04-27 21:02:24.5,1682600544500000000,,,,193.0,0.0,0.0,1944.5,1.0,1946.0,10.0,,0.0,,0.0,,0.0,951.5,1.0,,0.0,,0.0,,0.0,,0.0
2023-04-27 21:02:24.75,1682600544750000000,,,,193.0,0.0,0.0,1944.5,1.0,,0.0,,0.0,,0.0,,0.0,951.5,1.0,,0.0,,0.0,,0.0,,0.0
2023-04-27 21:02:25.0,1682600545000000000,,,,193.0,0.0,0.0,1944.0,10.0,1944.5,1.0,,0.0,,0.0,,0.0,951.5,1.0,,0.0,,0.0,,0.0,,0.0
2023-04-27 21:02:25.5,1682600545500000000,,,,193.0,0.0,0.0,1942.5,1.0,1944.0,10.0,,0.0,,0.0,,0.0,951.5,1.0,,0.0,,0.0,,0.0,,0.0
2023-04-27 21:02:25.75,1682600545750000000,,,,193.0,0.0,0.0,1942.5,1.0,,0.0,,0.0,,0.0,,0.0,951.5,1.0,,0.0,,0.0,,0.0,,0.0
2023-04-27 21:02:26.0,1682600546000000000,,,,193.0,0.0,0.0,1942.0,10.0,1942.5,1.0,,0.0,,0.0,,0.0,951.5,1.0,,0.0,,0.0,,0.0,,0.0
2023-04-27 21:02:26.5,1682600546500000000,,,,193.0,0.0,0.0,1942.0,10.0,,0.0,,0.0,,0.0,,0.0,951.5,1.0,,0.0,,0.0,,0.0,,0.0
2023-04-27 21:02:30.5,1682600550500000000,,,,193.0,0.0,0.0,1940.5,1.0,1942.0,10.0,,0.0,,0.0,,0.0,951.5,1.0,,0.0,,0.0,,0.0,,0.0
2023-04-27 21:02:30.75,1682600550750000000,,,,193.0,0.0,0.0,1940.5,1.0,,0.0,,0.0,,0.0,,0.0,951.5,1.0,,0.0,,0.0,,0.0,,0.0
2023-04-27 21:02:31.0,1682600551000000000,,,,193.0,0.0,0.0,1940.0,10.0,1940.5,1.0,,0.0,,0.0,,0.0,951.5,1.0,,0.0,,0.0,,0.0,,0.0
2023-04-27 21:02:31.5,1682600551500000000,,,,193.0,0.0,0.0,1938.5,1.0,1940.0,10.0,,0.0,,0.0,,0.0,951.5,1.0,,0.0,,0.0,,0.0,,0.0
2023-04-27 21:02:31.75,1682600551750000000,,,,193.0,0.0,0.0,1938.5,1.0,,0.0,,0.0,,0.0,,0.0,951.5,1.0,,0.0,,0.0,,0.0,,0.0
2023-04-27 21:02:32.0,1682600552000000000,,,,193.0,0.0,0.0,1938.0,10.0,1938.5,1.0,,0.0,,0.0,,0.0,951.5,1.0,,0.0,,0.0,,0.0,,0.0
2023-04-27 21:02:32.5,1682600552500000000,,,,193.0,0.0,0.0,1936.5,1.0,1938.0,10.0,,0.0,,0.0,,0.0,951.5,1.0,,0.0,,0.0,,0.0,,0.0
2023-04-27 21:02:32.75,1682600552750000000,,,,193.0,0.0,0.0,1936.5,1.0,,0.0,,0.0,,0.0,,0.0,951.5,1.0,,0.0,,0.0,,0.0,,0.0
2023-04-27 21:02:33.0,1682600553000000000,,,,193.0,0.0,0.0,1936.0,10.0,1936.5,1.0,,0.0,,0.0,,0.0,951.5,1.0,,0.0,,0.0,,0.0,,0.0
2023-04-27 21:02:33.5,1682600553500000000,,,,193.0,0.0,0.0,1934.5,1.0,1936.0,10.0,,0.0,,0.0,,0.0,951.5,1.0,,0.0,,0.0,,0.0,,0.0
2023-04-27 21:02:33.75,1682600553750000000,,,,193.0,0.0,0.0,1934.5,1.0,,0.0,,0.0,,0.0,,0.0,951.5,1.0,,0.0,,0.0,,0.0,,0.0
2023-04-27 21:02:34.0,1682600554000000000,,,,193.0,0.0,0.0,1934.0,10.0,1934.5,1.0,,0.0,,0.0,,0.0,951.5,1.0,,0.0,,0.0,,0.0,,0.0
2023-04-27 21:02:34.5,1682600554500000000,,,,193.0,0.0,0.0,1934.0,10.0,,0.0,,0.0,,0.0,,0.0,951.5,1.0,,0.0,,0.0,,0.0,,0.0
2023-04-27 21:02:38.5,1682600558500000000,,,,193.0,0.0,0.0,1932.5,1.0,1934.0,10.0,,0.0,,0.0,,0.0,951.5,1.0,,0.0,,0.0,,0.0,,0.0
2023-04-27 21:02:38.75,1682600558750000000,,,,193.0,0.0,0.0,1932.5,1.0,,0.0,,0.0,,0.0,,0.0,951.5,1.0,,0.0,,0.0,,0.0,,0.0
2023-04-27 21:02:39.0,1682600559000000000,,,,193.0,0.0,0.0,1932.0,10.0,1932.5,1.0,,0.0,,0.0,,0.0,951.5,1.0,,0.0,,0.0,,0.0,,0.0
2023-04-27 21:02:39.5,1682600559500000000,,,,193.0,0.0,0.0,1930.5,1.0,1932.0,10.0,,0.0,,0.0,,0.0,951.5,1.0,,0.0,,0.0,,0.0,,0.0
2023-04-27 21:02:39.75,1682600559750000000,,,,193.0,0.0,0.0,1930.5,1.0,,0.0,,0.0,,0.0,,0.0,951.5,1.0,,0.0,,0.0,,0.0,,0.0
2023-04-27 21:02:40.0,1682600560000000000,,,,193.0,0.0,0.0,1930.0,10.0,1930.5,1.0,,0.0,,0.0,,0.0,951.5,1.0,,0.0,,0.0,,0.0,,0.0
2023-04-27 21:02:40.5,1682600560500000000,,,,193.0,0.0,0.0,1930.0,10.0,,0.0,,0.0,,0.0,,0.0,951.5,1.0,,0.0,,0.0,,0.0,,0.0
2023-04-27 21:02:43.5,1682600563500000000,,,,193.0,0.0,0.0,1928.5,1.0,1930.0,10.0,,0.0,,0.0,,0.0,951.5,1.0,,0.0,,0.0,,0.0,,0.0
2023-04-27 21:02:43.75,1682600563750000000,,,,193.0,0.0,0.0,1928.5,1.0,,0.0,,0.0,,0.0,,0.0,951.5,1.0,,0.0,,0.0,,0.0,,0.0
2023-04-27 21:02:44.0,1682600564000000000,,,,193.0,0.0,0.0,1928.0,10.0,1928.5,1.0,,0.0,,0.0,,0.0,951.5,1.0,,0.0,,0.0,,0.0,,0.0
2023-04-27 21:02:44.5,1682600564500000000,,,,193.0,0.0,0.0,1928.0,10.0,,0.0,,0.0,,0.0,,0.0,951.5,1.0,,0.0,,0.0,,0.0,,0.0
2023-04-27 21:02:45.5,1682600565500000000,,,,193.0,0.0,0.0,1926.5,1.0,1928.0,10.0,,0.0,,0.0,,0.0,951.5,1.0,,0.0,,0.0,,0.0,,0.0
2023-04-27 21:02:45.75,1682600565750000000,,,,193.0,0.0,0.0,1926.5,1.0,,0.0,,0.0,,0.0,,0.0,951.5,1.0,,0.0,,0.0,,0.0,,0.0
2023-04-27 21:02:46.0,1682600566000000000,,,,193.0,0.0,0.0,1926.0,10.0,1926.5,1.0,,0.0,,0.0,,0.0,951.5,1.0,,0.0,,0.0,,0.0,,0.0
2023-04-27 21:02:46.5,1682600566500000000,,,,193.0,0.0,0.0,1924.5,1.0,1926.0,10.0,,0.0,,0.0,,0.0,951.5,1.0,,0.0,,0.0,,0.0,,0.0
2023-04-27 21:02:46.75,1682600566750000000,,,,193.0,0.0,0.0,1924.5,1.0,,0.0,,0.0,,0.0,,0.0,951.5,1.0,,0.0,,0.0,,0.0,,0.0
2023-04-27 21:02:47.0,1682600567000000000,,,,193.0,0.0,0.0,1924.0,10.0,1924.5,1.0,,0.0,,0.0,,0.0,951.5,1.0,,0.0,,0.0,,0.0,,0.0
2023-04-27 21:02:47.5,1682600567500000000,,,,193.0,0.0,0.0,1924.0,10.0,,0.0,,0.0,,0.0,,0.0,951.5,1.0,,0.0,,0.0,,0.0,,0.0
2023-04-27 21:02:53.5,1682600573500000000,,,,193.0,0.0,0.0,1922.5,1.0,1924.0,10.0,,0.0,,0.0,,0.0,951.5,1.0,,0.0,,0.0,,0.0,,0.0
2023-04-27 21:02:53.75,1682600573750000000,,,,193.0,0.0,0.0,1922.5,1.0,,0.0,,0.0,,0.0,,0.0,951.5,1.0,,0.0,,0.0,,0.0,,0.0
2023-04-27 21:02:54.0,1682600574000000000,,,,193.0,0.0,0.0,1922.0,10.0,1922.5,1.0,,0.0,,0.0,,0.0,951.5,1.0,,0.0,,0.0,,0.0,,0.0
2023-04-27 21:02:54.5,1682600574500000000,,,,193.0,0.0,0.0,1922.0,10.0,,0.0,,0.0,,0.0,,0.0,951.5,1.0,,0.0,,0.0,,0.0,,0.0
2023-04-27 21:02:57.5,1682600577500000000,,,,193.0,0.0,0.0,1920.5,1.0,1922.0,10.0,,0.0,,0.0,,0.0,951.5,1.0,,0.0,,0.0,,0.0,,0.0
2023-04-27 21:02:57.75,1682600577750000000,,,,193.0,0.0,0.0,1920.5,1.0,,0.0,,0.0,,0.0,,0.0,951.5,1.0,,0.0,,0.0,,0.0,,0.0
2023-04-27 21:02:58.0,1682600578000000000,,,,193.0,0.0,0.0,1920.0,10.0,1920.5,1.0,,0.0,,0.0,,0.0,951.5,1.0,,0.0,,0.0,,0.0,,0.0
2023-04-27 21:02:58.5,1682600578500000000,,,,193.0,0.0,0.0,1918.5,1.0,1920.0,10.0,,0.0,,0.0,,0.0,951.5,1.0,,0.0,,0.0,,0.0,,0.0
2023-04-27 21:02:58.75,1682600578750000000,,,,193.0,0.0,0.0,1918.5,1.0,,0.0,,0.0,,0.0,,0.0,951.5,1.0,,0.0,,0.0,,0.0,,0.0
2023-04-27 21:02:59.0,1682600579000000000,,,,193.0,0.0,0.0,1918.0,10.0,1918.5,1.0,,0.0,,0.0,,0.0,951.5,1.0,,0.0,,0.0,,0.0,,0.0
2023-04-27 21:02:59.5,1682600579500000000,,,,193.0,0.0,0.0,1916.5,1.0,1918.0,10.0,,0.0,,0.0,,0.0,951.5,1.0,,0.0,,0.0,,0.0,,0.0
2023-04-27 21:02:59.75,1682600579750000000,,,,193.0,0.0,0.0,1916.5,1.0,,0.0,,0.0,,0.0,,0.0,951.5,1.0,,0.0,,0.0,,0.0,,0.0
2023-04-27 21:03:00.0,1682600580000000000,,,,193.0,0.0,0.0,1916.0,10.0,1916.5,1.0,,0.0,,0.0,,0.0,951.5,1.0,,0.0,,0.0,,0.0,,0.0
2023-04-27 21:03:00.5,1682600580500000000,,,,193.0,0.0,0.0,1916.0,10.0,,0.0,,0.0,,0.0,,0.0,951.5,1.0,,0.0,,0.0,,0.0,,0.0
2023-04-27 21:03:06.5,1682600586500000000,,,,193.0,0.0,0.0,1914.5,1.0,1916.0,10.0,,0.0,,0.0,,0.0,951.5,1.0,,0.0,,0.0,,0.0,,0.0
2023-04-27 21:03:06.75,1682600586750000000,,,,193.0,0.0,0.0,1914.5,1.0,,0.0,,0.0,,0.0,,0.0,951.5,1.0,,0.0,,0.0,,0.0,,0.0
2023-04-27 21:03:07.0,1682600587000000000,,,,193.0,0.0,0.0,1914.0,10.0,1914.5,1.0,,0.0,,0.0,,0.0,951.5,1.0,,0.0,,0.0,,0.0,,0.0
2023-04-27 21:03:07.5,1682600587500000000,,,,193.0,0.0,0.0,1912.5,1.0,1914.0,10.0,,0.0,,0.0,,0.0,951.5,1.0,,0.0,,0.0,,0.0,,0.0
2023-04-27 21:03:07.75,1682600587750000000,,,,193.0,0.0,0.0,1912.5,1.0,,0.0,,0.0,,0.0,,0.0,951.5,1.0,,0.0,,0.0,,0.0,,0.0
2023-04-27 21:03:08.0,1682600588000000000,,,,193.0,0.0,0.0,1912.0,10.0,1912.5,1.0,,0.0,,0.0,,0.0,951.5,1.0,,0.0,,0.0,,0.0,,0.0
2023-04-27 21:03:08.5,1682600588500000000,,,,193.0,0.0,0.0,1910.5,1.0,1912.0,10.0,,0.0,,0.0,,0.0,951.5,1.0,,0.0,,0.0,,0.0,,0.0
2023-04-27 21:03:08.75,1682600588750000000,,,,193.0,0.0,0.0,1910.5,1.0,,0.0,,0.0,,0.0,,0.0,951.5,1.0,,0.0,,0.0,,0.0,,0.0
2023-04-27 21:03:09.0,1682600589000000000,,,,193.0,0.0,0.0,1910.0,10.0,1910.5,1.0,,0.0,,0.0,,0.0,951.5,1.0,,0.0,,0.0,,0.0,,0.0
2023-04-27 21:03:09.5,1682600589500000000,,,,193.0,0.0,0.0,1910.0,10.0,,0.0,,0.0,,0.0,,0.0,951.5,1.0,,0.0,,0.0,,0.0,,0.0
2023-04-27 21:03:18.5,1682600598500000000,,,,193.0,0.0,0.0,1908.5,1.0,1910.0,10.0,,0.0,,0.0,,0.0,951.5,1.0,,0.0,,0.0,,0.0,,0.0
2023-04-27 21:03:18.75,1682600598750000000,,,,193.0,0.0,0.0,1908.5,1.0,,0.0,,0.0,,0.0,,0.0,951.5,1.0,,0.0,,0.0,,0.0,,0.0
2023-04-27 21:03:19.0,1682600599000000000,,,,193.0,0.0,0.0,1908.0,10.0,1908.5,1.0,,0.0,,0.0,,0.0,951.5,1.0,,0.0,,0.0,,0.0,,0.0
2023-04-27 21:03:19.5,1682600599500000000,,,,193.0,0.0,0.0,1906.5,1.0,1908.0,10.0,,0.0,,0.0,,0.0,951.5,1.0,,0.0,,0.0,,0.0,,0.0
2023-04-27 21:03:19.75,1682600599750000000,,,,193.0,0.0,0.0,1906.5,1.0,,0.0,,0.0,,0.0,,0.0,951.5,1.0,,0.0,,0.0,,0.0,,0.0
2023-04-27 21:03:20.0,1682600600000000000,,,,193.0,0.0,0.0,1906.0,10.0,1906.5,1.0,,0.0,,0.0,,0.0,951.5,1.0,,0.0,,0.0,,0.0,,0.0
2023-04-27 21:03:20.5,1682600600500000000,,,,193.0,0.0,0.0,1906.0,10.0,,0.0,,0.0,,0.0,,0.0,951.5,1.0,,0.0,,0.0,,0.0,,0.0
2023-04-27 21:03:24.5,1682600604500000000,,,,193.0,0.0,0.0,1904.5,1.0,1906.0,10.0,,0.0,,0.0,,0.0,951.5,1.0,,0.0,,0.0,,0.0,,0.0
2023-04-27 21:03:24.75,1682600604750000000,,,,193.0,0.0,0.0,1904.5,1.0,,0.0,,0.0,,0.0,,0.0,951.5,1.0,,0.0,,0.0,,0.0,,0.0
2023-04-27 21:03:25.0,1682600605000000000,,,,193.0,0.0,0.0,1904.0,10.0,1904.5,1.0,,0.0,,0.0,,0.0,951.5,1.0,,0.0,,0.0,,0.0,,0.0
2023-04-27 21:03:25.5,1682600605500000000,,,,193.0,0.0,0.0,1902.5,1.0,1904.0,10.0,,0.0,,0.0,,0.0,951.5,1.0,,0.0,,0.0,,0.0,,0.0
2023-04-27 21:03:25.75,1682600605750000000,,,,193.0,0.0,0.0,1902.5,1.0,,0.0,,0.0,,0.0,,0.0,951.5,1.0,,0.0,,0.0,,0.0,,0.0
2023-04-27 21:03:26.0,1682600606000000000,,,,193.0,0.0,0.0,1902.0,10.0,1902.5,1.0,,0.0,,0.0,,0.0,951.5,1.0,,0.0,,0.0,,0.0,,0.0
2023-04-27 21:03:26.5,1682600606500000000,,,,193.0,0.0,0.0,1900.5,1.0,1902.0,10.0,,0.0,,0.0,,0.0,951.5,1.0,,0.0,,0.0,,0.0,,0.0
2023-04-27 21:03:26.75,1682600606750000000,,,,193.0,0.0,0.0,1900.5,1.0,,0.0,,0.0,,0.0,,0.0,951.5,1.0,,0.0,,0.0,,0.0,,0.0
2023-04-27 21:03:27.0,1682600607000000000,,,,193.0,0.0,0.0,1900.0,10.0,1900.5,1.0,,0.0,,0.0,,0.0,951.5,1.0,,0.0,,0.0,,0.0,,0.0
2023-04-27 21:03:27.5,1682600607500000000,,,,193.0,0.0,0.0,1898.5,1.0,1900.0,10.0,,0.0,,0.0,,0.0,951.5,1.0,,0.0,,0.0,,0.0,,0.0
2023-04-27 21:03:27.75,1682600607750000000,,,,193.0,0.0,0.0,1898.5,1.0,,0.0,,0.0,,0.0,,0.0,951.5,1.0,,0.0,,0.0,,0.0,,0.0
2023-04-27 21:03:28.0,1682600608000000000,,,,193.0,0.0,0.0,1898.0,10.0,1898.5,1.0,,0.0,,0.0,,0.0,951.5,1.0,,0.0,,0.0,,0.0,,0.0
2023-04-27 21:03:28.5,1682600608500000000,,,,193.0,0.0,0.0,1898.0,10.0,,0.0,,0.0,,0.0,,0.0,951.5,1.0,,0.0,,0.0,,0.0,,0.0
2023-04-27 21:03:30.75,1682600610750000000,,,,193.0,0.0,0.0,1896.5,1.0,1898.0,10.0,,0.0,,0.0,,0.0,951.5,1.0,,0.0,,0.0,,0.0,,0.0
2023-04-27 21:03:31.0,1682600611000000000,,,,193.0,0.0,0.0,1896.5,1.0,,0.0,,0.0,,0.0,,0.0,951.5,1.0,,0.0,,0.0,,0.0,,0.0
2023-04-27 21:03:31.25,1682600611250000000,,,,193.0,0.0,0.0,1896.0,10.0,1896.5,1.0,,0.0,,0.0,,0.0,951.5,1.0,,0.0,,0.0,,0.0,,0.0
2023-04-27 21:03:31.5,1682600611500000000,,,,193.0,0.0,0.0,1896.0,10.0,,0.0,,0.0,,0.0,,0.0,951.5,1.0,,0.0,,0.0,,0.0,,0.0
2023-04-27 21:03:35.75,1682600615750000000,,,,193.0,0.0,0.0,1894.5,1.0,1896.0,10.0,,0.0,,0.0,,0.0,951.5,1.0,,0.0,,0.0,,0.0,,0.0
2023-04-27 21:03:36.0,1682600616000000000,,,,193.0,0.0,0.0,1894.5,1.0,,0.0,,0.0,,0.0,,0.0,951.5,1.0,,0.0,,0.0,,0.0,,0.0
2023-04-27 21:03:36.25,1682600616250000000,,,,193.0,0.0,0.0,1894.0,10.0,1894.5,1.0,,0.0,,0.0,,0.0,951.5,1.0,,0.0,,0.0,,0.0,,0.0
2023-04-27 21:03:36.5,1682600616500000000,,,,193.0,0.0,0.0,1894.0,10.0,,0.0,,0.0,,0.0,,0.0,951.5,1.0,,0.0,,0.0,,0.0,,0.0
2023-04-27 21:03:41.5,1682600621500000000,,,,193.0,0.0,0.0,1892.5,1.0,1894.0,10.0,,0.0,,0.0,,0.0,951.5,1.0,,0.0,,0.0,,0.0,,0.0
2023-04-27 21:03:41.75,1682600621750000000,,,,193.0,0.0,0.0,1892.5,1.0,,0.0,,0.0,,0.0,,0.0,951.5,1.0,,0.0,,0.0,,0.0,,0.0
2023-04-27 21:03:42.0,1682600622000000000,,,,193.0,0.0,0.0,1892.0,10.0,1892.5,1.0,,0.0,,0.0,,0.0,951.5,1.0,,0.0,,0.0,,0.0,,0.0
2023-04-27 21:03:42.5,1682600622500000000,,,,193.0,0.0,0.0,1890.5,1.0,1892.0,10.0,,0.0,,0.0,,0.0,951.5,1.0,,0.0,,0.0,,0.0,,0.0
2023-04-27 21:03:42.75,1682600622750000000,,,,193.0,0.0,0.0,1890.5,1.0,,0.0,,0.0,,0.0,,0.0,951.5,1.0,,0.0,,0.0,,0.0,,0.0
2023-04-27 21:03:43.0,1682600623000000000,,,,193.0,0.0,0.0,1890.0,10.0,1890.5,1.0,,0.0,,0.0,,0.0,951.5,1.0,,0.0,,0.0,,0.0,,0.0
2023-04-27 21:03:43.5,1682600623500000000,,,,193.0,0.0,0.0,1888.5,1.0,1890.0,10.0,,0.0,,0.0,,0.0,951.5,1.0,,0.0,,0.0,,0.0,,0.0
2023-04-27 21:03:43.75,1682600623750000000,,,,193.0,0.0,0.0,1888.5,1.0,,0.0,,0.0,,0.0,,0.0,951.5,1.0,,0.0,,0.0,,0.0,,0.0
2023-04-27 21:03:44.0,1682600624000000000,,,,193.0,0.0,0.0,1888.0,10.0,1888.5,1.0,,0.0,,0.0,,0.0,951.5,1.0,,0.0,,0.0,,0.0,,0.0
2023-04-27 21:03:44.5,1682600624500000000,,,,193.0,0.0,0.0,1888.0,10.0,,0.0,,0.0,,0.0,,0.0,951.5,1.0,,0.0,,0.0,,0.0,,0.0
2023-04-27 21:03:53.75,1682600633750000000,,,,193.0,0.0,0.0,1886.5,1.0,1888.0,10.0,,0.0,,0.0,,0.0,951.5,1.0,,0.0,,0.0,,0.0,,0.0
2023-04-27 21:03:54.0,1682600634000000000,,,,193.0,0.0,0.0,1886.5,1.0,,0.0,,0.0,,0.0,,0.0,951.5,1.0,,0.0,,0.0,,0.0,,0.0
2023-04-27 21:03:54.25,1682600634250000000,,,,193.0,0.0,0.0,1886.0,10.0,1886.5,1.0,,0.0,,0.0,,0.0,951.5,1.0,,0.0,,0.0,,0.0,,0.0
2023-04-27 21:03:54.5,1682600634500000000,,,,193.0,0.0,0.0,1886.0,10.0,,0.0,,0.0,,0.0,,0.0,951.5,1.0,,0.0,,0.0,,0.0,,0.0
2023-04-27 21:03:59.5,1682600639500000000,,,,193.0,0.0,0.0,1884.5,1.0,1886.0,10.0,,0.0,,0.0,,0.0,951.5,1.0,,0.0,,0.0,,0.0,,0.0
2023-04-27 21:03:59.75,1682600639750000000,,,,193.0,0.0,0.0,1884.5,1.0,,0.0,,0.0,,0.0,,0.0,951.5,1.0,,0.0,,0.0,,0.0,,0.0
2023-04-27 21:04:00.0,1682600640000000000,,,,193.0,0.0,0.0,1884.0,10.0,1884.5,1.0,,0.0,,0.0,,0.0,951.5,1.0,,0.0,,0.0,,0.0,,0.0
2023-04-27 21:04:00.5,1682600640500000000,,,,193.0,0.0,0.0,1882.5,1.0,1884.0,10.0,,0.0,,0.0,,0.0,951.5,1.0,,0.0,,0.0,,0.0,,0.0
2023-04-27 21:04:00.75,1682600640750000000,,,,193.0,0.0,0.0,1882.5,1.0,,0.0,,0.0,,0.0,,0.0,951.5,1.0,,0.0,,0.0,,0.0,,0.0
2023-04-27 21:04:01.0,1682600641000000000,,,,193.0,0.0,0.0,1882.0,10.0,1882.5,1.0,,0.0,,0.0,,0.0,951.5,1.0,,0.0,,0.0,,0.0,,0.0
2023-04-27 21:04:01.5,1682600641500000000,,,,193.0,0.0,0.0,1882.0,10.0,,0.0,,0.0,,0.0,,0.0,951.5,1.0,,0.0,,0.0,,0.0,,0.0
2023-04-27 21:04:06.5,1682600646500000000,,,,193.0,0.0,0.0,1880.5,1.0,1882.0,10.0,,0.0,,0.0,,0.0,951.5,1.0,,0.0,,0.0,,0.0,,0.0
2023-04-27 21:04:06.75,1682600646750000000,,,,193.0,0.0,0.0,1880.5,1.0,,0.0,,0.0,,0.0,,0.0,951.5,1.0,,0.0,,0.0,,0.0,,0.0
2023-04-27 21:04:07.0,1682600647000000000,,,,193.0,0.0,0.0,1880.0,10.0,1880.5,1.0,,0.0,,0.0,,0.0,951.5,1.0,,0.0,,0.0,,0.0,,0.0
2023-04-27 21:04:07.5,1682600647500000000,,,,193.0,0.0,0.0,1880.0,10.0,,0.0,,0.0,,0.0,,0.0,951.5,1.0,,0.0,,0.0,,0.0,,0.0
2023-04-27 21:04:08.75,1682600648750000000,,,,193.0,0.0,0.0,1878.5,1.0,1880.0,10.0,,0.0,,0.0,,0.0,951.5,1.0,,0.0,,0.0,,0.0,,0.0
2023-04-27 21:04:09.0,1682600649000000000,,,,193.0,0.0,0.0,1878.5,1.0,,0.0,,0.0,,0.0,,0.0,951.5,1.0,,0.0,,0.0,,0.0,,0.0
2023-04-27 21:04:09.25,1682600649250000000,,,,193.0,0.0,0.0,1878.0,10.0,1878.5,1.0,,0.0,,0.0,,0.0,951.5,1.0,,0.0,,0.0,,0.0,,0.0
2023-04-27 21:04:09.5,1682600649500000000,,,,193.0,0.0,0.0,1878.0,10.0,,0.0,,0.0,,0.0,,0.0,951.5,1.0,,0.0,,0.0,,0.0,,0.0
2023-04-27 21:04:12.5,1682600652500000000,,,,193.0,0.0,0.0,1876.5,1.0,1878.0,10.0,,0.0,,0.0,,0.0,951.5,1.0,,0.0,,0.0,,0.0,,0.0
2023-04-27 21:04:12.75,1682600652750000000,,,,193.0,0.0,0.0,1876.5,1.0,,0.0,,0.0,,0.0,,0.0,951.5,1.0,,0.0,,0.0,,0.0,,0.0
2023-04-27 21:04:13.0,1682600653000000000,,,,193.0,0.0,0.0,1876.0,10.0,1876.5,1.0,,0.0,,0.0,,0.0,951.5,1.0,,0.0,,0.0,,0.0,,0.0
2023-04-27 21:04:13.5,1682600653500000000,,,,193.0,0.0,0.0,1874.5,1.0,1876.0,10.0,,0.0,,0.0,,0.0,951.5,1.0,,0.0,,0.0,,0.0,,0.0
2023-04-27 21:04:13.75,1682600653750000000,,,,193.0,0.0,0.0,1874.5,1.0,,0.0,,0.0,,0.0,,0.0,951.5,1.0,,0.0,,0.0,,0.0,,0.0
2023-04-27 21:04:14.0,1682600654000000000,,,,193.0,0.0,0.0,1874.0,10.0,1874.5,1.0,,0.0,,0.0,,0.0,951.5,1.0,,0.0,,0.0,,0.0,,0.0
2023-04-27 21:04:14.5,1682600654500000000,,,,193.0,0.0,0.0,1874.0,10.0,,0.0,,0.0,,0.0,,0.0,951.5,1.0,,0.0,,0.0,,0.0,,0.0
2023-04-27 21:04:18.5,1682600658500000000,,,,193.0,0.0,0.0,1872.5,1.0,1874.0,10.0,,0.0,,0.0,,0.0,951.5,1.0,,0.0,,0.0,,0.0,,0.0
2023-04-27 21:04:18.75,1682600658750000000,,,,193.0,0.0,0.0,1872.5,1.0,,0.0,,0.0,,0.0,,0.0,951.5,1.0,,0.0,,0.0,,0.0,,0.0
2023-04-27 21:04:19.0,1682600659000000000,,,,193.0,0.0,0.0,1872.0,10.0,1872.5,1.0,,0.0,,0.0,,0.0,951.5,1.0,,0.0,,0.0,,0.0,,0.0
2023-04-27 21:04:19.5,1682600659500000000,,,,193.0,0.0,0.0,1872.0,10.0,,0.0,,0.0,,0.0,,0.0,951.5,1.0,,0.0,,0.0,,0.0,,0.0
2023-04-27 21:04:23.5,1682600663500000000,,,,193.0,0.0,0.0,1870.5,1.0,1872.0,10.0,,0.0,,0.0,,0.0,951.5,1.0,,0.0,,0.0,,0.0,,0.0
2023-04-27 21:04:23.75,1682600663750000000,,,,193.0,0.0,0.0,1870.5,1.0,,0.0,,0.0,,0.0,,0.0,951.5,1.0,,0.0,,0.0,,0.0,,0.0
2023-04-27 21:04:24.0,1682600664000000000,,,,193.0,0.0,0.0,1870.0,10.0,1870.5,1.0,,0.0,,0.0,,0.0,951.5,1.0,,0.0,,0.0,,0.0,,0.0
2023-04-27 21:04:24.5,1682600664500000000,,,,193.0,0.0,0.0,1870.0,10.0,,0.0,,0.0,,0.0,,0.0,951.5,1.0,,0.0,,0.0,,0.0,,0.0
2023-04-27 21:04:27.75,1682600667750000000,,,,193.0,0.0,0.0,1868.5,1.0,1870.0,10.0,,0.0,,0.0,,0.0,951.5,1.0,,0.0,,0.0,,0.0,,0.0
2023-04-27 21:04:28.0,1682600668000000000,,,,193.0,0.0,0.0,1868.5,1.0,,0.0,,0.0,,0.0,,0.0,951.5,1.0,,0.0,,0.0,,0.0,,0.0
2023-04-27 21:04:28.25,1682600668250000000,,,,193.0,0.0,0.0,1868.0,10.0,1868.5,1.0,,0.0,,0.0,,0.0,951.5,1.0,,0.0,,0.0,,0.0,,0.0
2023-04-27 21:04:28.5,1682600668500000000,,,,193.0,0.0,0.0,1868.0,10.0,,0.0,,0.0,,0.0,,0.0,951.5,1.0,,0.0,,0.0,,0.0,,0.0
2023-04-27 21:04:30.5,1682600670500000000,,,,193.0,0.0,0.0,1866.5,1.0,1868.0,10.0,,0.0,,0.0,,0.0,951.5,1.0,,0.0,,0.0,,0.0,,0.0
2023-04-27 21:04:30.75,1682600670750000000,,,,193.0,0.0,0.0,1866.5,1.0,,0.0,,0.0,,0.0,,0.0,951.5,1.0,,0.0,,0.0,,0.0,,0.0
2023-04-27 21:04:31.0,1682600671000000000,,,,193.0,0.0,0.0,1866.0,10.0,1866.5,1.0,,0.0,,0.0,,0.0,951.5,1.0,,0.0,,0.0,,0.0,,0.0
2023-04-27 21:04:31.5,1682600671500000000,,,,193.0,0.0,0.0,1866.0,10.0,,0.0,,0.0,,0.0,,0.0,951.5,1.0,,0.0,,0.0,,0.0,,0.0
2023-04-27 21:04:33.5,1682600673500000000,,,,193.0,0.0,0.0,1864.5,1.0,1866.0,10.0,,0.0,,0.0,,0.0,951.5,1.0,,0.0,,0.0,,0.0,,0.0
2023-04-27 21:04:33.75,1682600673750000000,,,,193.0,0.0,0.0,1864.5,1.0,,0.0,,0.0,,0.0,,0.0,951.5,1.0,,0.0,,0.0,,0.0,,0.0
2023-04-27 21:04:34.0,1682600674000000000,,,,193.0,0.0,0.0,1864.0,10.0,1864.5,1.0,,0.0,,0.0,,0.0,951.5,1.0,,0.0,,0.0,,0.0,,0.0
2023-04-27 21:04:34.75,1682600674750000000,,,,193.0,0.0,0.0,1864.0,10.0,,0.0,,0.0,,0.0,,0.0,951.5,1.0,,0.0,,0.0,,0.0,,0.0
2023-04-27 21:04:35.75,1682600675750000000,,,,193.0,0.0,0.0,1862.5,1.0,1864.0,10.0,,0.0,,0.0,,0.0,951.5,1.0,,0.0,,0.0,,0.0,,0.0
2023-04-27 21:04:36.0,1682600676000000000,,,,193.0,0.0,0.0,1862.5,1.0,,0.0,,0.0,,0.0,,0.0,951.5,1.0,,0.0,,0.0,,0.0,,0.0
2023-04-27 21:04:36.25,1682600676250000000,,,,193.0,0.0,0.0,1862.0,10.0,1862.5,1.0,,0.0,,0.0,,0.0,951.5,1.0,,0.0,,0.0,,0.0,,0.0
2023-04-27 21:04:36.5,1682600676500000000,,,,193.0,0.0,0.0,1862.0,10.0,,0.0,,0.0,,0.0,,0.0,951.5,1.0,,0.0,,0.0,,0.0,,0.0
2023-04-27 21:04:40.5,1682600680500000000,,,,193.0,0.0,0.0,1860.5,1.0,1862.0,10.0,,0.0,,0.0,,0.0,951.5,1.0,,0.0,,0.0,,0.0,,0.0
2023-04-27 21:04:40.75,1682600680750000000,,,,193.0,0.0,0.0,1860.5,1.0,,0.0,,0.0,,0.0,,0.0,951.5,1.0,,0.0,,0.0,,0.0,,0.0
2023-04-27 21:04:41.0,1682600681000000000,,,,193.0,0.0,0.0,1860.0,10.0,1860.5,1.0,,0.0,,0.0,,0.0,951.5,1.0,,0.0,,0.0,,0.0,,0.0
2023-04-27 21:04:41.5,1682600681500000000,,,,193.0,0.0,0.0,1858.5,1.0,1860.0,10.0,,0.0,,0.0,,0.0,951.5,1.0,,0.0,,0.0,,0.0,,0.0
2023-04-27 21:04:41.75,1682600681750000000,,,,193.0,0.0,0.0,1858.5,1.0,,0.0,,0.0,,0.0,,0.0,951.5,1.0,,0.0,,0.0,,0.0,,0.0
2023-04-27 21:04:42.0,1682600682000000000,,,,193.0,0.0,0.0,1858.0,10.0,1858.5,1.0,,0.0,,0.0,,0.0,951.5,1.0,,0.0,,0.0,,0.0,,0.0
2023-04-27 21:04:42.5,1682600682500000000,,,,193.0,0.0,0.0,1858.0,10.0,,0.0,,0.0,,0.0,,0.0,951.5,1.0,,0.0,,0.0,,0.0,,0.0
2023-04-27 21:04:49.5,1682600689500000000,,,,193.0,0.0,0.0,1856.5,1.0,1858.0,10.0,,0.0,,0.0,,0.0,951.5,1.0,,0.0,,0.0,,0.0,,0.0
2023-04-27 21:04:49.75,1682600689750000000,,,,193.0,0.0,0.0,1856.5,1.0,,0.0,,0.0,,0.0,,0.0,951.5,1.0,,0.0,,0.0,,0.0,,0.0
2023-04-27 21:04:50.0,1682600690000000000,,,,193.0,0.0,0.0,1856.0,10.0,1856.5,1.0,,0.0,,0.0,,0.0,951.5,1.0,,0.0,,0.0,,0.0,,0.0
2023-04-27 21:04:50.5,1682600690500000000,,,,193.0,0.0,0.0,1854.5,1.0,1856.0,10.0,,0.0,,0.0,,0.0,951.5,1.0,,0.0,,0.0,,0.0,,0.0
2023-04-27 21:04:50.75,1682600690750000000,,,,193.0,0.0,0.0,1854.5,1.0,,0.0,,0.0,,0.0,,0.0,951.5,1.0,,0.0,,0.0,,0.0,,0.0
2023-04-27 21:04:51.0,1682600691000000000,,,,193.0,0.0,0.0,1854.0,10.0,1854.5,1.0,,0.0,,0.0,,0.0,951.5,1.0,,0.0,,0.0,,0.0,,0.0
2023-04-27 21:04:51.5,1682600691500000000,,,,193.0,0.0,0.0,1852.5,1.0,1854.0,10.0,,0.0,,0.0,,0.0,951.5,1.0,,0.0,,0.0,,0.0,,0.0
2023-04-27 21:04:51.75,1682600691750000000,,,,193.0,0.0,0.0,1852.5,1.0,,0.0,,0.0,,0.0,,0.0,951.5,1.0,,0.0,,0.0,,0.0,,0.0
2023-04-27 21:04:52.0,1682600692000000000,,,,193.0,0.0,0.0,1852.0,10.0,1852.5,1.0,,0.0,,0.0,,0.0,951.5,1.0,,0.0,,0.0,,0.0,,0.0
2023-04-27 21:04:52.5,1682600692500000000,,,,193.0,0.0,0.0,1852.0,10.0,,0.0,,0.0,,0.0,,0.0,951.5,1.0,,0.0,,0.0,,0.0,,0.0
2023-04-27 21:04:56.75,1682600696750000000,,,,193.0,0.0,0.0,1850.5,1.0,1852.0,10.0,,0.0,,0.0,,0.0,951.5,1.0,,0.0,,0.0,,0.0,,0.0
2023-04-27 21:04:57.0,1682600697000000000,,,,193.0,0.0,0.0,1850.5,1.0,,0.0,,0.0,,0.0,,0.0,951.5,1.0,,0.0,,0.0,,0.0,,0.0
2023-04-27 21:04:57.25,1682600697250000000,,,,193.0,0.0,0.0,1850.0,10.0,1850.5,1.0,,0.0,,0.0,,0.0,951.5,1.0,,0.0,,0.0,,0.0,,0.0
2023-04-27 21:04:57.5,1682600697500000000,,,,193.0,0.0,0.0,1850.0,10.0,,0.0,,0.0,,0.0,,0.0,951.5,1.0,,0.0,,0.0,,0.0,,0.0
2023-04-27 21:05:00.5,1682600700500000000,,,,193.0,0.0,0.0,1848.5,1.0,1850.0,10.0,,0.0,,0.0,,0.0,951.5,1.0,,0.0,,0.0,,0.0,,0.0
2023-04-27 21:05:00.75,1682600700750000000,,,,193.0,0.0,0.0,1848.5,1.0,,0.0,,0.0,,0.0,,0.0,951.5,1.0,,0.0,,0.0,,0.0,,0.0
2023-04-27 21:05:01.0,1682600701000000000,,,,193.0,0.0,0.0,1848.0,10.0,1848.5,1.0,,0.0,,0.0,,0.0,951.5,1.0,,0.0,,0.0,,0.0,,0.0
2023-04-27 21:05:01.5,1682600701500000000,,,,193.0,0.0,0.0,1848.0,10.0,,0.0,,0.0,,0.0,,0.0,951.5,1.0,,0.0,,0.0,,0.0,,0.0
2023-04-27 21:05:04.75,1682600704750000000,,,,193.0,0.0,0.0,1846.5,1.0,1848.0,10.0,,0.0,,0.0,,0.0,951.5,1.0,,0.0,,0.0,,0.0,,0.0
2023-04-27 21:05:05.0,1682600705000000000,,,,193.0,0.0,0.0,1846.5,1.0,,0.0,,0.0,,0.0,,0.0,951.5,1.0,,0.0,,0.0,,0.0,,0.0
2023-04-27 21:05:05.25,1682600705250000000,,,,193.0,0.0,0.0,1846.0,10.0,1846.5,1.0,,0.0,,0.0,,0.0,951.5,1.0,,0.0,,0.0,,0.0,,0.0
2023-04-27 21:05:05.5,1682600705500000000,,,,193.0,0.0,0.0,1844.5,1.0,1846.0,10.0,,0.0,,0.0,,0.0,951.5,1.0,,0.0,,0.0,,0.0,,0.0
2023-04-27 21:05:05.75,1682600705750000000,,,,193.0,0.0,0.0,1844.5,1.0,,0.0,,0.0,,0.0,,0.0,951.5,1.0,,0.0,,0.0,,0.0,,0.0
2023-04-27 21:05:06.0,1682600706000000000,,,,193.0,0.0,0.0,1844.0,10.0,1844.5,1.0,,0.0,,0.0,,0.0,951.5,1.0,,0.0,,0.0,,0.0,,0.0
2023-04-27 21:05:06.5,1682600706500000000,,,,193.0,0.0,0.0,1844.0,10.0,,0.0,,0.0,,0.0,,0.0,951.5,1.0,,0.0,,0.0,,0.0,,0.0
2023-04-27 21:05:14.75,1682600714750000000,,,,193.0,0.0,0.0,1842.5,1.0,1844.0,10.0,,0.0,,0.0,,0.0,951.5,1.0,,0.0,,0.0,,0.0,,0.0
2023-04-27 21:05:15.0,1682600715000000000,,,,193.0,0.0,0.0,1842.5,1.0,,0.0,,0.0,,0.0,,0.0,951.5,1.0,,0.0,,0.0,,0.0,,0.0
2023-04-27 21:05:15.25,1682600715250000000,,,,193.0,0.0,0.0,1842.0,10.0,1842.5,1.0,,0.0,,0.0,,0.0,951.5,1.0,,0.0,,0.0,,0.0,,0.0
2023-04-27 21:05:15.5,1682600715500000000,,,,193.0,0.0,0.0,1840.5,1.0,1842.0,10.0,,0.0,,0.0,,0.0,951.5,1.0,,0.0,,0.0,,0.0,,0.0
2023-04-27 21:05:15.75,1682600715750000000,,,,193.0,0.0,0.0,1840.5,1.0,,0.0,,0.0,,0.0,,0.0,951.5,1.0,,0.0,,0.0,,0.0,,0.0
2023-04-27 21:05:16.0,1682600716000000000,,,,193.0,0.0,0.0,1840.0,10.0,1840.5,1.0,,0.0,,0.0,,0.0,951.5,1.0,,0.0,,0.0,,0.0,,0.0
2023-04-27 21:05:16.5,1682600716500000000,,,,193.0,0.0,0.0,1840.0,10.0,,0.0,,0.0,,0.0,,0.0,951.5,1.0,,0.0,,0.0,,0.0,,0.0
2023-04-27 21:05:25.5,1682600725500000000,,,,193.0,0.0,0.0,1838.5,1.0,1840.0,10.0,,0.0,,0.0,,0.0,951.5,1.0,,0.0,,0.0,,0.0,,0.0
2023-04-27 21:05:25.75,1682600725750000000,,,,193.0,0.0,0.0,1838.5,1.0,,0.0,,0.0,,0.0,,0.0,951.5,1.0,,0.0,,0.0,,0.0,,0.0
2023-04-27 21:05:26.0,1682600726000000000,,,,193.0,0.0,0.0,1838.0,10.0,1838.5,1.0,,0.0,,0.0,,0.0,951.5,1.0,,0.0,,0.0,,0.0,,0.0
2023-04-27 21:05:26.5,1682600726500000000,,,,193.0,0.0,0.0,1838.0,10.0,,0.0,,0.0,,0.0,,0.0,951.5,1.0,,0.0,,0.0,,0.0,,0.0
2023-04-27 21:05:32.5,1682600732500000000,,,,193.0,0.0,0.0,1836.5,1.0,1838.0,10.0,,0.0,,0.0,,0.0,951.5,1.0,,0.0,,0.0,,0.0,,0.0
2023-04-27 21:05:32.75,1682600732750000000,,,,193.0,0.0,0.0,1836.5,1.0,,0.0,,0.0,,0.0,,0.0,951.5,1.0,,0.0,,0.0,,0.0,,0.0
2023-04-27 21:05:33.0,1682600733000000000,,,,193.0,0.0,0.0,1836.0,10.0,1836.5,1.0,,0.0,,0.0,,0.0,951.5,1.0,,0.0,,0.0,,0.0,,0.0
2023-04-27 21:05:33.5,1682600733500000000,,,,193.0,0.0,0.0,1836.0,10.0,,0.0,,0.0,,0.0,,0.0,951.5,1.0,,0.0,,0.0,,0.0,,0.0
2023-04-27 21:05:34.5,1682600734500000000,,,,193.0,0.0,0.0,1834.5,1.0,1836.0,10.0,,0.0,,0.0,,0.0,951.5,1.0,,0.0,,0.0,,0.0,,0.0
2023-04-27 21:05:34.75,1682600734750000000,,,,193.0,0.0,0.0,1834.5,1.0,,0.0,,0.0,,0.0,,0.0,951.5,1.0,,0.0,,0.0,,0.0,,0.0
2023-04-27 21:05:35.0,1682600735000000000,,,,193.0,0.0,0.0,1834.0,10.0,1834.5,1.0,,0.0,,0.0,,0.0,951.5,1.0,,0.0,,0.0,,0.0,,0.0
2023-04-27 21:05:35.5,1682600735500000000,,,,193.0,0.0,0.0,1834.0,10.0,,0.0,,0.0,,0.0,,0.0,951.5,1.0,,0.0,,0.0,,0.0,,0.0
2023-04-27 21:05:38.5,1682600738500000000,,,,193.0,0.0,0.0,1832.5,1.0,1834.0,10.0,,0.0,,0.0,,0.0,951.5,1.0,,0.0,,0.0,,0.0,,0.0
2023-04-27 21:05:38.75,1682600738750000000,,,,193.0,0.0,0.0,1832.5,1.0,,0.0,,0.0,,0.0,,0.0,951.5,1.0,,0.0,,0.0,,0.0,,0.0
2023-04-27 21:05:39.0,1682600739000000000,,,,193.0,0.0,0.0,1832.0,10.0,1832.5,1.0,,0.0,,0.0,,0.0,951.5,1.0,,0.0,,0.0,,0.0,,0.0
2023-04-27 21:05:39.5,1682600739500000000,,,,193.0,0.0,0.0,1830.5,1.0,1832.0,10.0,,0.0,,0.0,,0.0,951.5,1.0,,0.0,,0.0,,0.0,,0.0
2023-04-27 21:05:39.75,1682600739750000000,,,,193.0,0.0,0.0,1830.5,1.0,,0.0,,0.0,,0.0,,0.0,951.5,1.0,,0.0,,0.0,,0.0,,0.0
2023-04-27 21:05:40.0,1682600740000000000,,,,193.0,0.0,0.0,1830.0,10.0,1830.5,1.0,,0.0,,0.0,,0.0,951.5,1.0,,0.0,,0.0,,0.0,,0.0
2023-04-27 21:05:40.5,1682600740500000000,,,,193.0,0.0,0.0,1828.5,1.0,1830.0,10.0,,0.0,,0.0,,0.0,951.5,1.0,,0.0,,0.0,,0.0,,0.0
2023-04-27 21:05:40.75,1682600740750000000,,,,193.0,0.0,0.0,1828.5,1.0,,0.0,,0.0,,0.0,,0.0,951.5,1.0,,0.0,,0.0,,0.0,,0.0
2023-04-27 21:05:41.0,1682600741000000000,,,,193.0,0.0,0.0,1828.0,10.0,1828.5,1.0,,0.0,,0.0,,0.0,951.5,1.0,,0.0,,0.0,,0.0,,0.0
2023-04-27 21:05:41.5,1682600741500000000,,,,193.0,0.0,0.0,1828.0,10.0,,0.0,,0.0,,0.0,,0.0,951.5,1.0,,0.0,,0.0,,0.0,,0.0
2023-04-27 21:05:44.5,1682600744500000000,,,,193.0,0.0,0.0,1826.5,1.0,1828.0,10.0,,0.0,,0.0,,0.0,951.5,1.0,,0.0,,0.0,,0.0,,0.0
2023-04-27 21:05:44.75,1682600744750000000,,,,193.0,0.0,0.0,1826.5,1.0,,0.0,,0.0,,0.0,,0.0,951.5,1.0,,0.0,,0.0,,0.0,,0.0
2023-04-27 21:05:45.0,1682600745000000000,,,,193.0,0.0,0.0,1826.0,10.0,1826.5,1.0,,0.0,,0.0,,0.0,951.5,1.0,,0.0,,0.0,,0.0,,0.0
2023-04-27 21:05:45.5,1682600745500000000,,,,193.0,0.0,0.0,1826.0,10.0,,0.0,,0.0,,0.0,,0.0,951.5,1.0,,0.0,,0.0,,0.0,,0.0
2023-04-27 21:05:46.5,1682600746500000000,,,,193.0,0.0,0.0,1824.5,1.0,1826.0,10.0,,0.0,,0.0,,0.0,951.5,1.0,,0.0,,0.0,,0.0,,0.0
2023-04-27 21:05:46.75,1682600746750000000,,,,193.0,0.0,0.0,1824.5,1.0,,0.0,,0.0,,0.0,,0.0,951.5,1.0,,0.0,,0.0,,0.0,,0.0
2023-04-27 21:05:47.0,1682600747000000000,,,,193.0,0.0,0.0,1824.0,10.0,1824.5,1.0,,0.0,,0.0,,0.0,951.5,1.0,,0.0,,0.0,,0.0,,0.0
2023-04-27 21:05:47.5,1682600747500000000,,,,193.0,0.0,0.0,1822.5,1.0,1824.0,10.0,,0.0,,0.0,,0.0,951.5,1.0,,0.0,,0.0,,0.0,,0.0
2023-04-27 21:05:47.75,1682600747750000000,,,,193.0,0.0,0.0,1822.5,1.0,,0.0,,0.0,,0.0,,0.0,951.5,1.0,,0.0,,0.0,,0.0,,0.0
2023-04-27 21:05:48.0,1682600748000000000,,,,193.0,0.0,0.0,1822.0,10.0,1822.5,1.0,,0.0,,0.0,,0.0,951.5,1.0,,0.0,,0.0,,0.0,,0.0
2023-04-27 21:05:48.5,1682600748500000000,,,,193.0,0.0,0.0,1822.0,10.0,,0.0,,0.0,,0.0,,0.0,951.5,1.0,,0.0,,0.0,,0.0,,0.0
2023-04-27 21:05:51.5,1682600751500000000,,,,193.0,0.0,0.0,1820.5,1.0,1822.0,10.0,,0.0,,0.0,,0.0,951.5,1.0,,0.0,,0.0,,0.0,,0.0
2023-04-27 21:05:51.75,1682600751750000000,,,,193.0,0.0,0.0,1820.5,1.0,,0.0,,0.0,,0.0,,0.0,951.5,1.0,,0.0,,0.0,,0.0,,0.0
2023-04-27 21:05:52.0,1682600752000000000,,,,193.0,0.0,0.0,1820.0,10.0,1820.5,1.0,,0.0,,0.0,,0.0,951.5,1.0,,0.0,,0.0,,0.0,,0.0
2023-04-27 21:05:52.5,1682600752500000000,,,,193.0,0.0,0.0,1820.0,10.0,,0.0,,0.0,,0.0,,0.0,951.5,1.0,,0.0,,0.0,,0.0,,0.0
2023-04-27 21:05:54.5,1682600754500000000,,,,193.0,0.0,0.0,1818.5,1.0,1820.0,10.0,,0.0,,0.0,,0.0,951.5,1.0,,0.0,,0.0,,0.0,,0.0
2023-04-27 21:05:54.75,1682600754750000000,,,,193.0,0.0,0.0,1818.5,1.0,,0.0,,0.0,,0.0,,0.0,951.5,1.0,,0.0,,0.0,,0.0,,0.0
2023-04-27 21:05:55.0,1682600755000000000,,,,193.0,0.0,0.0,1818.0,10.0,1818.5,1.0,,0.0,,0.0,,0.0,951.5,1.0,,0.0,,0.0,,0.0,,0.0
2023-04-27 21:05:55.5,1682600755500000000,,,,193.0,0.0,0.0,1816.5,1.0,1818.0,10.0,,0.0,,0.0,,0.0,951.5,1.0,,0.0,,0.0,,0.0,,0.0
2023-04-27 21:05:55.75,1682600755750000000,,,,193.0,0.0,0.0,1816.5,1.0,,0.0,,0.0,,0.0,,0.0,951.5,1.0,,0.0,,0.0,,0.0,,0.0
2023-04-27 21:05:56.0,1682600756000000000,,,,193.0,0.0,0.0,1816.0,10.0,1816.5,1.0,,0.0,,0.0,,0.0,951.5,1.0,,0.0,,0.0,,0.0,,0.0
2023-04-27 21:05:56.5,1682600756500000000,,,,193.0,0.0,0.0,1816.0,10.0,,0.0,,0.0,,0.0,,0.0,951.5,1.0,,0.0,,0.0,,0.0,,0.0
2023-04-27 21:06:02.5,1682600762500000000,,,,193.0,0.0,0.0,1814.5,1.0,1816.0,10.0,,0.0,,0.0,,0.0,951.5,1.0,,0.0,,0.0,,0.0,,0.0
2023-04-27 21:06:02.75,1682600762750000000,,,,193.0,0.0,0.0,1814.5,1.0,,0.0,,0.0,,0.0,,0.0,951.5,1.0,,0.0,,0.0,,0.0,,0.0
2023-04-27 21:06:03.0,1682600763000000000,,,,193.0,0.0,0.0,1814.0,10.0,1814.5,1.0,,0.0,,0.0,,0.0,951.5,1.0,,0.0,,0.0,,0.0,,0.0
2023-04-27 21:06:03.5,1682600763500000000,,,,193.0,0.0,0.0,1812.5,1.0,1814.0,10.0,,0.0,,0.0,,0.0,951.5,1.0,,0.0,,0.0,,0.0,,0.0
2023-04-27 21:06:03.75,1682600763750000000,,,,193.0,0.0,0.0,1812.5,1.0,,0.0,,0.0,,0.0,,0.0,951.5,1.0,,0.0,,0.0,,0.0,,0.0
2023-04-27 21:06:04.0,1682600764000000000,,,,193.0,0.0,0.0,1812.0,10.0,1812.5,1.0,,0.0,,0.0,,0.0,951.5,1.0,,0.0,,0.0,,0.0,,0.0
2023-04-27 21:06:04.5,1682600764500000000,,,,193.0,0.0,0.0,1810.5,1.0,1812.0,10.0,,0.0,,0.0,,0.0,951.5,1.0,,0.0,,0.0,,0.0,,0.0
2023-04-27 21:06:04.75,1682600764750000000,,,,193.0,0.0,0.0,1810.5,1.0,,0.0,,0.0,,0.0,,0.0,951.5,1.0,,0.0,,0.0,,0.0,,0.0
2023-04-27 21:06:05.0,1682600765000000000,,,,193.0,0.0,0.0,1810.0,10.0,1810.5,1.0,,0.0,,0.0,,0.0,951.5,1.0,,0.0,,0.0,,0.0,,0.0
2023-04-27 21:06:05.5,1682600765500000000,,,,193.0,0.0,0.0,1810.0,10.0,,0.0,,0.0,,0.0,,0.0,951.5,1.0,,0.0,,0.0,,0.0,,0.0
2023-04-27 21:06:12.5,1682600772500000000,,,,193.0,0.0,0.0,1808.5,1.0,1810.0,10.0,,0.0,,0.0,,0.0,951.5,1.0,,0.0,,0.0,,0.0,,0.0
2023-04-27 21:06:12.75,1682600772750000000,,,,193.0,0.0,0.0,1808.5,1.0,,0.0,,0.0,,0.0,,0.0,951.5,1.0,,0.0,,0.0,,0.0,,0.0
2023-04-27 21:06:13.0,1682600773000000000,,,,193.0,0.0,0.0,1808.0,10.0,1808.5,1.0,,0.0,,0.0,,0.0,951.5,1.0,,0.0,,0.0,,0.0,,0.0
2023-04-27 21:06:13.5,1682600773500000000,,,,193.0,0.0,0.0,1808.0,10.0,,0.0,,0.0,,0.0,,0.0,951.5,1.0,,0.0,,0.0,,0.0,,0.0
2023-04-27 21:06:18.5,1682600778500000000,,,,193.0,0.0,0.0,1806.5,1.0,1808.0,10.0,,0.0,,0.0,,0.0,951.5,1.0,,0.0,,0.0,,0.0,,0.0
2023-04-27 21:06:18.75,1682600778750000000,,,,193.0,0.0,0.0,1806.5,1.0,,0.0,,0.0,,0.0,,0.0,951.5,1.0,,0.0,,0.0,,0.0,,0.0
2023-04-27 21:06:19.0,1682600779000000000,,,,193.0,0.0,0.0,1806.0,10.0,1806.5,1.0,,0.0,,0.0,,0.0,951.5,1.0,,0.0,,0.0,,0.0,,0.0
2023-04-27 21:06:19.5,1682600779500000000,,,,193.0,0.0,0.0,1804.5,1.0,1806.0,10.0,,0.0,,0.0,,0.0,951.5,1.0,,0.0,,0.0,,0.0,,0.0
2023-04-27 21:06:19.75,1682600779750000000,,,,193.0,0.0,0.0,1804.5,1.0,,0.0,,0.0,,0.0,,0.0,951.5,1.0,,0.0,,0.0,,0.0,,0.0
2023-04-27 21:06:20.0,1682600780000000000,,,,193.0,0.0,0.0,1804.0,10.0,1804.5,1.0,,0.0,,0.0,,0.0,951.5,1.0,,0.0,,0.0,,0.0,,0.0
2023-04-27 21:06:20.5,1682600780500000000,,,,193.0,0.0,0.0,1804.0,10.0,,0.0,,0.0,,0.0,,0.0,951.5,1.0,,0.0,,0.0,,0.0,,0.0
2023-04-27 21:06:26.5,1682600786500000000,,,,193.0,0.0,0.0,1802.5,1.0,1804.0,10.0,,0.0,,0.0,,0.0,951.5,1.0,,0.0,,0.0,,0.0,,0.0
2023-04-27 21:06:26.75,1682600786750000000,,,,193.0,0.0,0.0,1802.5,1.0,,0.0,,0.0,,0.0,,0.0,951.5,1.0,,0.0,,0.0,,0.0,,0.0
2023-04-27 21:06:27.0,1682600787000000000,,,,193.0,0.0,0.0,1802.0,10.0,1802.5,1.0,,0.0,,0.0,,0.0,951.5,1.0,,0.0,,0.0,,0.0,,0.0
2023-04-27 21:06:27.5,1682600787500000000,,,,193.0,0.0,0.0,1800.5,1.0,1802.0,10.0,,0.0,,0.0,,0.0,951.5,1.0,,0.0,,0.0,,0.0,,0.0
2023-04-27 21:06:27.75,1682600787750000000,,,,193.0,0.0,0.0,1800.5,1.0,,0.0,,0.0,,0.0,,0.0,951.5,1.0,,0.0,,0.0,,0.0,,0.0
2023-04-27 21:06:28.0,1682600788000000000,,,,193.0,0.0,0.0,1800.0,10.0,1800.5,1.0,,0.0,,0.0,,0.0,951.5,1.0,,0.0,,0.0,,0.0,,0.0
2023-04-27 21:06:28.5,1682600788500000000,,,,193.0,0.0,0.0,1798.5,1.0,1800.0,10.0,,0.0,,0.0,,0.0,951.5,1.0,,0.0,,0.0,,0.0,,0.0
2023-04-27 21:06:28.75,1682600788750000000,,,,193.0,0.0,0.0,1798.5,1.0,,0.0,,0.0,,0.0,,0.0,951.5,1.0,,0.0,,0.0,,0.0,,0.0
2023-04-27 21:06:29.0,1682600789000000000,,,,193.0,0.0,0.0,1798.0,10.0,1798.5,1.0,,0.0,,0.0,,0.0,951.5,1.0,,0.0,,0.0,,0.0,,0.0
2023-04-27 21:06:29.5,1682600789500000000,,,,193.0,0.0,0.0,1798.0,10.0,,0.0,,0.0,,0.0,,0.0,951.5,1.0,,0.0,,0.0,,0.0,,0.0
2023-04-27 21:06:35.5,1682600795500000000,,,,193.0,0.0,0.0,1796.5,1.0,1798.0,10.0,,0.0,,0.0,,0.0,951.5,1.0,,0.0,,0.0,,0.0,,0.0
2023-04-27 21:06:35.75,1682600795750000000,,,,193.0,0.0,0.0,1796.5,1.0,,0.0,,0.0,,0.0,,0.0,951.5,1.0,,0.0,,0.0,,0.0,,0.0
2023-04-27 21:06:36.0,1682600796000000000,,,,193.0,0.0,0.0,1796.0,10.0,1796.5,1.0,,0.0,,0.0,,0.0,951.5,1.0,,0.0,,0.0,,0.0,,0.0
2023-04-27 21:06:36.5,1682600796500000000,,,,193.0,0.0,0.0,1794.5,1.0,1796.0,10.0,,0.0,,0.0,,0.0,951.5,1.0,,0.0,,0.0,,0.0,,0.0
2023-04-27 21:06:36.75,1682600796750000000,,,,193.0,0.0,0.0,1794.5,1.0,,0.0,,0.0,,0.0,,0.0,951.5,1.0,,0.0,,0.0,,0.0,,0.0
2023-04-27 21:06:37.0,1682600797000000000,,,,193.0,0.0,0.0,1794.0,10.0,1794.5,1.0,,0.0,,0.0,,0.0,951.5,1.0,,0.0,,0.0,,0.0,,0.0
2023-04-27 21:06:37.5,1682600797500000000,,,,193.0,0.0,0.0,1794.0,10.0,,0.0,,0.0,,0.0,,0.0,951.5,1.0,,0.0,,0.0,,0.0,,0.0
2023-04-27 21:06:41.5,1682600801500000000,,,,193.0,0.0,0.0,1792.5,1.0,1794.0,10.0,,0.0,,0.0,,0.0,951.5,1.0,,0.0,,0.0,,0.0,,0.0
2023-04-27 21:06:41.75,1682600801750000000,,,,193.0,0.0,0.0,1792.5,1.0,,0.0,,0.0,,0.0,,0.0,951.5,1.0,,0.0,,0.0,,0.0,,0.0
2023-04-27 21:06:42.0,1682600802000000000,,,,193.0,0.0,0.0,1792.0,10.0,1792.5,1.0,,0.0,,0.0,,0.0,951.5,1.0,,0.0,,0.0,,0.0,,0.0
2023-04-27 21:06:42.5,1682600802500000000,,,,193.0,0.0,0.0,1790.5,1.0,1792.0,10.0,,0.0,,0.0,,0.0,951.5,1.0,,0.0,,0.0,,0.0,,0.0
2023-04-27 21:06:42.75,1682600802750000000,,,,193.0,0.0,0.0,1790.5,1.0,,0.0,,0.0,,0.0,,0.0,951.5,1.0,,0.0,,0.0,,0.0,,0.0
2023-04-27 21:06:43.0,1682600803000000000,,,,193.0,0.0,0.0,1790.0,10.0,1790.5,1.0,,0.0,,0.0,,0.0,951.5,1.0,,0.0,,0.0,,0.0,,0.0
2023-04-27 21:06:43.5,1682600803500000000,,,,193.0,0.0,0.0,1790.0,10.0,,0.0,,0.0,,0.0,,0.0,951.5,1.0,,0.0,,0.0,,0.0,,0.0
2023-04-27 21:06:48.5,1682600808500000000,,,,193.0,0.0,0.0,1788.5,1.0,1790.0,10.0,,0.0,,0.0,,0.0,951.5,1.0,,0.0,,0.0,,0.0,,0.0
2023-04-27 21:06:48.75,1682600808750000000,,,,193.0,0.0,0.0,1788.5,1.0,,0.0,,0.0,,0.0,,0.0,951.5,1.0,,0.0,,0.0,,0.0,,0.0
2023-04-27 21:06:49.0,1682600809000000000,,,,193.0,0.0,0.0,1788.0,10.0,1788.5,1.0,,0.0,,0.0,,0.0,951.5,1.0,,0.0,,0.0,,0.0,,0.0
2023-04-27 21:06:49.5,1682600809500000000,,,,193.0,0.0,0.0,1786.5,1.0,1788.0,10.0,,0.0,,0.0,,0.0,951.5,1.0,,0.0,,0.0,,0.0,,0.0
2023-04-27 21:06:49.75,1682600809750000000,,,,193.0,0.0,0.0,1786.5,1.0,,0.0,,0.0,,0.0,,0.0,951.5,1.0,,0.0,,0.0,,0.0,,0.0
2023-04-27 21:06:50.0,1682600810000000000,,,,193.0,0.0,0.0,1786.0,10.0,1786.5,1.0,,0.0,,0.0,,0.0,951.5,1.0,,0.0,,0.0,,0.0,,0.0
2023-04-27 21:06:50.5,1682600810500000000,,,,193.0,0.0,0.0,1784.5,1.0,1786.0,10.0,,0.0,,0.0,,0.0,951.5,1.0,,0.0,,0.0,,0.0,,0.0
2023-04-27 21:06:50.75,1682600810750000000,,,,193.0,0.0,0.0,1784.5,1.0,,0.0,,0.0,,0.0,,0.0,951.5,1.0,,0.0,,0.0,,0.0,,0.0
2023-04-27 21:06:51.0,1682600811000000000,,,,193.0,0.0,0.0,1784.0,10.0,1784.5,1.0,,0.0,,0.0,,0.0,951.5,1.0,,0.0,,0.0,,0.0,,0.0
2023-04-27 21:06:51.5,1682600811500000000,,,,193.0,0.0,0.0,1782.5,1.0,1784.0,10.0,,0.0,,0.0,,0.0,951.5,1.0,,0.0,,0.0,,0.0,,0.0
2023-04-27 21:06:51.75,1682600811750000000,,,,193.0,0.0,0.0,1782.5,1.0,,0.0,,0.0,,0.0,,0.0,951.5,1.0,,0.0,,0.0,,0.0,,0.0
2023-04-27 21:06:52.0,1682600812000000000,,,,193.0,0.0,0.0,1782.0,10.0,1782.5,1.0,,0.0,,0.0,,0.0,951.5,1.0,,0.0,,0.0,,0.0,,0.0
2023-04-27 21:06:52.5,1682600812500000000,,,,193.0,0.0,0.0,1782.0,10.0,,0.0,,0.0,,0.0,,0.0,951.5,1.0,,0.0,,0.0,,0.0,,0.0
2023-04-27 21:07:02.75,1682600822750000000,,,,193.0,0.0,0.0,1780.5,1.0,1782.0,10.0,,0.0,,0.0,,0.0,951.5,1.0,,0.0,,0.0,,0.0,,0.0
2023-04-27 21:07:03.0,1682600823000000000,,,,193.0,0.0,0.0,1780.5,1.0,,0.0,,0.0,,0.0,,0.0,951.5,1.0,,0.0,,0.0,,0.0,,0.0
2023-04-27 21:07:03.25,1682600823250000000,,,,193.0,0.0,0.0,1780.0,10.0,1780.5,1.0,,0.0,,0.0,,0.0,951.5,1.0,,0.0,,0.0,,0.0,,0.0
2023-04-27 21:07:03.5,1682600823500000000,,,,193.0,0.0,0.0,1780.0,10.0,,0.0,,0.0,,0.0,,0.0,951.5,1.0,,0.0,,0.0,,0.0,,0.0
2023-04-27 21:07:06.5,1682600826500000000,,,,193.0,0.0,0.0,1778.5,1.0,1780.0,10.0,,0.0,,0.0,,0.0,951.5,1.0,,0.0,,0.0,,0.0,,0.0
2023-04-27 21:07:06.75,1682600826750000000,,,,193.0,0.0,0.0,1778.5,1.0,,0.0,,0.0,,0.0,,0.0,951.5,1.0,,0.0,,0.0,,0.0,,0.0
2023-04-27 21:07:07.0,1682600827000000000,,,,193.0,0.0,0.0,1778.0,10.0,1778.5,1.0,,0.0,,0.0,,0.0,951.5,1.0,,0.0,,0.0,,0.0,,0.0
2023-04-27 21:07:07.5,1682600827500000000,,,,193.0,0.0,0.0,1776.5,1.0,1778.0,10.0,,0.0,,0.0,,0.0,951.5,1.0,,0.0,,0.0,,0.0,,0.0
2023-04-27 21:07:07.75,1682600827750000000,,,,193.0,0.0,0.0,1776.5,1.0,,0.0,,0.0,,0.0,,0.0,951.5,1.0,,0.0,,0.0,,0.0,,0.0
2023-04-27 21:07:08.0,1682600828000000000,,,,193.0,0.0,0.0,1776.0,10.0,1776.5,1.0,,0.0,,0.0,,0.0,951.5,1.0,,0.0,,0.0,,0.0,,0.0
2023-04-27 21:07:08.5,1682600828500000000,,,,193.0,0.0,0.0,1774.5,1.0,1776.0,10.0,,0.0,,0.0,,0.0,951.5,1.0,,0.0,,0.0,,0.0,,0.0
2023-04-27 21:07:08.75,1682600828750000000,,,,193.0,0.0,0.0,1774.5,1.0,,0.0,,0.0,,0.0,,0.0,951.5,1.0,,0.0,,0.0,,0.0,,0.0
2023-04-27 21:07:09.0,1682600829000000000,,,,193.0,0.0,0.0,1774.0,10.0,1774.5,1.0,,0.0,,0.0,,0.0,951.5,1.0,,0.0,,0.0,,0.0,,0.0
2023-04-27 21:07:09.75,1682600829750000000,,,,193.0,0.0,0.0,1774.0,10.0,,0.0,,0.0,,0.0,,0.0,951.5,1.0,,0.0,,0.0,,0.0,,0.0
2023-04-27 21:07:11.75,1682600831750000000,,,,193.0,0.0,0.0,1772.5,1.0,1774.0,10.0,,0.0,,0.0,,0.0,951.5,1.0,,0.0,,0.0,,0.0,,0.0
2023-04-27 21:07:12.0,1682600832000000000,,,,193.0,0.0,0.0,1772.5,1.0,,0.0,,0.0,,0.0,,0.0,951.5,1.0,,0.0,,0.0,,0.0,,0.0
2023-04-27 21:07:12.25,1682600832250000000,,,,193.0,0.0,0.0,1772.0,10.0,1772.5,1.0,,0.0,,0.0,,0.0,951.5,1.0,,0.0,,0.0,,0.0,,0.0
2023-04-27 21:07:12.5,1682600832500000000,,,,193.0,0.0,0.0,1772.0,10.0,,0.0,,0.0,,0.0,,0.0,951.5,1.0,,0.0,,0.0,,0.0,,0.0
2023-04-27 21:07:13.5,1682600833500000000,,,,193.0,0.0,0.0,1770.5,1.0,1772.0,10.0,,0.0,,0.0,,0.0,951.5,1.0,,0.0,,0.0,,0.0,,0.0
2023-04-27 21:07:13.75,1682600833750000000,,,,193.0,0.0,0.0,1770.5,1.0,,0.0,,0.0,,0.0,,0.0,951.5,1.0,,0.0,,0.0,,0.0,,0.0
2023-04-27 21:07:14.0,1682600834000000000,,,,193.0,0.0,0.0,1770.0,10.0,1770.5,1.0,,0.0,,0.0,,0.0,951.5,1.0,,0.0,,0.0,,0.0,,0.0
2023-04-27 21:07:14.5,1682600834500000000,,,,193.0,0.0,0.0,1768.5,1.0,1770.0,10.0,,0.0,,0.0,,0.0,951.5,1.0,,0.0,,0.0,,0.0,,0.0
2023-04-27 21:07:14.75,1682600834750000000,,,,193.0,0.0,0.0,1768.5,1.0,,0.0,,0.0,,0.0,,0.0,951.5,1.0,,0.0,,0.0,,0.0,,0.0
2023-04-27 21:07:15.0,1682600835000000000,,,,193.0,0.0,0.0,1768.0,10.0,1768.5,1.0,,0.0,,0.0,,0.0,951.5,1.0,,0.0,,0.0,,0.0,,0.0
2023-04-27 21:07:15.5,1682600835500000000,,,,193.0,0.0,0.0,1768.0,10.0,,0.0,,0.0,,0.0,,0.0,951.5,1.0,,0.0,,0.0,,0.0,,0.0
2023-04-27 21:07:17.5,1682600837500000000,,,,193.0,0.0,0.0,1766.5,1.0,1768.0,10.0,,0.0,,0.0,,0.0,951.5,1.0,,0.0,,0.0,,0.0,,0.0
2023-04-27 21:07:17.75,1682600837750000000,,,,193.0,0.0,0.0,1766.5,1.0,,0.0,,0.0,,0.0,,0.0,951.5,1.0,,0.0,,0.0,,0.0,,0.0
2023-04-27 21:07:18.0,1682600838000000000,,,,193.0,0.0,0.0,1766.0,10.0,1766.5,1.0,,0.0,,0.0,,0.0,951.5,1.0,,0.0,,0.0,,0.0,,0.0
2023-04-27 21:07:18.5,1682600838500000000,,,,193.0,0.0,0.0,1764.5,1.0,1766.0,10.0,,0.0,,0.0,,0.0,951.5,1.0,,0.0,,0.0,,0.0,,0.0
2023-04-27 21:07:18.75,1682600838750000000,,,,193.0,0.0,0.0,1764.5,1.0,,0.0,,0.0,,0.0,,0.0,951.5,1.0,,0.0,,0.0,,0.0,,0.0
2023-04-27 21:07:19.0,1682600839000000000,,,,193.0,0.0,0.0,1764.0,10.0,1764.5,1.0,,0.0,,0.0,,0.0,951.5,1.0,,0.0,,0.0,,0.0,,0.0
2023-04-27 21:07:19.5,1682600839500000000,,,,193.0,0.0,0.0,1762.5,1.0,1764.0,10.0,,0.0,,0.0,,0.0,951.5,1.0,,0.0,,0.0,,0.0,,0.0
2023-04-27 21:07:19.75,1682600839750000000,,,,193.0,0.0,0.0,1762.5,1.0,,0.0,,0.0,,0.0,,0.0,951.5,1.0,,0.0,,0.0,,0.0,,0.0
2023-04-27 21:07:20.0,1682600840000000000,,,,193.0,0.0,0.0,1762.0,10.0,1762.5,1.0,,0.0,,0.0,,0.0,951.5,1.0,,0.0,,0.0,,0.0,,0.0
2023-04-27 21:07:20.5,1682600840500000000,,,,193.0,0.0,0.0,1760.5,1.0,1762.0,10.0,,0.0,,0.0,,0.0,951.5,1.0,,0.0,,0.0,,0.0,,0.0
2023-04-27 21:07:20.75,1682600840750000000,,,,193.0,0.0,0.0,1760.5,1.0,,0.0,,0.0,,0.0,,0.0,951.5,1.0,,0.0,,0.0,,0.0,,0.0
2023-04-27 21:07:21.0,1682600841000000000,,,,193.0,0.0,0.0,1760.0,10.0,1760.5,1.0,,0.0,,0.0,,0.0,951.5,1.0,,0.0,,0.0,,0.0,,0.0
2023-04-27 21:07:21.5,1682600841500000000,,,,193.0,0.0,0.0,1760.0,10.0,,0.0,,0.0,,0.0,,0.0,951.5,1.0,,0.0,,0.0,,0.0,,0.0
2023-04-27 21:07:24.5,1682600844500000000,,,,193.0,0.0,0.0,1758.5,1.0,1760.0,10.0,,0.0,,0.0,,0.0,951.5,1.0,,0.0,,0.0,,0.0,,0.0
2023-04-27 21:07:24.75,1682600844750000000,,,,193.0,0.0,0.0,1758.5,1.0,,0.0,,0.0,,0.0,,0.0,951.5,1.0,,0.0,,0.0,,0.0,,0.0
2023-04-27 21:07:25.0,1682600845000000000,,,,193.0,0.0,0.0,1758.0,10.0,1758.5,1.0,,0.0,,0.0,,0.0,951.5,1.0,,0.0,,0.0,,0.0,,0.0
2023-04-27 21:07:25.5,1682600845500000000,,,,193.0,0.0,0.0,1756.5,1.0,1758.0,10.0,,0.0,,0.0,,0.0,951.5,1.0,,0.0,,0.0,,0.0,,0.0
2023-04-27 21:07:25.75,1682600845750000000,,,,193.0,0.0,0.0,1756.5,1.0,,0.0,,0.0,,0.0,,0.0,951.5,1.0,,0.0,,0.0,,0.0,,0.0
2023-04-27 21:07:26.0,1682600846000000000,,,,193.0,0.0,0.0,1756.0,10.0,1756.5,1.0,,0.0,,0.0,,0.0,951.5,1.0,,0.0,,0.0,,0.0,,0.0
2023-04-27 21:07:26.5,1682600846500000000,,,,193.0,0.0,0.0,1754.5,1.0,1756.0,10.0,,0.0,,0.0,,0.0,951.5,1.0,,0.0,,0.0,,0.0,,0.0
2023-04-27 21:07:26.75,1682600846750000000,,,,193.0,0.0,0.0,1754.5,1.0,,0.0,,0.0,,0.0,,0.0,951.5,1.0,,0.0,,0.0,,0.0,,0.0
2023-04-27 21:07:27.0,1682600847000000000,,,,193.0,0.0,0.0,1754.0,10.0,1754.5,1.0,,0.0,,0.0,,0.0,951.5,1.0,,0.0,,0.0,,0.0,,0.0
2023-04-27 21:07:27.5,1682600847500000000,,,,193.0,0.0,0.0,1754.0,10.0,,0.0,,0.0,,0.0,,0.0,951.5,1.0,,0.0,,0.0,,0.0,,0.0
2023-04-27 21:07:30.5,1682600850500000000,,,,193.0,0.0,0.0,1752.5,1.0,1754.0,10.0,,0.0,,0.0,,0.0,951.5,1.0,,0.0,,0.0,,0.0,,0.0
2023-04-27 21:07:30.75,1682600850750000000,,,,193.0,0.0,0.0,1752.5,1.0,,0.0,,0.0,,0.0,,0.0,951.5,1.0,,0.0,,0.0,,0.0,,0.0
2023-04-27 21:07:31.0,1682600851000000000,,,,193.0,0.0,0.0,1752.0,10.0,1752.5,1.0,,0.0,,0.0,,0.0,951.5,1.0,,0.0,,0.0,,0.0,,0.0
2023-04-27 21:07:31.5,1682600851500000000,,,,193.0,0.0,0.0,1750.5,1.0,1752.0,10.0,,0.0,,0.0,,0.0,951.5,1.0,,0.0,,0.0,,0.0,,0.0
2023-04-27 21:07:31.75,1682600851750000000,,,,193.0,0.0,0.0,1750.5,1.0,,0.0,,0.0,,0.0,,0.0,951.5,1.0,,0.0,,0.0,,0.0,,0.0
2023-04-27 21:07:32.0,1682600852000000000,,,,193.0,0.0,0.0,1750.0,10.0,1750.5,1.0,,0.0,,0.0,,0.0,951.5,1.0,,0.0,,0.0,,0.0,,0.0
2023-04-27 21:07:32.5,1682600852500000000,,,,193.0,0.0,0.0,1748.5,1.0,1750.0,10.0,,0.0,,0.0,,0.0,951.5,1.0,,0.0,,0.0,,0.0,,0.0
2023-04-27 21:07:32.75,1682600852750000000,,,,193.0,0.0,0.0,1748.5,1.0,,0.0,,0.0,,0.0,,0.0,951.5,1.0,,0.0,,0.0,,0.0,,0.0
2023-04-27 21:07:33.0,1682600853000000000,,,,193.0,0.0,0.0,1748.0,10.0,1748.5,1.0,,0.0,,0.0,,0.0,951.5,1.0,,0.0,,0.0,,0.0,,0.0
2023-04-27 21:07:33.5,1682600853500000000,,,,193.0,0.0,0.0,1748.0,10.0,,0.0,,0.0,,0.0,,0.0,951.5,1.0,,0.0,,0.0,,0.0,,0.0
2023-04-27 21:07:34.5,1682600854500000000,,,,193.0,0.0,0.0,1746.5,1.0,1748.0,10.0,,0.0,,0.0,,0.0,951.5,1.0,,0.0,,0.0,,0.0,,0.0
2023-04-27 21:07:34.75,1682600854750000000,,,,193.0,0.0,0.0,1746.5,1.0,,0.0,,0.0,,0.0,,0.0,951.5,1.0,,0.0,,0.0,,0.0,,0.0
2023-04-27 21:07:35.0,1682600855000000000,,,,193.0,0.0,0.0,1746.0,10.0,1746.5,1.0,,0.0,,0.0,,0.0,951.5,1.0,,0.0,,0.0,,0.0,,0.0
2023-04-27 21:07:35.5,1682600855500000000,,,,193.0,0.0,0.0,1744.5,1.0,1746.0,10.0,,0.0,,0.0,,0.0,951.5,1.0,,0.0,,0.0,,0.0,,0.0
2023-04-27 21:07:35.75,1682600855750000000,,,,193.0,0.0,0.0,1744.5,1.0,,0.0,,0.0,,0.0,,0.0,951.5,1.0,,0.0,,0.0,,0.0,,0.0
2023-04-27 21:07:36.0,1682600856000000000,,,,193.0,0.0,0.0,1744.0,10.0,1744.5,1.0,,0.0,,0.0,,0.0,951.5,1.0,,0.0,,0.0,,0.0,,0.0
2023-04-27 21:07:36.5,1682600856500000000,,,,193.0,0.0,0.0,1742.5,1.0,1744.0,10.0,,0.0,,0.0,,0.0,951.5,1.0,,0.0,,0.0,,0.0,,0.0
2023-04-27 21:07:36.75,1682600856750000000,,,,193.0,0.0,0.0,1742.5,1.0,,0.0,,0.0,,0.0,,0.0,951.5,1.0,,0.0,,0.0,,0.0,,0.0
2023-04-27 21:07:37.0,1682600857000000000,,,,193.0,0.0,0.0,1742.0,10.0,1742.5,1.0,,0.0,,0.0,,0.0,951.5,1.0,,0.0,,0.0,,0.0,,0.0
2023-04-27 21:07:37.5,1682600857500000000,,,,193.0,0.0,0.0,1742.0,10.0,,0.0,,0.0,,0.0,,0.0,951.5,1.0,,0.0,,0.0,,0.0,,0.0
2023-04-27 21:07:38.5,1682600858500000000,,,,193.0,0.0,0.0,1740.5,1.0,1742.0,10.0,,0.0,,0.0,,0.0,951.5,1.0,,0.0,,0.0,,0.0,,0.0
2023-04-27 21:07:38.75,1682600858750000000,,,,193.0,0.0,0.0,1740.5,1.0,,0.0,,0.0,,0.0,,0.0,951.5,1.0,,0.0,,0.0,,0.0,,0.0
2023-04-27 21:07:39.0,1682600859000000000,,,,193.0,0.0,0.0,1740.0,10.0,1740.5,1.0,,0.0,,0.0,,0.0,951.5,1.0,,0.0,,0.0,,0.0,,0.0
2023-04-27 21:07:39.5,1682600859500000000,,,,193.0,0.0,0.0,1738.5,1.0,1740.0,10.0,,0.0,,0.0,,0.0,951.5,1.0,,0.0,,0.0,,0.0,,0.0
2023-04-27 21:07:39.75,1682600859750000000,,,,193.0,0.0,0.0,1738.5,1.0,,0.0,,0.0,,0.0,,0.0,951.5,1.0,,0.0,,0.0,,0.0,,0.0
2023-04-27 21:07:40.0,1682600860000000000,,,,193.0,0.0,0.0,1738.0,10.0,1738.5,1.0,,0.0,,0.0,,0.0,951.5,1.0,,0.0,,0.0,,0.0,,0.0
2023-04-27 21:07:40.5,1682600860500000000,,,,193.0,0.0,0.0,1736.5,1.0,1738.0,10.0,,0.0,,0.0,,0.0,951.5,1.0,,0.0,,0.0,,0.0,,0.0
2023-04-27 21:07:40.75,1682600860750000000,,,,193.0,0.0,0.0,1736.5,1.0,,0.0,,0.0,,0.0,,0.0,951.5,1.0,,0.0,,0.0,,0.0,,0.0
2023-04-27 21:07:41.0,1682600861000000000,,,,193.0,0.0,0.0,1736.0,10.0,1736.5,1.0,,0.0,,0.0,,0.0,951.5,1.0,,0.0,,0.0,,0.0,,0.0
2023-04-27 21:07:41.5,1682600861500000000,,,,193.0,0.0,0.0,1734.5,1.0,1736.0,10.0,,0.0,,0.0,,0.0,951.5,1.0,,0.0,,0.0,,0.0,,0.0
2023-04-27 21:07:41.75,1682600861750000000,,,,193.0,0.0,0.0,1734.5,1.0,,0.0,,0.0,,0.0,,0.0,951.5,1.0,,0.0,,0.0,,0.0,,0.0
2023-04-27 21:07:42.0,1682600862000000000,,,,193.0,0.0,0.0,1734.0,10.0,1734.5,1.0,,0.0,,0.0,,0.0,951.5,1.0,,0.0,,0.0,,0.0,,0.0
2023-04-27 21:07:42.5,1682600862500000000,,,,193.0,0.0,0.0,1734.0,10.0,,0.0,,0.0,,0.0,,0.0,951.5,1.0,,0.0,,0.0,,0.0,,0.0
2023-04-27 21:07:43.5,1682600863500000000,,,,193.0,0.0,0.0,1732.5,1.0,1734.0,10.0,,0.0,,0.0,,0.0,951.5,1.0,,0.0,,0.0,,0.0,,0.0
2023-04-27 21:07:43.75,1682600863750000000,,,,193.0,0.0,0.0,1732.5,1.0,,0.0,,0.0,,0.0,,0.0,951.5,1.0,,0.0,,0.0,,0.0,,0.0
2023-04-27 21:07:44.0,1682600864000000000,,,,193.0,0.0,0.0,1732.0,10.0,1732.5,1.0,,0.0,,0.0,,0.0,951.5,1.0,,0.0,,0.0,,0.0,,0.0
2023-04-27 21:07:44.5,1682600864500000000,,,,193.0,0.0,0.0,1730.5,1.0,1732.0,10.0,,0.0,,0.0,,0.0,951.5,1.0,,0.0,,0.0,,0.0,,0.0
2023-04-27 21:07:44.75,1682600864750000000,,,,193.0,0.0,0.0,1730.5,1.0,,0.0,,0.0,,0.0,,0.0,951.5,1.0,,0.0,,0.0,,0.0,,0.0
2023-04-27 21:07:45.0,1682600865000000000,,,,193.0,0.0,0.0,1730.0,10.0,1730.5,1.0,,0.0,,0.0,,0.0,951.5,1.0,,0.0,,0.0,,0.0,,0.0
2023-04-27 21:07:45.5,1682600865500000000,,,,193.0,0.0,0.0,1728.5,1.0,1730.0,10.0,,0.0,,0.0,,0.0,951.5,1.0,,0.0,,0.0,,0.0,,0.0
2023-04-27 21:07:45.75,1682600865750000000,,,,193.0,0.0,0.0,1728.5,1.0,,0.0,,0.0,,0.0,,0.0,951.5,1.0,,0.0,,0.0,,0.0,,0.0
2023-04-27 21:07:46.0,1682600866000000000,,,,193.0,0.0,0.0,1728.0,10.0,1728.5,1.0,,0.0,,0.0,,0.0,951.5,1.0,,0.0,,0.0,,0.0,,0.0
2023-04-27 21:07:46.5,1682600866500000000,,,,193.0,0.0,0.0,1726.5,1.0,1728.0,10.0,,0.0,,0.0,,0.0,951.5,1.0,,0.0,,0.0,,0.0,,0.0
2023-04-27 21:07:46.75,1682600866750000000,,,,193.0,0.0,0.0,1726.5,1.0,,0.0,,0.0,,0.0,,0.0,951.5,1.0,,0.0,,0.0,,0.0,,0.0
2023-04-27 21:07:47.0,1682600867000000000,,,,193.0,0.0,0.0,1726.0,10.0,1726.5,1.0,,0.0,,0.0,,0.0,951.5,1.0,,0.0,,0.0,,0.0,,0.0
2023-04-27 21:07:47.5,1682600867500000000,,,,193.0,0.0,0.0,1724.5,1.0,1726.0,10.0,,0.0,,0.0,,0.0,951.5,1.0,,0.0,,0.0,,0.0,,0.0
2023-04-27 21:07:47.75,1682600867750000000,,,,193.0,0.0,0.0,1724.5,1.0,,0.0,,0.0,,0.0,,0.0,951.5,1.0,,0.0,,0.0,,0.0,,0.0
2023-04-27 21:07:48.0,1682600868000000000,,,,193.0,0.0,0.0,1724.0,10.0,1724.5,1.0,,0.0,,0.0,,0.0,951.5,1.0,,0.0,,0.0,,0.0,,0.0
2023-04-27 21:07:48.5,1682600868500000000,,,,193.0,0.0,0.0,1722.5,1.0,1724.0,10.0,,0.0,,0.0,,0.0,951.5,1.0,,0.0,,0.0,,0.0,,0.0
2023-04-27 21:07:48.75,1682600868750000000,,,,193.0,0.0,0.0,1722.5,1.0,,0.0,,0.0,,0.0,,0.0,951.5,1.0,,0.0,,0.0,,0.0,,0.0
2023-04-27 21:07:49.0,1682600869000000000,,,,193.0,0.0,0.0,1722.0,10.0,1722.5,1.0,,0.0,,0.0,,0.0,951.5,1.0,,0.0,,0.0,,0.0,,0.0
2023-04-27 21:07:49.5,1682600869500000000,,,,193.0,0.0,0.0,1720.5,1.0,1722.0,10.0,,0.0,,0.0,,0.0,951.5,1.0,,0.0,,0.0,,0.0,,0.0
2023-04-27 21:07:49.75,1682600869750000000,,,,193.0,0.0,0.0,1720.5,1.0,,0.0,,0.0,,0.0,,0.0,951.5,1.0,,0.0,,0.0,,0.0,,0.0
2023-04-27 21:07:50.0,1682600870000000000,,,,193.0,0.0,0.0,1720.0,10.0,1720.5,1.0,,0.0,,0.0,,0.0,951.5,1.0,,0.0,,0.0,,0.0,,0.0
2023-04-27 21:07:50.5,1682600870500000000,,,,193.0,0.0,0.0,1718.5,1.0,1720.0,10.0,,0.0,,0.0,,0.0,951.5,1.0,,0.0,,0.0,,0.0,,0.0
2023-04-27 21:07:50.75,1682600870750000000,,,,193.0,0.0,0.0,1718.5,1.0,,0.0,,0.0,,0.0,,0.0,951.5,1.0,,0.0,,0.0,,0.0,,0.0
2023-04-27 21:07:51.0,1682600871000000000,,,,193.0,0.0,0.0,1718.0,10.0,1718.5,1.0,,0.0,,0.0,,0.0,951.5,1.0,,0.0,,0.0,,0.0,,0.0
2023-04-27 21:07:51.5,1682600871500000000,,,,193.0,0.0,0.0,1716.5,1.0,1718.0,10.0,,0.0,,0.0,,0.0,951.5,1.0,,0.0,,0.0,,0.0,,0.0
2023-04-27 21:07:51.75,1682600871750000000,,,,193.0,0.0,0.0,1716.5,1.0,,0.0,,0.0,,0.0,,0.0,951.5,1.0,,0.0,,0.0,,0.0,,0.0
2023-04-27 21:07:52.0,1682600872000000000,,,,193.0,0.0,0.0,1716.0,10.0,1716.5,1.0,,0.0,,0.0,,0.0,951.5,1.0,,0.0,,0.0,,0.0,,0.0
2023-04-27 21:07:52.5,1682600872500000000,,,,193.0,0.0,0.0,1714.5,1.0,1716.0,10.0,,0.0,,0.0,,0.0,951.5,1.0,,0.0,,0.0,,0.0,,0.0
2023-04-27 21:07:52.75,1682600872750000000,,,,193.0,0.0,0.0,1714.5,1.0,,0.0,,0.0,,0.0,,0.0,951.5,1.0,,0.0,,0.0,,0.0,,0.0
2023-04-27 21:07:53.0,1682600873000000000,,,,193.0,0.0,0.0,1714.0,10.0,1714.5,1.0,,0.0,,0.0,,0.0,951.5,1.0,,0.0,,0.0,,0.0,,0.0
2023-04-27 21:07:53.5,1682600873500000000,,,,193.0,0.0,0.0,1712.5,1.0,1714.0,10.0,,0.0,,0.0,,0.0,951.5,1.0,,0.0,,0.0,,0.0,,0.0
2023-04-27 21:07:53.75,1682600873750000000,,,,193.0,0.0,0.0,1712.5,1.0,,0.0,,0.0,,0.0,,0.0,951.5,1.0,,0.0,,0.0,,0.0,,0.0
2023-04-27 21:07:54.0,1682600874000000000,,,,193.0,0.0,0.0,1712.0,10.0,1712.5,1.0,,0.0,,0.0,,0.0,951.5,1.0,,0.0,,0.0,,0.0,,0.0
2023-04-27 21:07:54.5,1682600874500000000,,,,193.0,0.0,0.0,1712.0,10.0,,0.0,,0.0,,0.0,,0.0,951.5,1.0,,0.0,,0.0,,0.0,,0.0
2023-04-27 21:32:12.25,1682602332250000000,,,,193.0,0.0,0.0,,0.0,,0.0,,0.0,,0.0,,0.0,951.5,1.0,,0.0,,0.0,,0.0,,0.0
2023-04-27 21:32:12.5,1682602332500000000,,,,193.0,0.0,0.0,2054.5,1.0,,0.0,,0.0,,0.0,,0.0,951.5,1.0,,0.0,,0.0,,0.0,,0.0
2023-04-27 21:32:56.75,1682602376750000000,,,,193.0,0.0,0.0,2054.0,10.0,2054.5,1.0,,0.0,,0.0,,0.0,951.5,1.0,,0.0,,0.0,,0.0,,0.0
2023-04-27 21:32:57.0,1682602377000000000,,,,193.0,0.0,0.0,2052.5,1.0,2054.0,10.0,,0.0,,0.0,,0.0,951.5,1.0,,0.0,,0.0,,0.0,,0.0
2023-04-27 21:32:57.25,1682602377250000000,,,,193.0,0.0,0.0,2052.5,1.0,,0.0,,0.0,,0.0,,0.0,951.5,1.0,,0.0,,0.0,,0.0,,0.0
2023-04-27 21:32:57.5,1682602377500000000,,,,193.0,0.0,0.0,2052.0,10.0,2052.5,1.0,,0.0,,0.0,,0.0,951.5,1.0,,0.0,,0.0,,0.0,,0.0
2023-04-27 21:32:58.0,1682602378000000000,,,,193.0,0.0,0.0,2050.5,1.0,2052.0,10.0,,0.0,,0.0,,0.0,951.5,1.0,,0.0,,0.0,,0.0,,0.0
2023-04-27 21:32:58.25,1682602378250000000,,,,193.0,0.0,0.0,2050.5,1.0,,0.0,,0.0,,0.0,,0.0,951.5,1.0,,0.0,,0.0,,0.0,,0.0
2023-04-27 21:32:58.5,1682602378500000000,,,,193.0,0.0,0.0,2050.0,10.0,2050.5,1.0,,0.0,,0.0,,0.0,951.5,1.0,,0.0,,0.0,,0.0,,0.0
2023-04-27 21:32:59.0,1682602379000000000,,,,193.0,0.0,0.0,2048.5,1.0,2050.0,10.0,,0.0,,0.0,,0.0,951.5,1.0,,0.0,,0.0,,0.0,,0.0
2023-04-27 21:32:59.25,1682602379250000000,,,,193.0,0.0,0.0,2048.5,1.0,,0.0,,0.0,,0.0,,0.0,951.5,1.0,,0.0,,0.0,,0.0,,0.0
2023-04-27 21:32:59.5,1682602379500000000,,,,193.0,0.0,0.0,2048.0,10.0,2048.5,1.0,,0.0,,0.0,,0.0,951.5,1.0,,0.0,,0.0,,0.0,,0.0
2023-04-27 21:33:00.0,1682602380000000000,,,,193.0,0.0,0.0,2046.5,1.0,2048.0,10.0,,0.0,,0.0,,0.0,951.5,1.0,,0.0,,0.0,,0.0,,0.0
2023-04-27 21:33:00.25,1682602380250000000,,,,193.0,0.0,0.0,2046.5,1.0,,0.0,,0.0,,0.0,,0.0,951.5,1.0,,0.0,,0.0,,0.0,,0.0
2023-04-27 21:33:00.5,1682602380500000000,,,,193.0,0.0,0.0,2046.0,10.0,2046.5,1.0,,0.0,,0.0,,0.0,951.5,1.0,,0.0,,0.0,,0.0,,0.0
2023-04-27 21:33:01.0,1682602381000000000,,,,193.0,0.0,0.0,2044.5,1.0,2046.0,10.0,,0.0,,0.0,,0.0,951.5,1.0,,0.0,,0.0,,0.0,,0.0
2023-04-27 21:33:01.25,1682602381250000000,,,,193.0,0.0,0.0,2044.5,1.0,,0.0,,0.0,,0.0,,0.0,951.5,1.0,,0.0,,0.0,,0.0,,0.0
2023-04-27 21:33:01.5,1682602381500000000,,,,193.0,0.0,0.0,2044.0,10.0,2044.5,1.0,,0.0,,0.0,,0.0,951.5,1.0,,0.0,,0.0,,0.0,,0.0
2023-04-27 21:33:02.0,1682602382000000000,,,,193.0,0.0,0.0,2042.5,1.0,2044.0,10.0,,0.0,,0.0,,0.0,951.5,1.0,,0.0,,0.0,,0.0,,0.0
2023-04-27 21:33:02.25,1682602382250000000,,,,193.0,0.0,0.0,2042.5,1.0,,0.0,,0.0,,0.0,,0.0,951.5,1.0,,0.0,,0.0,,0.0,,0.0
2023-04-27 21:33:02.5,1682602382500000000,,,,193.0,0.0,0.0,2042.0,10.0,2042.5,1.0,,0.0,,0.0,,0.0,951.5,1.0,,0.0,,0.0,,0.0,,0.0
2023-04-27 21:33:03.0,1682602383000000000,,,,193.0,0.0,0.0,2040.5,1.0,2042.0,10.0,,0.0,,0.0,,0.0,951.5,1.0,,0.0,,0.0,,0.0,,0.0
2023-04-27 21:33:03.25,1682602383250000000,,,,193.0,0.0,0.0,2040.5,1.0,,0.0,,0.0,,0.0,,0.0,951.5,1.0,,0.0,,0.0,,0.0,,0.0
2023-04-27 21:33:03.5,1682602383500000000,,,,193.0,0.0,0.0,2040.0,10.0,2040.5,1.0,,0.0,,0.0,,0.0,951.5,1.0,,0.0,,0.0,,0.0,,0.0
2023-04-27 21:33:04.0,1682602384000000000,,,,193.0,0.0,0.0,2038.5,1.0,2040.0,10.0,,0.0,,0.0,,0.0,951.5,1.0,,0.0,,0.0,,0.0,,0.0
2023-04-27 21:33:04.25,1682602384250000000,,,,193.0,0.0,0.0,2038.5,1.0,,0.0,,0.0,,0.0,,0.0,951.5,1.0,,0.0,,0.0,,0.0,,0.0
2023-04-27 21:33:04.5,1682602384500000000,,,,193.0,0.0,0.0,2038.0,10.0,2038.5,1.0,,0.0,,0.0,,0.0,951.5,1.0,,0.0,,0.0,,0.0,,0.0
2023-04-27 21:33:05.0,1682602385000000000,,,,193.0,0.0,0.0,2036.5,1.0,2038.0,10.0,,0.0,,0.0,,0.0,951.5,1.0,,0.0,,0.0,,0.0,,0.0
2023-04-27 21:33:05.25,1682602385250000000,,,,193.0,0.0,0.0,2036.5,1.0,,0.0,,0.0,,0.0,,0.0,951.5,1.0,,0.0,,0.0,,0.0,,0.0
2023-04-27 21:33:05.5,1682602385500000000,,,,193.0,0.0,0.0,2036.0,10.0,2036.5,1.0,,0.0,,0.0,,0.0,951.5,1.0,,0.0,,0.0,,0.0,,0.0
2023-04-27 21:33:06.0,1682602386000000000,,,,193.0,0.0,0.0,2036.0,10.0,,0.0,,0.0,,0.0,,0.0,951.5,1.0,,0.0,,0.0,,0.0,,0.0
2023-04-27 21:39:37.25,1682602777250000000,,,,193.0,0.0,0.0,2036.0,10.0,,0.0,,0.0,,0.0,,0.0,952.0,1.0,951.5,1.0,,0.0,,0.0,,0.0
2023-04-27 21:39:37.75,1682602777750000000,,,,193.0,0.0,0.0,2036.0,10.0,,0.0,,0.0,,0.0,,0.0,952.0,1.0,,0.0,,0.0,,0.0,,0.0
2023-04-27 21:39:43.25,1682602783250000000,,,,193.0,0.0,0.0,2035.5,1.0,2036.0,10.0,,0.0,,0.0,,0.0,952.0,1.0,,0.0,,0.0,,0.0,,0.0
2023-04-27 21:39:43.5,1682602783500000000,,,,193.0,0.0,0.0,2035.5,1.0,,0.0,,0.0,,0.0,,0.0,952.0,1.0,,0.0,,0.0,,0.0,,0.0
2023-04-27 21:39:43.75,1682602783750000000,,,,193.0,0.0,0.0,2035.0,10.0,2035.5,1.0,,0.0,,0.0,,0.0,952.0,1.0,,0.0,,0.0,,0.0,,0.0
2023-04-27 21:48:12.75,1682603292750000000,,,,193.0,0.0,0.0,2033.5,1.0,2035.0,10.0,2035.5,1.0,,0.0,,0.0,953.5,1.0,952.0,1.0,,0.0,,0.0,,0.0
2023-04-27 21:48:13.0,1682603293000000000,,,,193.0,0.0,0.0,2033.5,1.0,2035.5,1.0,,0.0,,0.0,,0.0,953.5,1.0,952.0,1.0,,0.0,,0.0,,0.0
2023-04-27 21:48:13.25,1682603293250000000,,,,193.0,0.0,0.0,2033.0,10.0,2033.5,1.0,2035.5,1.0,,0.0,,0.0,953.5,1.0,952.0,1.0,,0.0,,0.0,,0.0
2023-04-27 21:48:13.5,1682603293500000000,,,,193.0,0.0,0.0,2031.5,1.0,2033.0,10.0,2035.5,1.0,,0.0,,0.0,953.5,1.0,952.0,1.0,,0.0,,0.0,,0.0
2023-04-27 21:48:13.75,1682603293750000000,,,,193.0,0.0,0.0,2031.5,1.0,2035.5,1.0,,0.0,,0.0,,0.0,953.5,1.0,952.0,1.0,,0.0,,0.0,,0.0
2023-04-27 21:48:14.0,1682603294000000000,,,,193.0,0.0,0.0,2031.0,10.0,2031.5,1.0,2035.5,1.0,,0.0,,0.0,953.5,1.0,952.0,1.0,,0.0,,0.0,,0.0
2023-04-27 21:48:14.5,1682603294500000000,,,,193.0,0.0,0.0,2029.5,1.0,2031.0,10.0,2035.5,1.0,,0.0,,0.0,953.5,1.0,952.0,1.0,,0.0,,0.0,,0.0
2023-04-27 21:48:14.75,1682603294750000000,,,,193.0,0.0,0.0,2029.5,1.0,2035.5,1.0,,0.0,,0.0,,0.0,953.5,1.0,952.0,1.0,,0.0,,0.0,,0.0
2023-04-27 21:48:15.0,1682603295000000000,,,,193.0,0.0,0.0,2029.0,10.0,2029.5,1.0,2035.5,1.0,,0.0,,0.0,953.5,1.0,952.0,1.0,,0.0,,0.0,,0.0
2023-04-27 21:48:15.5,1682603295500000000,,,,193.0,0.0,0.0,2027.5,1.0,2029.0,10.0,2035.5,1.0,,0.0,,0.0,953.5,1.0,952.0,1.0,,0.0,,0.0,,0.0
2023-04-27 21:48:15.75,1682603295750000000,,,,193.0,0.0,0.0,2027.5,1.0,2035.5,1.0,,0.0,,0.0,,0.0,953.5,1.0,952.0,1.0,,0.0,,0.0,,0.0
2023-04-27 21:48:16.0,1682603296000000000,,,,193.0,0.0,0.0,2027.0,10.0,2027.5,1.0,2035.5,1.0,,0.0,,0.0,953.5,1.0,952.0,1.0,,0.0,,0.0,,0.0
2023-04-27 21:48:16.5,1682603296500000000,,,,193.0,0.0,0.0,2025.5,1.0,2027.0,10.0,2035.5,1.0,,0.0,,0.0,953.5,1.0,952.0,1.0,,0.0,,0.0,,0.0
2023-04-27 21:48:16.75,1682603296750000000,,,,193.0,0.0,0.0,2025.5,1.0,2035.5,1.0,,0.0,,0.0,,0.0,953.5,1.0,952.0,1.0,,0.0,,0.0,,0.0
2023-04-27 21:48:17.0,1682603297000000000,,,,193.0,0.0,0.0,2025.0,10.0,2025.5,1.0,2035.5,1.0,,0.0,,0.0,953.5,1.0,952.0,1.0,,0.0,,0.0,,0.0
2023-04-27 21:48:17.5,1682603297500000000,,,,193.0,0.0,0.0,2023.5,1.0,2025.0,10.0,2035.5,1.0,,0.0,,0.0,953.5,1.0,952.0,1.0,,0.0,,0.0,,0.0
2023-04-27 21:48:17.75,1682603297750000000,,,,193.0,0.0,0.0,2023.5,1.0,2035.5,1.0,,0.0,,0.0,,0.0,953.5,1.0,952.0,1.0,,0.0,,0.0,,0.0
2023-04-27 21:48:18.0,1682603298000000000,,,,193.0,0.0,0.0,2023.0,10.0,2023.5,1.0,2035.5,1.0,,0.0,,0.0,953.5,1.0,952.0,1.0,,0.0,,0.0,,0.0
2023-04-27 21:48:18.5,1682603298500000000,,,,193.0,0.0,0.0,2021.5,1.0,2023.0,10.0,2035.5,1.0,,0.0,,0.0,953.5,1.0,952.0,1.0,,0.0,,0.0,,0.0
2023-04-27 21:48:18.75,1682603298750000000,,,,193.0,0.0,0.0,2021.5,1.0,2035.5,1.0,,0.0,,0.0,,0.0,953.5,1.0,952.0,1.0,,0.0,,0.0,,0.0
2023-04-27 21:48:19.0,1682603299000000000,,,,193.0,0.0,0.0,2021.0,10.0,2021.5,1.0,2035.5,1.0,,0.0,,0.0,953.5,1.0,952.0,1.0,,0.0,,0.0,,0.0
2023-04-27 21:48:19.5,1682603299500000000,,,,193.0,0.0,0.0,2019.5,1.0,2021.0,10.0,2035.5,1.0,,0.0,,0.0,953.5,1.0,952.0,1.0,,0.0,,0.0,,0.0
2023-04-27 21:48:19.75,1682603299750000000,,,,193.0,0.0,0.0,2019.5,1.0,2035.5,1.0,,0.0,,0.0,,0.0,953.5,1.0,952.0,1.0,,0.0,,0.0,,0.0
2023-04-27 21:48:20.0,1682603300000000000,,,,193.0,0.0,0.0,2019.0,10.0,2019.5,1.0,2035.5,1.0,,0.0,,0.0,953.5,1.0,952.0,1.0,,0.0,,0.0,,0.0
2023-04-27 21:48:20.5,1682603300500000000,,,,193.0,0.0,0.0,2017.5,1.0,2019.0,10.0,2035.5,1.0,,0.0,,0.0,953.5,1.0,952.0,1.0,,0.0,,0.0,,0.0
2023-04-27 21:48:20.75,1682603300750000000,,,,193.0,0.0,0.0,2017.5,1.0,2035.5,1.0,,0.0,,0.0,,0.0,953.5,1.0,952.0,1.0,,0.0,,0.0,,0.0
2023-04-27 21:48:21.0,1682603301000000000,,,,193.0,0.0,0.0,2017.0,10.0,2017.5,1.0,2035.5,1.0,,0.0,,0.0,953.5,1.0,952.0,1.0,,0.0,,0.0,,0.0
2023-04-27 21:48:21.5,1682603301500000000,,,,193.0,0.0,0.0,2017.0,10.0,2035.5,1.0,,0.0,,0.0,,0.0,953.5,1.0,952.0,1.0,,0.0,,0.0,,0.0
2023-04-27 22:02:13.25,1682604133250000000,,,,193.0,0.0,0.0,2017.0,10.0,2035.5,1.0,,0.0,,0.0,,0.0,954.0,1.0,953.5,1.0,952.0,1.0,,0.0,,0.0
2023-04-27 22:02:13.75,1682604133750000000,,,,193.0,0.0,0.0,2015.5,1.0,2017.0,10.0,2035.5,1.0,,0.0,,0.0,955.5,1.0,954.0,1.0,952.0,1.0,,0.0,,0.0
2023-04-27 22:02:14.0,1682604134000000000,,,,193.0,0.0,0.0,2015.5,1.0,2035.5,1.0,,0.0,,0.0,,0.0,955.5,1.0,954.0,1.0,952.0,1.0,,0.0,,0.0
2023-04-27 22:02:14.25,1682604134250000000,,,,193.0,0.0,0.0,2015.0,10.0,2015.5,1.0,2035.5,1.0,,0.0,,0.0,956.0,1.0,955.5,1.0,954.0,1.0,,0.0,,0.0
2023-04-27 22:02:14.75,1682604134750000000,,,,193.0,0.0,0.0,2013.5,1.0,2015.0,10.0,2035.5,1.0,,0.0,,0.0,957.5,1.0,956.0,1.0,954.0,1.0,,0.0,,0.0
2023-04-27 22:02:15.0,1682604135000000000,,,,193.0,0.0,0.0,2013.5,1.0,2035.5,1.0,,0.0,,0.0,,0.0,957.5,1.0,956.0,1.0,954.0,1.0,,0.0,,0.0
2023-04-27 22:02:15.25,1682604135250000000,,,,193.0,0.0,0.0,2013.0,10.0,2013.5,1.0,2035.5,1.0,,0.0,,0.0,957.5,1.0,956.0,1.0,954.0,1.0,,0.0,,0.0
2023-04-27 22:02:15.75,1682604135750000000,,,,193.0,0.0,0.0,2011.5,1.0,2013.0,10.0,2035.5,1.0,,0.0,,0.0,957.5,1.0,956.0,1.0,954.0,1.0,,0.0,,0.0
2023-04-27 22:02:16.0,1682604136000000000,,,,193.0,0.0,0.0,2011.5,1.0,2035.5,1.0,,0.0,,0.0,,0.0,957.5,1.0,956.0,1.0,954.0,1.0,,0.0,,0.0
2023-04-27 22:02:16.25,1682604136250000000,,,,193.0,0.0,0.0,2011.0,10.0,2011.5,1.0,2035.5,1.0,,0.0,,0.0,957.5,1.0,956.0,1.0,954.0,1.0,,0.0,,0.0
2023-04-27 22:02:16.75,1682604136750000000,,,,193.0,0.0,0.0,2009.5,1.0,2011.0,10.0,2035.5,1.0,,0.0,,0.0,957.5,1.0,956.0,1.0,954.0,1.0,,0.0,,0.0
2023-04-27 22:02:17.0,1682604137000000000,,,,193.0,0.0,0.0,2009.5,1.0,2035.5,1.0,,0.0,,0.0,,0.0,957.5,1.0,956.0,1.0,954.0,1.0,,0.0,,0.0
2023-04-27 22:02:17.25,1682604137250000000,,,,193.0,0.0,0.0,2009.0,10.0,2009.5,1.0,2035.5,1.0,,0.0,,0.0,957.5,1.0,956.0,1.0,954.0,1.0,,0.0,,0.0
2023-04-27 22:02:17.75,1682604137750000000,,,,193.0,0.0,0.0,2007.5,1.0,2009.0,10.0,2035.5,1.0,,0.0,,0.0,957.5,1.0,956.0,1.0,954.0,1.0,,0.0,,0.0
2023-04-27 22:02:18.0,1682604138000000000,,,,193.0,0.0,0.0,2007.5,1.0,2035.5,1.0,,0.0,,0.0,,0.0,957.5,1.0,956.0,1.0,954.0,1.0,,0.0,,0.0
2023-04-27 22:02:18.25,1682604138250000000,,,,193.0,0.0,0.0,2007.0,10.0,2007.5,1.0,2035.5,1.0,,0.0,,0.0,957.5,1.0,956.0,1.0,954.0,1.0,,0.0,,0.0
2023-04-27 22:02:18.75,1682604138750000000,,,,193.0,0.0,0.0,2005.5,1.0,2007.0,10.0,2035.5,1.0,,0.0,,0.0,957.5,1.0,956.0,1.0,954.0,1.0,,0.0,,0.0
2023-04-27 22:02:19.0,1682604139000000000,,,,193.0,0.0,0.0,2005.5,1.0,2035.5,1.0,,0.0,,0.0,,0.0,957.5,1.0,956.0,1.0,954.0,1.0,,0.0,,0.0
2023-04-27 22:02:19.25,1682604139250000000,,,,193.0,0.0,0.0,2005.0,10.0,2005.5,1.0,2035.5,1.0,,0.0,,0.0,957.5,1.0,956.0,1.0,954.0,1.0,,0.0,,0.0
2023-04-27 22:02:19.75,1682604139750000000,,,,193.0,0.0,0.0,2003.5,1.0,2005.0,10.0,2035.5,1.0,,0.0,,0.0,957.5,1.0,956.0,1.0,954.0,1.0,,0.0,,0.0
2023-04-27 22:02:20.0,1682604140000000000,,,,193.0,0.0,0.0,2003.5,1.0,2035.5,1.0,,0.0,,0.0,,0.0,957.5,1.0,956.0,1.0,954.0,1.0,,0.0,,0.0
2023-04-27 22:02:20.25,1682604140250000000,,,,193.0,0.0,0.0,2003.0,10.0,2003.5,1.0,2035.5,1.0,,0.0,,0.0,957.5,1.0,956.0,1.0,954.0,1.0,,0.0,,0.0
2023-04-27 22:02:20.75,1682604140750000000,,,,193.0,0.0,0.0,2001.5,1.0,2003.0,10.0,2035.5,1.0,,0.0,,0.0,957.5,1.0,956.0,1.0,954.0,1.0,,0.0,,0.0
2023-04-27 22:02:21.0,1682604141000000000,,,,193.0,0.0,0.0,2001.5,1.0,2035.5,1.0,,0.0,,0.0,,0.0,957.5,1.0,956.0,1.0,954.0,1.0,,0.0,,0.0
2023-04-27 22:02:21.25,1682604141250000000,,,,193.0,0.0,0.0,2001.0,10.0,2001.5,1.0,2035.5,1.0,,0.0,,0.0,957.5,1.0,956.0,1.0,954.0,1.0,,0.0,,0.0
2023-04-27 22:02:21.75,1682604141750000000,,,,193.0,0.0,0.0,2001.0,10.0,2035.5,1.0,,0.0,,0.0,,0.0,957.5,1.0,956.0,1.0,954.0,1.0,,0.0,,0.0
2023-04-27 22:02:29.25,1682604149250000000,,,,193.0,0.0,0.0,2001.0,10.0,2035.5,1.0,,0.0,,0.0,,0.0,958.0,1.0,957.5,1.0,956.0,1.0,,0.0,,0.0
2023-04-27 22:02:29.75,1682604149750000000,,,,193.0,0.0,0.0,2001.0,10.0,2035.5,1.0,,0.0,,0.0,,0.0,958.0,1.0,956.0,1.0,,0.0,,0.0,,0.0
2023-04-27 22:02:40.25,1682604160250000000,,,,193.0,0.0,0.0,2000.5,1.0,2001.0,10.0,2035.5,1.0,,0.0,,0.0,958.0,1.0,956.0,1.0,,0.0,,0.0,,0.0
2023-04-27 22:02:40.5,1682604160500000000,,,,193.0,0.0,0.0,2000.5,1.0,2035.5,1.0,,0.0,,0.0,,0.0,958.0,1.0,956.0,1.0,,0.0,,0.0,,0.0
2023-04-27 22:02:40.75,1682604160750000000,,,,193.0,0.0,0.0,2000.0,10.0,2000.5,1.0,2035.5,1.0,,0.0,,0.0,958.0,1.0,956.0,1.0,,0.0,,0.0,,0.0
2023-04-27 22:02:43.25,1682604163250000000,,,,193.0,0.0,0.0,1999.5,1.0,2000.0,10.0,2000.5,1.0,,0.0,,0.0,958.0,1.0,956.0,1.0,,0.0,,0.0,,0.0
2023-04-27 22:02:43.5,1682604163500000000,,,,193.0,0.0,0.0,1999.5,1.0,2000.5,1.0,,0.0,,0.0,,0.0,958.0,1.0,956.0,1.0,,0.0,,0.0,,0.0
2023-04-27 22:02:43.75,1682604163750000000,,,,193.0,0.0,0.0,1999.0,10.0,1999.5,1.0,2000.5,1.0,,0.0,,0.0,958.0,1.0,956.0,1.0,,0.0,,0.0,,0.0
2023-04-27 22:02:59.25,1682604179250000000,,,,193.0,0.0,0.0,1998.5,1.0,1999.0,10.0,1999.5,1.0,,0.0,,0.0,958.0,1.0,956.0,1.0,,0.0,,0.0,,0.0
2023-04-27 22:02:59.5,1682604179500000000,,,,193.0,0.0,0.0,1998.5,1.0,1999.5,1.0,,0.0,,0.0,,0.0,958.0,1.0,956.0,1.0,,0.0,,0.0,,0.0
2023-04-27 22:02:59.75,1682604179750000000,,,,193.0,0.0,0.0,1998.0,10.0,1998.5,1.0,1999.5,1.0,,0.0,,0.0,958.0,1.0,956.0,1.0,,0.0,,0.0,,0.0
2023-04-27 22:18:12.75,1682605092750000000,,,,193.0,0.0,0.0,1996.5,1.0,1998.0,10.0,1998.5,1.0,1999.5,1.0,,0.0,959.5,1.0,958.0,1.0,956.0,1.0,,0.0,,0.0
2023-04-27 22:18:13.0,1682605093000000000,,,,193.0,0.0,0.0,1996.5,1.0,1998.5,1.0,1999.5,1.0,,0.0,,0.0,959.5,1.0,958.0,1.0,956.0,1.0,,0.0,,0.0
2023-04-27 22:18:13.25,1682605093250000000,,,,193.0,0.0,0.0,1996.0,10.0,1996.5,1.0,1998.5,1.0,1999.5,1.0,,0.0,959.5,1.0,958.0,1.0,956.0,1.0,,0.0,,0.0
2023-04-27 22:18:13.5,1682605093500000000,,,,193.0,0.0,0.0,1994.5,1.0,1996.0,10.0,1998.5,1.0,1999.5,1.0,,0.0,959.5,1.0,958.0,1.0,956.0,1.0,,0.0,,0.0
2023-04-27 22:18:13.75,1682605093750000000,,,,193.0,0.0,0.0,1994.5,1.0,1998.5,1.0,1999.5,1.0,,0.0,,0.0,959.5,1.0,958.0,1.0,956.0,1.0,,0.0,,0.0
2023-04-27 22:18:14.0,1682605094000000000,,,,193.0,0.0,0.0,1994.0,10.0,1994.5,1.0,1998.5,1.0,1999.5,1.0,,0.0,959.5,1.0,958.0,1.0,956.0,1.0,,0.0,,0.0
2023-04-27 22:18:14.5,1682605094500000000,,,,193.0,0.0,0.0,1992.5,1.0,1994.0,10.0,1998.5,1.0,1999.5,1.0,,0.0,959.5,1.0,958.0,1.0,956.0,1.0,,0.0,,0.0
2023-04-27 22:18:14.75,1682605094750000000,,,,193.0,0.0,0.0,1992.5,1.0,1998.5,1.0,1999.5,1.0,,0.0,,0.0,959.5,1.0,958.0,1.0,956.0,1.0,,0.0,,0.0
2023-04-27 22:18:15.0,1682605095000000000,,,,193.0,0.0,0.0,1992.0,10.0,1992.5,1.0,1998.5,1.0,1999.5,1.0,,0.0,959.5,1.0,958.0,1.0,956.0,1.0,,0.0,,0.0
2023-04-27 22:18:15.5,1682605095500000000,,,,193.0,0.0,0.0,1990.5,1.0,1992.0,10.0,1998.5,1.0,1999.5,1.0,,0.0,959.5,1.0,958.0,1.0,956.0,1.0,,0.0,,0.0
2023-04-27 22:18:15.75,1682605095750000000,,,,193.0,0.0,0.0,1990.5,1.0,1998.5,1.0,1999.5,1.0,,0.0,,0.0,959.5,1.0,958.0,1.0,956.0,1.0,,0.0,,0.0
2023-04-27 22:18:16.0,1682605096000000000,,,,193.0,0.0,0.0,1990.0,10.0,1990.5,1.0,1998.5,1.0,1999.5,1.0,,0.0,959.5,1.0,958.0,1.0,956.0,1.0,,0.0,,0.0
2023-04-27 22:18:16.5,1682605096500000000,,,,193.0,0.0,0.0,1988.5,1.0,1990.0,10.0,1998.5,1.0,1999.5,1.0,,0.0,959.5,1.0,958.0,1.0,956.0,1.0,,0.0,,0.0
2023-04-27 22:18:16.75,1682605096750000000,,,,193.0,0.0,0.0,1988.5,1.0,1998.5,1.0,1999.5,1.0,,0.0,,0.0,959.5,1.0,958.0,1.0,956.0,1.0,,0.0,,0.0
2023-04-27 22:18:17.0,1682605097000000000,,,,193.0,0.0,0.0,1988.0,10.0,1988.5,1.0,1998.5,1.0,1999.5,1.0,,0.0,959.5,1.0,958.0,1.0,956.0,1.0,,0.0,,0.0
2023-04-27 22:18:17.5,1682605097500000000,,,,193.0,0.0,0.0,1986.5,1.0,1988.0,10.0,1998.5,1.0,1999.5,1.0,,0.0,959.5,1.0,958.0,1.0,956.0,1.0,,0.0,,0.0
2023-04-27 22:18:17.75,1682605097750000000,,,,193.0,0.0,0.0,1986.5,1.0,1998.5,1.0,1999.5,1.0,,0.0,,0.0,959.5,1.0,958.0,1.0,956.0,1.0,,0.0,,0.0
2023-04-27 22:18:18.0,1682605098000000000,,,,193.0,0.0,0.0,1986.0,10.0,1986.5,1.0,1998.5,1.0,1999.5,1.0,,0.0,959.5,1.0,958.0,1.0,956.0,1.0,,0.0,,0.0
2023-04-27 22:18:18.5,1682605098500000000,,,,193.0,0.0,0.0,1984.5,1.0,1986.0,10.0,1998.5,1.0,1999.5,1.0,,0.0,959.5,1.0,958.0,1.0,956.0,1.0,,0.0,,0.0
2023-04-27 22:18:18.75,1682605098750000000,,,,193.0,0.0,0.0,1984.5,1.0,1998.5,1.0,1999.5,1.0,,0.0,,0.0,959.5,1.0,958.0,1.0,956.0,1.0,,0.0,,0.0
2023-04-27 22:18:19.0,1682605099000000000,,,,193.0,0.0,0.0,1984.0,10.0,1984.5,1.0,1998.5,1.0,1999.5,1.0,,0.0,959.5,1.0,958.0,1.0,956.0,1.0,,0.0,,0.0
2023-04-27 22:18:19.5,1682605099500000000,,,,193.0,0.0,0.0,1982.5,1.0,1984.0,10.0,1998.5,1.0,1999.5,1.0,,0.0,959.5,1.0,958.0,1.0,956.0,1.0,,0.0,,0.0
2023-04-27 22:18:19.75,1682605099750000000,,,,193.0,0.0,0.0,1982.5,1.0,1998.5,1.0,1999.5,1.0,,0.0,,0.0,959.5,1.0,958.0,1.0,956.0,1.0,,0.0,,0.0
2023-04-27 22:18:20.0,1682605100000000000,,,,193.0,0.0,0.0,1982.0,10.0,1982.5,1.0,1998.5,1.0,1999.5,1.0,,0.0,959.5,1.0,958.0,1.0,956.0,1.0,,0.0,,0.0
2023-04-27 22:18:20.5,1682605100500000000,,,,193.0,0.0,0.0,1980.5,1.0,1982.0,10.0,1998.5,1.0,1999.5,1.0,,0.0,959.5,1.0,958.0,1.0,956.0,1.0,,0.0,,0.0
2023-04-27 22:18:20.75,1682605100750000000,,,,193.0,0.0,0.0,1980.5,1.0,1998.5,1.0,1999.5,1.0,,0.0,,0.0,959.5,1.0,958.0,1.0,956.0,1.0,,0.0,,0.0
2023-04-27 22:18:21.0,1682605101000000000,,,,193.0,0.0,0.0,1980.0,10.0,1980.5,1.0,1998.5,1.0,1999.5,1.0,,0.0,959.5,1.0,958.0,1.0,956.0,1.0,,0.0,,0.0
2023-04-27 22:18:21.5,1682605101500000000,,,,193.0,0.0,0.0,1980.0,10.0,1998.5,1.0,1999.5,1.0,,0.0,,0.0,959.5,1.0,958.0,1.0,956.0,1.0,,0.0,,0.0
2023-04-27 22:57:36.0,1682607456000000000,,,,193.0,0.0,0.0,1998.5,1.0,1999.5,1.0,,0.0,,0.0,,0.0,959.5,1.0,958.0,1.0,956.0,1.0,,0.0,,0.0
2023-04-27 22:59:26.25,1682607566250000000,,,,193.0,0.0,0.0,1998.0,10.0,1998.5,1.0,1999.5,1.0,,0.0,,0.0,959.5,1.0,958.0,1.0,956.0,1.0,,0.0,,0.0
2023-04-27 22:59:40.75,1682607580750000000,,,,193.0,0.0,0.0,1998.0,10.0,1998.5,1.0,1999.5,1.0,,0.0,,0.0,958.0,1.0,956.0,1.0,,0.0,,0.0,,0.0
2023-04-27 22:59:59.75,1682607599750000000,,,,193.0,0.0,0.0,1998.5,1.0,1999.5,1.0,,0.0,,0.0,,0.0,958.0,1.0,956.0,1.0,,0.0,,0.0,,0.0
2023-04-28 08:55:00.0,1682643300000000000,,,,193.0,0.0,0.0,1998.5,1.0,1999.5,1.0,,0.0,,0.0,,0.0,958.0,1.0,956.0,1.0,,0.0,,0.0,,0.0
2023-04-28 09:00:11.5,1682643611500000000,,,,193.0,0.0,0.0,1997.0,1.0,1998.5,1.0,1999.5,1.0,,0.0,,0.0,959.5,1.0,958.0,1.0,956.0,1.0,,0.0,,0.0
2023-04-28 09:01:10.75,1682643670750000000,,,,193.0,0.0,0.0,1996.5,10.0,1997.0,1.0,1998.5,1.0,1999.5,1.0,,0.0,959.5,1.0,958.0,1.0,956.0,1.0,,0.0,,0.0
2023-04-28 09:01:11.0,1682643671000000000,,,,193.0,0.0,0.0,1995.0,1.0,1996.5,10.0,1998.5,1.0,1999.5,1.0,,0.0,959.5,1.0,958.0,1.0,956.0,1.0,,0.0,,0.0
2023-04-28 09:01:11.25,1682643671250000000,,,,193.0,0.0,0.0,1994.5,10.0,1995.0,1.0,1998.5,1.0,1999.5,1.0,,0.0,959.5,1.0,958.0,1.0,956.0,1.0,,0.0,,0.0
2023-04-28 09:01:11.5,1682643671500000000,,,,193.0,0.0,0.0,1994.5,10.0,1998.5,1.0,1999.5,1.0,,0.0,,0.0,959.5,1.0,958.0,1.0,956.0,1.0,,0.0,,0.0
2023-04-28 09:01:13.75,1682643673750000000,,,,193.0,0.0,0.0,1993.0,1.0,1994.5,10.0,1998.5,1.0,1999.5,1.0,,0.0,959.5,1.0,958.0,1.0,956.0,1.0,,0.0,,0.0
2023-04-28 09:01:14.0,1682643674000000000,,,,193.0,0.0,0.0,1993.0,1.0,1998.5,1.0,1999.5,1.0,,0.0,,0.0,959.5,1.0,958.0,1.0,956.0,1.0,,0.0,,0.0
2023-04-28 09:01:14.25,1682643674250000000,,,,193.0,0.0,0.0,1992.5,10.0,1993.0,1.0,1998.5,1.0,1999.5,1.0,,0.0,959.5,1.0,958.0,1.0,956.0,1.0,,0.0,,0.0
2023-04-28 09:01:14.75,1682643674750000000,,,,193.0,0.0,0.0,1992.5,10.0,1998.5,1.0,1999.5,1.0,,0.0,,0.0,959.5,1.0,958.0,1.0,956.0,1.0,,0.0,,0.0
2023-04-28 09:01:16.5,1682643676500000000,,,,193.0,0.0,0.0,1991.0,1.0,1992.5,10.0,1998.5,1.0,1999.5,1.0,,0.0,959.5,1.0,958.0,1.0,956.0,1.0,,0.0,,0.0
2023-04-28 09:01:16.75,1682643676750000000,,,,193.0,0.0,0.0,1991.0,1.0,1998.5,1.0,1999.5,1.0,,0.0,,0.0,959.5,1.0,958.0,1.0,956.0,1.0,,0.0,,0.0
2023-04-28 09:01:17.0,1682643677000000000,,,,193.0,0.0,0.0,1990.5,10.0,1991.0,1.0,1998.5,1.0,1999.5,1.0,,0.0,959.5,1.0,958.0,1.0,956.0,1.0,,0.0,,0.0
2023-04-28 09:01:17.5,1682643677500000000,,,,193.0,0.0,0.0,1989.0,1.0,1990.5,10.0,1998.5,1.0,1999.5,1.0,,0.0,959.5,1.0,958.0,1.0,956.0,1.0,,0.0,,0.0
2023-04-28 09:01:17.75,1682643677750000000,,,,193.0,0.0,0.0,1989.0,1.0,1998.5,1.0,1999.5,1.0,,0.0,,0.0,959.5,1.0,958.0,1.0,956.0,1.0,,0.0,,0.0
2023-04-28 09:01:18.0,1682643678000000000,,,,193.0,0.0,0.0,1988.5,10.0,1989.0,1.0,1998.5,1.0,1999.5,1.0,,0.0,959.5,1.0,958.0,1.0,956.0,1.0,,0.0,,0.0
2023-04-28 09:01:18.5,1682643678500000000,,,,193.0,0.0,0.0,1987.0,1.0,1988.5,10.0,1998.5,1.0,1999.5,1.0,,0.0,959.5,1.0,958.0,1.0,956.0,1.0,,0.0,,0.0
2023-04-28 09:01:18.75,1682643678750000000,,,,193.0,0.0,0.0,1987.0,1.0,1998.5,1.0,1999.5,1.0,,0.0,,0.0,959.5,1.0,958.0,1.0,956.0,1.0,,0.0,,0.0
2023-04-28 09:01:19.0,1682643679000000000,,,,193.0,0.0,0.0,1986.5,10.0,1987.0,1.0,1998.5,1.0,1999.5,1.0,,0.0,959.5,1.0,958.0,1.0,956.0,1.0,,0.0,,0.0
2023-04-28 09:01:19.5,1682643679500000000,,,,193.0,0.0,0.0,1986.5,10.0,1998.5,1.0,1999.5,1.0,,0.0,,0.0,959.5,1.0,958.0,1.0,956.0,1.0,,0.0,,0.0
2023-04-28 09:01:21.5,1682643681500000000,,,,193.0,0.0,0.0,1985.0,1.0,1986.5,10.0,1998.5,1.0,1999.5,1.0,,0.0,959.5,1.0,958.0,1.0,956.0,1.0,,0.0,,0.0
2023-04-28 09:01:21.75,1682643681750000000,,,,193.0,0.0,0.0,1985.0,1.0,1998.5,1.0,1999.5,1.0,,0.0,,0.0,959.5,1.0,958.0,1.0,956.0,1.0,,0.0,,0.0
2023-04-28 09:01:22.0,1682643682000000000,,,,193.0,0.0,0.0,1984.5,10.0,1985.0,1.0,1998.5,1.0,1999.5,1.0,,0.0,959.5,1.0,958.0,1.0,956.0,1.0,,0.0,,0.0
2023-04-28 09:01:22.5,1682643682500000000,,,,193.0,0.0,0.0,1983.0,1.0,1984.5,10.0,1998.5,1.0,1999.5,1.0,,0.0,959.5,1.0,958.0,1.0,956.0,1.0,,0.0,,0.0
2023-04-28 09:01:22.75,1682643682750000000,,,,193.0,0.0,0.0,1983.0,1.0,1998.5,1.0,1999.5,1.0,,0.0,,0.0,959.5,1.0,958.0,1.0,956.0,1.0,,0.0,,0.0
2023-04-28 09:01:23.0,1682643683000000000,,,,193.0,0.0,0.0,1982.5,10.0,1983.0,1.0,1998.5,1.0,1999.5,1.0,,0.0,959.5,1.0,958.0,1.0,956.0,1.0,,0.0,,0.0
2023-04-28 09:01:23.5,1682643683500000000,,,,193.0,0.0,0.0,1982.5,10.0,1998.5,1.0,1999.5,1.0,,0.0,,0.0,959.5,1.0,958.0,1.0,956.0,1.0,,0.0,,0.0
2023-04-28 09:01:25.5,1682643685500000000,,,,193.0,0.0,0.0,1981.0,1.0,1982.5,10.0,1998.5,1.0,1999.5,1.0,,0.0,959.5,1.0,958.0,1.0,956.0,1.0,,0.0,,0.0
2023-04-28 09:01:25.75,1682643685750000000,,,,193.0,0.0,0.0,1981.0,1.0,1998.5,1.0,1999.5,1.0,,0.0,,0.0,959.5,1.0,958.0,1.0,956.0,1.0,,0.0,,0.0
2023-04-28 09:01:26.0,1682643686000000000,,,,193.0,0.0,0.0,1980.5,10.0,1981.0,1.0,1998.5,1.0,1999.5,1.0,,0.0,959.5,1.0,958.0,1.0,956.0,1.0,,0.0,,0.0
2023-04-28 09:01:26.5,1682643686500000000,,,,193.0,0.0,0.0,1980.5,10.0,1998.5,1.0,1999.5,1.0,,0.0,,0.0,959.5,1.0,958.0,1.0,956.0,1.0,,0.0,,0.0
2023-04-28 09:01:29.5,1682643689500000000,,,,193.0,0.0,0.0,1979.0,1.0,1980.5,10.0,1998.5,1.0,1999.5,1.0,,0.0,959.5,1.0,958.0,1.0,956.0,1.0,,0.0,,0.0
2023-04-28 09:01:29.75,1682643689750000000,,,,193.0,0.0,0.0,1979.0,1.0,1998.5,1.0,1999.5,1.0,,0.0,,0.0,959.5,1.0,958.0,1.0,956.0,1.0,,0.0,,0.0
2023-04-28 09:01:30.0,1682643690000000000,,,,193.0,0.0,0.0,1978.5,10.0,1979.0,1.0,1998.5,1.0,1999.5,1.0,,0.0,959.5,1.0,958.0,1.0,956.0,1.0,,0.0,,0.0
2023-04-28 09:01:30.5,1682643690500000000,,,,193.0,0.0,0.0,1977.0,1.0,1978.5,10.0,1998.5,1.0,1999.5,1.0,,0.0,959.5,1.0,958.0,1.0,956.0,1.0,,0.0,,0.0
2023-04-28 09:01:30.75,1682643690750000000,,,,193.0,0.0,0.0,1977.0,1.0,1998.5,1.0,1999.5,1.0,,0.0,,0.0,959.5,1.0,958.0,1.0,956.0,1.0,,0.0,,0.0
2023-04-28 09:01:31.0,1682643691000000000,,,,193.0,0.0,0.0,1976.5,10.0,1977.0,1.0,1998.5,1.0,1999.5,1.0,,0.0,959.5,1.0,958.0,1.0,956.0,1.0,,0.0,,0.0
2023-04-28 09:01:31.5,1682643691500000000,,,,193.0,0.0,0.0,1976.5,10.0,1998.5,1.0,1999.5,1.0,,0.0,,0.0,959.5,1.0,958.0,1.0,956.0,1.0,,0.0,,0.0
2023-04-28 09:01:35.5,1682643695500000000,,,,193.0,0.0,0.0,1975.0,1.0,1976.5,10.0,1998.5,1.0,1999.5,1.0,,0.0,959.5,1.0,958.0,1.0,956.0,1.0,,0.0,,0.0
2023-04-28 09:01:35.75,1682643695750000000,,,,193.0,0.0,0.0,1975.0,1.0,1998.5,1.0,1999.5,1.0,,0.0,,0.0,959.5,1.0,958.0,1.0,956.0,1.0,,0.0,,0.0
2023-04-28 09:01:36.0,1682643696000000000,,,,193.0,0.0,0.0,1974.5,10.0,1975.0,1.0,1998.5,1.0,1999.5,1.0,,0.0,959.5,1.0,958.0,1.0,956.0,1.0,,0.0,,0.0
2023-04-28 09:01:36.5,1682643696500000000,,,,193.0,0.0,0.0,1973.0,1.0,1974.5,10.0,1998.5,1.0,1999.5,1.0,,0.0,959.5,1.0,958.0,1.0,956.0,1.0,,0.0,,0.0
2023-04-28 09:01:36.75,1682643696750000000,,,,193.0,0.0,0.0,1973.0,1.0,1998.5,1.0,1999.5,1.0,,0.0,,0.0,959.5,1.0,958.0,1.0,956.0,1.0,,0.0,,0.0
2023-04-28 09:01:37.0,1682643697000000000,,,,193.0,0.0,0.0,1972.5,10.0,1973.0,1.0,1998.5,1.0,1999.5,1.0,,0.0,959.5,1.0,958.0,1.0,956.0,1.0,,0.0,,0.0
2023-04-28 09:01:37.5,1682643697500000000,,,,193.0,0.0,0.0,1972.5,10.0,1998.5,1.0,1999.5,1.0,,0.0,,0.0,959.5,1.0,958.0,1.0,956.0,1.0,,0.0,,0.0
2023-04-28 09:01:38.5,1682643698500000000,,,,193.0,0.0,0.0,1971.0,1.0,1972.5,10.0,1998.5,1.0,1999.5,1.0,,0.0,959.5,1.0,958.0,1.0,956.0,1.0,,0.0,,0.0
2023-04-28 09:01:38.75,1682643698750000000,,,,193.0,0.0,0.0,1971.0,1.0,1998.5,1.0,1999.5,1.0,,0.0,,0.0,959.5,1.0,958.0,1.0,956.0,1.0,,0.0,,0.0
2023-04-28 09:01:39.0,1682643699000000000,,,,193.0,0.0,0.0,1970.5,10.0,1971.0,1.0,1998.5,1.0,1999.5,1.0,,0.0,959.5,1.0,958.0,1.0,956.0,1.0,,0.0,,0.0
2023-04-28 09:01:39.5,1682643699500000000,,,,193.0,0.0,0.0,1970.5,10.0,1998.5,1.0,1999.5,1.0,,0.0,,0.0,959.5,1.0,958.0,1.0,956.0,1.0,,0.0,,0.0
