datetime,datetime_nano,highest,last_price,lowest,open_interest,volume,amount,ask_price1,ask_volume1,ask_price2,ask_volume2,ask_price3,ask_volume3,ask_price4,ask_volume4,ask_price5,ask_volume5,bid_price1,bid_volume1,bid_price2,bid_volume2,bid_price3,bid_volume3,bid_price4,bid_volume4,bid_price5,bid_volume5
2023-04-27 20:56:03.0,1682600163000000000,,,,21755.0,0.0,0.0,,0.0,,0.0,,0.0,,0.0,,0.0,,0.0,,0.0,,0.0,,0.0,,0.0
2023-04-27 20:59:00.0,1682600340000000000,,,,21755.0,0.0,0.0,11.5,20.0,12.0,5.0,12.5,39.0,13.0,104.0,13.5,68.0,10.0,40.0,9.0,40.0,8.0,119.0,6.0,21.0,4.0,2.0
2023-04-27 21:00:00.25,1682600400250000000,,,,21755.0,0.0,0.0,11.5,20.0,12.0,7.0,12.5,39.0,13.0,104.0,13.5,68.0,10.0,40.0,9.5,2.0,9.0,42.0,8.5,2.0,8.0,121.0
2023-04-27 21:00:01.25,1682600401250000000,,,,21755.0,0.0,0.0,11.5,20.0,12.0,7.0,12.5,39.0,13.0,104.0,13.5,92.0,10.0,40.0,9.5,2.0,9.0,42.0,8.5,2.0,8.0,121.0
2023-04-27 21:00:01.5,1682600401500000000,10.0,10.0,10.0,21755.0,9.0,900.0,11.5,20.0,12.0,7.0,12.5,39.0,13.0,104.0,13.5,92.0,10.0,31.0,9.5,2.0,9.0,42.0,8.5,2.0,8.0,121.0
2023-04-27 21:00:02.5,1682600402500000000,10.0,10.0,10.0,21755.0,15.0,1500.0,11.5,20.0,12.0,7.0,12.5,39.0,13.0,104.0,13.5,92.0,10.0,25.0,9.5,2.0,9.0,42.0,8.5,2.0,8.0,121.0
2023-04-27 21:00:03.0,1682600403000000000,10.0,10.0,10.0,21755.0,16.0,1600.0,11.5,20.0,12.0,7.0,12.5,39.0,13.0,104.0,13.5,92.0,10.0,24.0,9.5,2.0,9.0,42.0,8.5,2.0,8.0,121.0
2023-04-27 21:00:03.25,1682600403250000000,10.0,10.0,10.0,21755.0,16.0,1600.0,11.5,20.0,12.0,7.0,12.5,39.0,13.0,104.0,13.5,92.0,10.0,25.0,9.5,2.0,9.0,42.0,8.5,2.0,8.0,121.0
2023-04-27 21:00:03.5,1682600403500000000,10.0,10.0,10.0,21774.0,41.0,4100.0,11.5,20.0,12.0,7.0,12.5,39.0,13.0,104.0,13.5,92.0,9.5,2.0,9.0,42.0,8.5,2.0,8.0,121.0,7.5,2.0
2023-04-27 21:00:04.25,1682600404250000000,10.0,9.5,9.5,21772.0,43.0,4290.0,11.5,20.0,12.0,7.0,12.5,39.0,13.0,104.0,13.5,92.0,9.0,92.0,8.5,2.0,8.0,141.0,7.5,2.0,7.0,2.0
2023-04-27 21:00:04.5,1682600404500000000,10.0,9.5,9.5,21772.0,43.0,4290.0,11.0,20.0,11.5,20.0,12.0,7.0,12.5,39.0,13.0,104.0,9.0,92.0,8.5,2.0,8.0,141.0,7.5,2.0,7.0,2.0
2023-04-27 21:00:04.75,1682600404750000000,10.0,9.5,9.5,21772.0,43.0,4290.0,11.5,20.0,12.0,7.0,12.5,39.0,13.0,104.0,13.5,92.0,9.0,92.0,8.5,2.0,8.0,141.0,7.5,2.0,7.0,2.0
2023-04-27 21:00:05.0,1682600405000000000,10.0,9.5,9.5,21772.0,43.0,4290.0,11.0,20.0,11.5,20.0,12.0,7.0,12.5,39.0,13.0,104.0,9.0,92.0,8.5,2.0,8.0,141.0,7.5,2.0,7.0,2.0
2023-04-27 21:00:05.25,1682600405250000000,10.0,9.0,9.0,21772.0,49.0,4830.0,11.5,20.0,12.0,7.0,12.5,39.0,13.0,104.0,13.5,92.0,9.0,86.0,8.5,2.0,8.0,191.0,7.5,2.0,7.0,2.0
2023-04-27 21:00:08.5,1682600408500000000,10.0,9.0,9.0,21772.0,49.0,4830.0,11.5,20.0,12.0,25.0,12.5,39.0,13.0,104.0,13.5,92.0,9.5,18.0,9.0,86.0,8.5,2.0,8.0,191.0,7.5,2.0
2023-04-27 21:00:08.75,1682600408750000000,10.0,9.0,9.0,21772.0,49.0,4830.0,11.0,20.0,11.5,20.0,12.0,25.0,12.5,39.0,13.0,104.0,9.5,18.0,9.0,86.0,8.5,2.0,8.0,191.0,7.5,2.0
2023-04-27 21:00:09.0,1682600409000000000,10.0,9.0,9.0,21772.0,55.0,5370.0,11.0,20.0,11.5,38.0,12.0,7.0,12.5,39.0,13.0,104.0,9.0,104.0,8.5,2.0,8.0,191.0,7.5,2.0,7.0,2.0
2023-04-27 21:00:09.25,1682600409250000000,10.0,9.0,9.0,21778.0,67.0,6450.0,11.5,20.0,12.0,7.0,12.5,39.0,13.0,104.0,13.5,92.0,9.0,74.0,8.5,2.0,8.0,191.0,7.5,2.0,7.0,2.0
2023-04-27 21:00:09.5,1682600409500000000,10.0,9.0,9.0,21778.0,67.0,6450.0,11.0,6.0,11.5,20.0,12.0,7.0,12.5,39.0,13.0,104.0,9.0,74.0,8.5,2.0,8.0,191.0,7.5,2.0,7.0,2.0
2023-04-27 21:00:10.25,1682600410250000000,10.0,9.0,9.0,21778.0,67.0,6450.0,11.0,6.0,11.5,20.0,12.0,7.0,12.5,39.0,13.0,120.0,9.0,74.0,8.5,2.0,8.0,191.0,7.5,2.0,7.0,2.0
2023-04-27 21:00:12.0,1682600412000000000,10.0,9.0,9.0,21778.0,67.0,6450.0,11.0,6.0,11.5,20.0,12.0,7.0,12.5,39.0,13.0,120.0,9.0,75.0,8.5,2.0,8.0,191.0,7.5,2.0,7.0,2.0
2023-04-27 21:00:13.0,1682600413000000000,10.0,9.0,9.0,21778.0,67.0,6450.0,11.0,6.0,11.5,20.0,12.0,7.0,12.5,39.0,13.0,120.0,9.0,78.0,8.5,2.0,8.0,191.0,7.5,2.0,7.0,2.0
2023-04-27 21:00:15.0,1682600415000000000,10.0,9.0,9.0,21778.0,67.0,6450.0,11.0,6.0,12.0,7.0,12.5,39.0,13.0,120.0,13.5,68.0,9.0,78.0,8.5,20.0,8.0,191.0,7.5,2.0,7.0,2.0
2023-04-27 21:00:16.5,1682600416500000000,10.0,9.0,9.0,21778.0,67.0,6450.0,11.0,6.0,12.0,7.0,12.5,39.0,13.0,120.0,13.5,68.0,9.5,1.0,9.0,78.0,8.5,20.0,8.0,191.0,7.5,2.0
2023-04-27 21:00:24.0,1682600424000000000,10.0,9.0,9.0,21778.0,67.0,6450.0,11.0,6.0,12.0,7.0,12.5,57.0,13.0,120.0,13.5,68.0,9.5,19.0,9.0,78.0,8.5,20.0,8.0,191.0,7.5,2.0
2023-04-27 21:00:26.25,1682600426250000000,10.0,9.0,9.0,21778.0,67.0,6450.0,10.5,20.0,11.0,6.0,12.0,7.0,12.5,57.0,13.0,120.0,9.5,19.0,9.0,78.0,8.5,20.0,8.0,191.0,7.5,2.0
2023-04-27 21:00:26.5,1682600426500000000,10.0,9.0,9.0,21778.0,67.0,6450.0,10.5,20.0,11.0,6.0,11.5,18.0,12.0,7.0,12.5,39.0,9.5,1.0,9.0,78.0,8.5,38.0,8.0,191.0,7.5,2.0
2023-04-27 21:00:27.0,1682600427000000000,10.0,9.0,9.0,21778.0,67.0,6450.0,10.5,20.0,11.0,6.0,11.5,18.0,12.0,7.0,12.5,39.0,9.5,1.0,9.0,80.0,8.5,38.0,8.0,191.0,7.5,2.0
2023-04-27 21:00:28.0,1682600428000000000,10.0,9.0,9.0,21778.0,67.0,6450.0,10.5,20.0,11.0,6.0,11.5,18.0,12.0,7.0,12.5,39.0,10.0,1.0,9.5,1.0,9.0,80.0,8.5,38.0,8.0,191.0
2023-04-27 21:00:28.25,1682600428250000000,10.0,9.0,9.0,21778.0,67.0,6450.0,10.5,20.0,11.0,6.0,12.0,7.0,12.5,39.0,13.0,120.0,10.0,1.0,9.5,1.0,9.0,80.0,8.5,20.0,8.0,191.0
2023-04-27 21:00:28.5,1682600428500000000,10.0,10.0,9.0,21778.0,68.0,6550.0,10.5,20.0,11.0,6.0,12.0,7.0,12.5,39.0,13.0,120.0,9.5,1.0,9.0,80.0,8.5,20.0,8.0,191.0,7.5,2.0
2023-04-27 21:00:30.0,1682600430000000000,10.0,10.0,9.0,21778.0,68.0,6550.0,10.5,20.0,11.0,6.0,12.0,7.0,12.5,39.0,13.0,120.0,9.0,79.0,8.5,20.0,8.0,191.0,7.5,2.0,7.0,7.0
2023-04-27 21:00:36.0,1682600436000000000,10.0,10.0,9.0,21778.0,68.0,6550.0,10.5,20.0,11.0,6.0,12.0,7.0,12.5,39.0,13.0,120.0,9.5,1.0,9.0,79.0,8.5,20.0,8.0,191.0,7.5,2.0
2023-04-27 21:00:39.75,1682600439750000000,10.0,10.0,9.0,21778.0,68.0,6550.0,10.5,20.0,11.0,6.0,12.0,7.0,12.5,39.0,13.0,120.0,9.5,1.0,9.0,80.0,8.5,20.0,8.0,191.0,7.5,2.0
2023-04-27 21:00:41.0,1682600441000000000,10.0,10.0,9.0,21778.0,68.0,6550.0,10.5,20.0,11.0,6.0,12.0,7.0,12.5,39.0,13.0,120.0,9.5,21.0,9.0,80.0,8.5,20.0,8.0,191.0,7.5,2.0
2023-04-27 21:00:41.5,1682600441500000000,10.0,10.0,9.0,21778.0,68.0,6550.0,10.5,20.0,11.0,6.0,12.0,7.0,12.5,39.0,13.0,120.0,9.5,21.0,9.0,130.0,8.5,20.0,8.0,191.0,7.5,2.0
2023-04-27 21:00:47.5,1682600447500000000,10.0,10.0,9.0,21778.0,68.0,6550.0,10.5,21.0,11.0,6.0,12.0,7.0,12.5,39.0,13.0,120.0,9.5,21.0,9.0,130.0,8.5,20.0,8.0,191.0,7.5,2.0
2023-04-27 21:00:47.75,1682600447750000000,10.0,10.0,9.0,21778.0,68.0,6550.0,10.5,21.0,11.0,6.0,12.0,7.0,12.5,39.0,13.0,120.0,9.5,39.0,9.0,130.0,8.5,20.0,8.0,191.0,7.5,2.0
2023-04-27 21:00:48.0,1682600448000000000,10.0,10.0,9.0,21778.0,68.0,6550.0,10.0,6.0,10.5,21.0,11.0,6.0,12.0,7.0,12.5,39.0,9.5,39.0,9.0,130.0,8.5,20.0,8.0,191.0,7.5,2.0
2023-04-27 21:00:50.25,1682600450250000000,10.0,10.0,9.0,21778.0,68.0,6550.0,10.0,6.0,10.5,21.0,11.0,6.0,12.0,7.0,12.5,39.0,9.5,40.0,9.0,130.0,8.5,20.0,8.0,191.0,7.5,2.0
2023-04-27 21:00:53.75,1682600453750000000,10.0,10.0,9.0,21778.0,68.0,6550.0,10.0,6.0,10.5,21.0,12.0,7.0,12.5,39.0,13.0,120.0,9.5,40.0,9.0,130.0,8.5,20.0,8.0,191.0,7.5,2.0
2023-04-27 21:00:55.0,1682600455000000000,10.0,10.0,9.0,21778.0,68.0,6550.0,10.0,6.0,10.5,21.0,11.5,20.0,12.0,7.0,12.5,39.0,9.5,40.0,9.0,130.0,8.5,20.0,8.0,191.0,7.5,2.0
2023-04-27 21:00:57.5,1682600457500000000,10.0,10.0,9.0,21778.0,68.0,6550.0,10.0,6.0,10.5,21.0,11.5,20.0,12.0,7.0,12.5,39.0,9.5,50.0,9.0,130.0,8.5,20.0,8.0,191.0,7.5,2.0
2023-04-27 21:00:57.75,1682600457750000000,10.0,10.0,9.0,21778.0,68.0,6550.0,10.0,6.0,10.5,21.0,11.5,20.0,12.0,7.0,12.5,39.0,9.5,50.0,9.0,140.0,8.5,20.0,8.0,191.0,7.5,2.0
2023-04-27 21:01:00.0,1682600460000000000,10.0,10.0,9.0,21778.0,68.0,6550.0,10.0,6.0,10.5,21.0,11.5,20.0,12.0,7.0,12.5,39.0,9.5,50.0,9.0,240.0,8.5,20.0,8.0,191.0,7.5,2.0
2023-04-27 21:01:01.0,1682600461000000000,10.0,9.5,9.0,21778.0,74.0,7120.0,10.0,6.0,10.5,21.0,11.5,20.0,12.0,7.0,12.5,39.0,9.5,44.0,9.0,240.0,8.5,20.0,8.0,191.0,7.5,2.0
2023-04-27 21:01:01.25,1682600461250000000,10.0,9.5,9.0,21778.0,80.0,7690.0,10.0,6.0,10.5,21.0,11.5,20.0,12.0,7.0,12.5,39.0,9.5,38.0,9.0,240.0,8.5,20.0,8.0,191.0,7.5,2.0
2023-04-27 21:01:01.5,1682600461500000000,10.0,9.5,9.0,21778.0,86.0,8260.0,10.0,6.0,10.5,21.0,11.5,20.0,12.0,7.0,12.5,39.0,9.5,32.0,9.0,240.0,8.5,20.0,8.0,191.0,7.5,2.0
2023-04-27 21:01:01.75,1682600461750000000,10.0,10.0,9.0,21778.0,93.0,8930.0,10.0,5.0,10.5,21.0,11.5,20.0,12.0,7.0,12.5,39.0,9.5,26.0,9.0,240.0,8.5,20.0,8.0,191.0,7.5,2.0
2023-04-27 21:01:02.0,1682600462000000000,10.0,9.5,9.0,21778.0,99.0,9500.0,10.0,5.0,10.5,21.0,11.5,20.0,12.0,7.0,12.5,39.0,9.5,20.0,9.0,240.0,8.5,20.0,8.0,191.0,7.5,2.0
2023-04-27 21:01:02.25,1682600462250000000,10.0,9.5,9.0,21778.0,105.0,10070.0,10.0,5.0,10.5,21.0,11.5,20.0,12.0,7.0,12.5,39.0,9.5,14.0,9.0,240.0,8.5,20.0,8.0,191.0,7.5,2.0
2023-04-27 21:01:02.5,1682600462500000000,10.0,9.5,9.0,21778.0,111.0,10640.0,10.0,5.0,10.5,21.0,11.5,20.0,12.0,7.0,12.5,39.0,9.5,8.0,9.0,240.0,8.5,20.0,8.0,191.0,7.5,2.0
2023-04-27 21:01:02.75,1682600462750000000,10.0,9.5,9.0,21778.0,117.0,11210.0,10.0,5.0,10.5,21.0,11.5,20.0,12.0,7.0,12.5,39.0,9.5,2.0,9.0,240.0,8.5,20.0,8.0,191.0,7.5,2.0
2023-04-27 21:01:03.0,1682600463000000000,10.0,9.5,9.0,21778.0,119.0,11400.0,10.0,5.0,10.5,21.0,11.5,20.0,12.0,7.0,12.5,39.0,9.0,240.0,8.5,20.0,8.0,191.0,7.5,2.0,7.0,7.0
2023-04-27 21:01:03.25,1682600463250000000,10.0,9.5,9.0,21778.0,119.0,11400.0,10.0,5.0,10.5,21.0,11.5,20.0,12.0,7.0,12.5,39.0,9.0,243.0,8.5,20.0,8.0,191.0,7.5,2.0,7.0,7.0
2023-04-27 21:01:04.25,1682600464250000000,10.0,9.5,9.0,21778.0,119.0,11400.0,10.0,5.0,10.5,21.0,11.0,9.0,11.5,20.0,12.0,7.0,9.0,243.0,8.5,20.0,8.0,191.0,7.5,2.0,7.0,7.0
2023-04-27 21:01:04.5,1682600464500000000,10.0,9.5,9.0,21778.0,119.0,11400.0,10.0,5.0,10.5,21.0,11.0,9.0,11.5,20.0,12.0,7.0,9.0,247.0,8.5,20.0,8.0,191.0,7.5,2.0,7.0,7.0
2023-04-27 21:01:05.5,1682600465500000000,10.0,9.5,9.0,21778.0,119.0,11400.0,10.0,5.0,10.5,21.0,11.0,9.0,11.5,20.0,12.0,7.0,9.5,9.0,9.0,247.0,8.5,20.0,8.0,191.0,7.5,2.0
2023-04-27 21:01:06.0,1682600466000000000,10.0,10.0,9.0,21773.0,124.0,11900.0,10.5,21.0,11.0,9.0,11.5,20.0,12.0,7.0,12.5,39.0,9.5,9.0,9.0,247.0,8.5,20.0,8.0,191.0,7.5,2.0
2023-04-27 21:01:07.5,1682600467500000000,10.5,10.5,9.0,21773.0,126.0,12110.0,10.5,19.0,11.0,9.0,11.5,20.0,12.0,7.0,12.5,39.0,9.5,9.0,9.0,247.0,8.5,20.0,8.0,191.0,7.5,2.0
2023-04-27 21:01:08.0,1682600468000000000,10.5,10.5,9.0,21773.0,126.0,12110.0,10.5,19.0,11.0,27.0,11.5,20.0,12.0,7.0,12.5,39.0,9.5,9.0,9.0,265.0,8.5,20.0,8.0,191.0,7.5,2.0
2023-04-27 21:01:08.75,1682600468750000000,10.5,10.5,9.0,21773.0,126.0,12110.0,10.5,39.0,11.0,27.0,11.5,20.0,12.0,7.0,12.5,39.0,9.5,9.0,9.0,265.0,8.5,20.0,8.0,191.0,7.5,2.0
2023-04-27 21:01:09.0,1682600469000000000,10.5,9.5,9.0,21767.0,132.0,12680.0,10.5,39.0,11.0,27.0,11.5,20.0,12.0,7.0,12.5,39.0,9.5,3.0,9.0,265.0,8.5,20.0,8.0,191.0,7.5,2.0
2023-04-27 21:01:09.25,1682600469250000000,10.5,9.0,9.0,21764.0,138.0,13235.0,10.5,28.0,11.0,27.0,11.5,20.0,12.0,7.0,12.5,39.0,9.0,271.0,8.5,20.0,8.0,191.0,7.5,2.0,7.0,7.0
2023-04-27 21:01:09.5,1682600469500000000,10.5,9.0,9.0,21764.0,138.0,13235.0,10.5,48.0,11.0,9.0,11.5,20.0,12.0,7.0,12.5,39.0,9.0,258.0,8.5,20.0,8.0,191.0,7.5,2.0,7.0,7.0
2023-04-27 21:01:09.75,1682600469750000000,10.5,9.0,9.0,21764.0,144.0,13775.0,10.5,28.0,11.0,9.0,11.5,20.0,12.0,7.0,12.5,39.0,9.0,252.0,8.5,20.0,8.0,191.0,7.5,2.0,7.0,7.0
2023-04-27 21:01:12.25,1682600472250000000,10.5,9.0,9.0,21764.0,144.0,13775.0,10.0,9.0,10.5,28.0,11.5,20.0,12.0,7.0,12.5,39.0,9.0,252.0,8.5,20.0,8.0,191.0,7.5,2.0,7.0,7.0
2023-04-27 21:01:15.5,1682600475500000000,10.5,9.0,9.0,21764.0,144.0,13775.0,10.0,9.0,10.5,28.0,11.5,20.0,12.0,7.0,12.5,39.0,9.5,15.0,9.0,252.0,8.5,20.0,8.0,191.0,7.5,2.0
2023-04-27 21:01:16.5,1682600476500000000,10.5,9.0,9.0,21764.0,144.0,13775.0,10.0,9.0,10.5,48.0,11.5,20.0,12.0,7.0,12.5,39.0,9.5,15.0,9.0,252.0,8.5,20.0,8.0,191.0,7.5,2.0
2023-04-27 21:01:16.75,1682600476750000000,10.5,10.0,9.0,21766.0,146.0,13975.0,10.0,7.0,10.5,48.0,11.5,20.0,12.0,7.0,12.5,39.0,9.5,15.0,9.0,252.0,8.5,20.0,8.0,191.0,7.5,2.0
2023-04-27 21:01:18.25,1682600478250000000,10.5,10.0,9.0,21766.0,146.0,13975.0,10.0,7.0,10.5,48.0,11.5,20.0,12.0,7.0,12.5,39.0,9.5,17.0,9.0,252.0,8.5,20.0,8.0,191.0,7.5,2.0
2023-04-27 21:01:19.0,1682600479000000000,10.5,10.0,9.0,21766.0,146.0,13975.0,10.0,7.0,10.5,48.0,11.5,20.0,12.0,7.0,12.5,39.0,9.5,22.0,9.0,252.0,8.5,20.0,8.0,191.0,7.5,2.0
2023-04-27 21:01:19.5,1682600479500000000,10.5,10.0,9.0,21766.0,146.0,13975.0,10.0,7.0,10.5,48.0,11.0,20.0,11.5,20.0,12.0,7.0,9.5,22.0,9.0,302.0,8.5,20.0,8.0,191.0,7.5,2.0
2023-04-27 21:01:22.25,1682600482250000000,10.5,10.0,9.0,21766.0,146.0,13975.0,10.0,7.0,10.5,48.0,11.0,20.0,11.5,20.0,12.0,7.0,9.5,22.0,9.0,293.0,8.5,20.0,8.0,191.0,7.5,2.0
2023-04-27 21:01:23.25,1682600483250000000,10.5,10.0,9.0,21766.0,146.0,13975.0,10.0,7.0,10.5,48.0,11.0,20.0,11.5,20.0,12.0,7.0,9.5,22.0,9.0,293.0,8.5,29.0,8.0,191.0,7.5,2.0
2023-04-27 21:01:23.5,1682600483500000000,10.5,10.0,9.0,21766.0,146.0,13975.0,10.0,11.0,10.5,48.0,11.0,20.0,11.5,20.0,12.0,7.0,9.5,22.0,9.0,293.0,8.5,29.0,8.0,191.0,7.5,2.0
2023-04-27 21:01:26.0,1682600486000000000,10.5,10.0,9.0,21766.0,146.0,13975.0,10.0,11.0,10.5,48.0,11.0,20.0,11.5,20.0,12.0,7.0,9.5,22.0,9.0,302.0,8.5,29.0,8.0,191.0,7.5,2.0
2023-04-27 21:01:26.25,1682600486250000000,10.5,10.0,9.0,21766.0,146.0,13975.0,10.0,11.0,10.5,48.0,11.0,20.0,11.5,20.0,12.0,2.0,9.5,22.0,9.0,302.0,8.5,29.0,8.0,191.0,7.5,2.0
2023-04-27 21:01:27.5,1682600487500000000,10.5,10.0,9.0,21766.0,146.0,13975.0,10.0,11.0,10.5,48.0,11.0,20.0,11.5,20.0,12.0,2.0,9.5,52.0,9.0,302.0,8.5,29.0,8.0,191.0,7.5,2.0
2023-04-27 21:01:30.25,1682600490250000000,10.5,10.0,9.0,21766.0,146.0,13975.0,10.0,11.0,10.5,48.0,11.0,20.0,11.5,21.0,12.0,2.0,9.5,52.0,9.0,302.0,8.5,29.0,8.0,191.0,7.5,2.0
2023-04-27 21:01:32.75,1682600492750000000,10.5,10.0,9.0,21766.0,146.0,13975.0,10.0,4.0,10.5,48.0,11.0,20.0,11.5,21.0,12.0,2.0,9.5,52.0,9.0,302.0,8.5,29.0,8.0,191.0,7.5,2.0
2023-04-27 21:01:34.25,1682600494250000000,10.5,10.0,9.0,21766.0,146.0,13975.0,10.0,22.0,10.5,48.0,11.0,20.0,11.5,21.0,12.0,2.0,9.5,52.0,9.0,321.0,8.5,29.0,8.0,191.0,7.5,2.0
2023-04-27 21:01:34.5,1682600494500000000,10.5,10.0,9.0,21766.0,146.0,13975.0,10.0,13.0,10.5,48.0,11.0,20.0,11.5,21.0,12.0,2.0,9.5,52.0,9.0,303.0,8.5,29.0,8.0,191.0,7.5,2.0
2023-04-27 21:01:35.25,1682600495250000000,10.5,10.0,9.0,21775.0,159.0,15275.0,10.5,48.0,11.0,20.0,11.5,21.0,12.0,2.0,12.5,39.0,10.0,17.0,9.5,52.0,9.0,303.0,8.5,29.0,8.0,191.0
2023-04-27 21:01:35.5,1682600495500000000,10.5,10.0,9.0,21775.0,159.0,15275.0,10.5,48.0,11.0,20.0,11.5,21.0,12.0,2.0,12.5,39.0,10.0,17.0,9.5,81.0,9.0,303.0,8.5,20.0,8.0,191.0
2023-04-27 21:01:40.0,1682600500000000000,10.5,10.0,9.0,21775.0,159.0,15275.0,10.5,48.0,11.0,20.0,11.5,21.0,12.0,2.0,12.5,39.0,10.0,17.0,9.5,81.0,9.0,303.0,8.5,40.0,8.0,191.0
2023-04-27 21:01:41.25,1682600501250000000,10.5,10.0,9.0,21775.0,159.0,15275.0,10.5,48.0,11.0,20.0,11.5,21.0,12.0,2.0,12.5,39.0,10.0,18.0,9.5,81.0,9.0,303.0,8.5,40.0,8.0,191.0
2023-04-27 21:01:42.5,1682600502500000000,10.5,10.0,9.0,21775.0,159.0,15275.0,10.5,48.0,11.0,20.0,11.5,21.0,12.0,2.0,12.5,39.0,10.0,18.0,9.5,131.0,9.0,253.0,8.5,40.0,8.0,191.0
2023-04-27 21:01:42.75,1682600502750000000,10.5,10.0,9.0,21775.0,159.0,15275.0,10.5,48.0,11.0,20.0,11.5,21.0,12.0,2.0,12.5,39.0,10.0,28.0,9.5,131.0,9.0,253.0,8.5,40.0,8.0,191.0
2023-04-27 21:01:44.75,1682600504750000000,10.5,10.0,9.0,21775.0,159.0,15275.0,10.5,39.0,11.0,20.0,11.5,30.0,12.0,2.0,12.5,39.0,10.0,28.0,9.5,132.0,9.0,253.0,8.5,40.0,8.0,191.0
2023-04-27 21:01:46.25,1682600506250000000,10.5,10.5,9.0,21775.0,174.0,16850.0,10.5,24.0,11.0,20.0,11.5,30.0,12.0,2.0,12.5,39.0,10.0,28.0,9.5,132.0,9.0,253.0,8.5,40.0,8.0,191.0
2023-04-27 21:01:46.5,1682600506500000000,10.5,10.5,9.0,21775.0,174.0,16850.0,10.5,24.0,11.0,20.0,11.5,30.0,12.0,2.0,12.5,39.0,10.0,37.0,9.5,132.0,9.0,244.0,8.5,40.0,8.0,191.0
2023-04-27 21:01:49.25,1682600509250000000,10.5,10.5,9.0,21775.0,181.0,17555.0,10.5,23.0,11.0,20.0,11.5,30.0,12.0,2.0,12.5,39.0,10.0,31.0,9.5,132.0,9.0,244.0,8.5,40.0,8.0,191.0
2023-04-27 21:01:49.5,1682600509500000000,10.5,10.0,9.0,21775.0,187.0,18155.0,10.5,23.0,11.0,20.0,11.5,30.0,12.0,2.0,12.5,39.0,10.0,25.0,9.5,132.0,9.0,244.0,8.5,40.0,8.0,191.0
2023-04-27 21:01:49.75,1682600509750000000,10.5,10.0,9.0,21775.0,193.0,18755.0,10.5,23.0,11.0,29.0,11.5,30.0,12.0,2.0,12.5,39.0,10.0,19.0,9.5,132.0,9.0,244.0,8.5,40.0,8.0,191.0
2023-04-27 21:01:51.25,1682600511250000000,10.5,10.0,9.0,21775.0,193.0,18755.0,10.5,23.0,11.0,29.0,11.5,30.0,12.0,2.0,12.5,39.0,10.0,19.0,9.5,117.0,9.0,244.0,8.5,40.0,8.0,191.0
2023-04-27 21:01:52.5,1682600512500000000,10.5,10.0,9.0,21775.0,193.0,18755.0,10.5,23.0,11.0,29.0,11.5,30.0,12.0,2.0,12.5,39.0,10.0,19.0,9.5,125.0,9.0,244.0,8.5,40.0,8.0,191.0
2023-04-27 21:01:53.75,1682600513750000000,10.5,10.0,9.0,21775.0,193.0,18755.0,10.5,23.0,11.0,20.0,11.5,30.0,12.0,2.0,12.5,39.0,10.0,19.0,9.5,125.0,9.0,244.0,8.5,40.0,8.0,191.0
2023-04-27 21:01:56.25,1682600516250000000,10.5,10.5,9.0,21775.0,194.0,18860.0,10.5,22.0,11.0,20.0,11.5,30.0,12.0,2.0,12.5,39.0,10.0,19.0,9.5,125.0,9.0,244.0,8.5,40.0,8.0,191.0
2023-04-27 21:01:56.5,1682600516500000000,10.5,10.0,9.0,21775.0,200.0,19460.0,10.5,22.0,11.0,20.0,11.5,30.0,12.0,2.0,12.5,39.0,10.0,13.0,9.5,125.0,9.0,244.0,8.5,40.0,8.0,191.0
2023-04-27 21:01:57.0,1682600517000000000,10.5,10.0,9.0,21775.0,206.0,20060.0,10.5,22.0,11.0,20.0,11.5,30.0,12.0,2.0,12.5,39.0,10.0,7.0,9.5,125.0,9.0,244.0,8.5,40.0,8.0,191.0
2023-04-27 21:01:57.25,1682600517250000000,10.5,10.0,9.0,21775.0,212.0,20660.0,10.5,22.0,11.0,20.0,11.5,30.0,12.0,2.0,12.5,39.0,10.0,1.0,9.5,125.0,9.0,244.0,8.5,40.0,8.0,191.0
2023-04-27 21:01:58.0,1682600518000000000,10.5,10.0,9.0,21775.0,212.0,20660.0,10.5,22.0,11.0,20.0,11.5,30.0,12.0,2.0,12.5,39.0,10.0,1.0,9.5,125.0,9.0,254.0,8.5,40.0,8.0,191.0
2023-04-27 21:02:01.5,1682600521500000000,10.5,10.5,9.0,21775.0,213.0,20765.0,10.5,21.0,11.0,20.0,11.5,30.0,12.0,2.0,12.5,39.0,10.0,1.0,9.5,125.0,9.0,254.0,8.5,40.0,8.0,191.0
2023-04-27 21:02:02.75,1682600522750000000,10.5,10.5,9.0,21775.0,213.0,20765.0,10.5,21.0,11.0,29.0,11.5,30.0,12.0,2.0,12.5,39.0,10.0,1.0,9.5,125.0,9.0,254.0,8.5,40.0,8.0,191.0
2023-04-27 21:02:05.0,1682600525000000000,10.5,10.5,9.0,21775.0,213.0,20765.0,10.5,21.0,11.0,29.0,11.5,30.0,12.0,2.0,12.5,39.0,10.0,4.0,9.5,125.0,9.0,254.0,8.5,40.0,8.0,191.0
2023-04-27 21:02:06.25,1682600526250000000,10.5,10.5,9.0,21775.0,213.0,20765.0,10.5,21.0,11.0,47.0,11.5,30.0,12.0,2.0,12.5,39.0,10.0,4.0,9.5,143.0,9.0,254.0,8.5,40.0,8.0,191.0
2023-04-27 21:02:06.5,1682600526500000000,10.5,10.5,9.0,21775.0,213.0,20765.0,10.5,21.0,11.0,29.0,11.5,30.0,12.0,2.0,12.5,39.0,10.0,4.0,9.5,125.0,9.0,254.0,8.5,40.0,8.0,191.0
2023-04-27 21:02:09.25,1682600529250000000,10.5,10.5,9.0,21775.0,213.0,20765.0,10.5,21.0,11.0,20.0,11.5,30.0,12.0,2.0,12.5,39.0,10.0,4.0,9.5,125.0,9.0,254.0,8.5,40.0,8.0,191.0
2023-04-27 21:02:12.0,1682600532000000000,10.5,10.5,9.0,21775.0,218.0,21290.0,10.5,16.0,11.0,20.0,11.5,30.0,12.0,2.0,12.5,39.0,10.0,4.0,9.5,125.0,9.0,254.0,8.5,40.0,8.0,191.0
2023-04-27 21:02:13.75,1682600533750000000,10.5,10.5,9.0,21775.0,218.0,21290.0,10.5,22.0,11.0,20.0,11.5,30.0,12.0,2.0,12.5,39.0,10.0,4.0,9.5,125.0,9.0,254.0,8.5,40.0,8.0,191.0
2023-04-27 21:02:15.25,1682600535250000000,10.5,10.5,9.0,21775.0,218.0,21290.0,10.5,22.0,11.0,20.0,11.5,30.0,12.0,2.0,12.5,39.0,10.0,14.0,9.5,125.0,9.0,254.0,8.5,40.0,8.0,191.0
2023-04-27 21:02:17.25,1682600537250000000,10.5,10.5,9.0,21775.0,218.0,21290.0,10.5,22.0,11.0,20.0,11.5,30.0,12.0,2.0,12.5,39.0,10.0,24.0,9.5,125.0,9.0,254.0,8.5,40.0,8.0,191.0
2023-04-27 21:02:20.0,1682600540000000000,10.5,10.5,9.0,21775.0,220.0,21500.0,10.5,20.0,11.0,20.0,11.5,30.0,12.0,2.0,12.5,39.0,10.0,24.0,9.5,125.0,9.0,254.0,8.5,40.0,8.0,191.0
2023-04-27 21:02:25.0,1682600545000000000,10.5,10.5,9.0,21775.0,220.0,21500.0,10.5,20.0,11.0,20.0,11.5,30.0,12.0,20.0,12.5,39.0,10.0,24.0,9.5,125.0,9.0,272.0,8.5,40.0,8.0,191.0
2023-04-27 21:02:28.25,1682600548250000000,10.5,10.5,9.0,21775.0,220.0,21500.0,10.5,20.0,11.0,20.0,11.5,48.0,12.0,2.0,12.5,39.0,10.0,24.0,9.5,125.0,9.0,272.0,8.5,40.0,8.0,191.0
2023-04-27 21:02:28.75,1682600548750000000,10.5,10.5,9.0,21775.0,220.0,21500.0,10.5,20.0,11.0,20.0,11.5,30.0,12.0,20.0,12.5,39.0,10.0,24.0,9.5,125.0,9.0,272.0,8.5,40.0,8.0,191.0
2023-04-27 21:02:29.25,1682600549250000000,10.5,10.5,9.0,21775.0,220.0,21500.0,10.5,20.0,11.0,20.0,11.5,30.0,12.0,20.0,12.5,39.0,10.0,29.0,9.5,125.0,9.0,272.0,8.5,40.0,8.0,191.0
2023-04-27 21:02:29.75,1682600549750000000,10.5,10.5,9.0,21775.0,220.0,21500.0,10.5,20.0,11.0,29.0,11.5,30.0,12.0,20.0,12.5,39.0,10.0,29.0,9.5,125.0,9.0,272.0,8.5,40.0,8.0,191.0
2023-04-27 21:02:30.0,1682600550000000000,10.5,10.5,9.0,21775.0,220.0,21500.0,10.5,20.0,11.0,29.0,11.5,48.0,12.0,2.0,12.5,39.0,10.0,29.0,9.5,125.0,9.0,272.0,8.5,40.0,8.0,191.0
2023-04-27 21:02:35.25,1682600555250000000,10.5,10.5,9.0,21775.0,220.0,21500.0,10.5,20.0,11.0,47.0,11.5,30.0,12.0,2.0,12.5,39.0,10.0,29.0,9.5,143.0,9.0,254.0,8.5,40.0,8.0,191.0
2023-04-27 21:02:38.25,1682600558250000000,10.5,10.5,9.0,21775.0,220.0,21500.0,10.5,20.0,11.0,47.0,11.5,30.0,12.0,2.0,12.5,39.0,10.0,29.0,9.5,143.0,9.0,254.0,8.5,40.0,8.0,181.0
2023-04-27 21:02:39.75,1682600559750000000,10.5,10.5,9.0,21775.0,220.0,21500.0,10.5,20.0,11.0,47.0,11.5,30.0,12.0,2.0,12.5,39.0,10.0,29.0,9.5,143.0,9.0,254.0,8.5,40.0,8.0,171.0
2023-04-27 21:02:40.25,1682600560250000000,10.5,10.5,9.0,21775.0,230.0,22550.0,10.5,10.0,11.0,47.0,11.5,30.0,12.0,2.0,12.5,39.0,10.0,29.0,9.5,143.0,9.0,254.0,8.5,40.0,8.0,171.0
2023-04-27 21:02:42.75,1682600562750000000,10.5,10.5,9.0,21775.0,230.0,22550.0,10.5,10.0,11.0,47.0,11.5,30.0,12.0,2.0,12.5,39.0,10.0,28.0,9.5,143.0,9.0,254.0,8.5,40.0,8.0,171.0
2023-04-27 21:02:49.75,1682600569750000000,10.5,10.5,9.0,21775.0,230.0,22550.0,10.5,20.0,11.0,47.0,11.5,30.0,12.0,2.0,12.5,39.0,10.0,28.0,9.5,153.0,9.0,254.0,8.5,40.0,8.0,171.0
2023-04-27 21:02:50.25,1682600570250000000,10.5,10.5,9.0,21775.0,230.0,22550.0,10.5,30.0,11.0,47.0,11.5,30.0,12.0,2.0,12.5,39.0,10.0,28.0,9.5,153.0,9.0,254.0,8.5,50.0,8.0,171.0
2023-04-27 21:02:51.25,1682600571250000000,10.5,10.5,9.0,21775.0,235.0,23075.0,10.5,25.0,11.0,47.0,11.5,30.0,12.0,2.0,12.5,39.0,10.0,28.0,9.5,153.0,9.0,254.0,8.5,50.0,8.0,171.0
2023-04-27 21:02:51.5,1682600571500000000,10.5,10.5,9.0,21775.0,260.0,25700.0,11.0,47.0,11.5,30.0,12.0,2.0,12.5,39.0,13.0,270.0,10.5,25.0,10.0,29.0,9.5,153.0,9.0,254.0,8.5,40.0
2023-04-27 21:02:51.75,1682600571750000000,10.5,10.5,9.0,21775.0,270.0,26750.0,11.0,47.0,11.5,30.0,12.0,2.0,12.5,39.0,13.0,270.0,10.5,15.0,10.0,57.0,9.5,125.0,9.0,254.0,8.5,40.0
2023-04-27 21:02:52.0,1682600572000000000,10.5,10.5,9.0,21775.0,270.0,26750.0,11.0,57.0,11.5,30.0,12.0,2.0,12.5,39.0,13.0,270.0,10.5,15.0,10.0,57.0,9.5,125.0,9.0,254.0,8.5,40.0
2023-04-27 21:02:52.25,1682600572250000000,10.5,10.5,9.0,21775.0,270.0,26750.0,11.0,57.0,11.5,30.0,12.0,2.0,12.5,39.0,13.0,270.0,10.5,15.0,10.0,66.0,9.5,125.0,9.0,254.0,8.5,40.0
2023-04-27 21:02:53.0,1682600573000000000,10.5,10.5,9.0,21775.0,270.0,26750.0,11.0,67.0,11.5,30.0,12.0,2.0,12.5,39.0,13.0,270.0,10.5,15.0,10.0,66.0,9.5,125.0,9.0,254.0,8.5,50.0
2023-04-27 21:02:58.25,1682600578250000000,10.5,10.5,9.0,21775.0,270.0,26750.0,11.0,67.0,11.5,30.0,12.0,2.0,12.5,39.0,13.0,280.0,10.5,31.0,10.0,66.0,9.5,135.0,9.0,254.0,8.5,50.0
2023-04-27 21:02:58.75,1682600578750000000,10.5,10.5,9.0,21775.0,276.0,27380.0,11.0,67.0,11.5,30.0,12.0,2.0,12.5,39.0,13.0,280.0,10.5,25.0,10.0,66.0,9.5,135.0,9.0,254.0,8.5,50.0
2023-04-27 21:02:59.0,1682600579000000000,10.5,10.5,9.0,21775.0,282.0,28010.0,11.0,67.0,11.5,30.0,12.0,2.0,12.5,39.0,13.0,280.0,10.5,19.0,10.0,66.0,9.5,135.0,9.0,254.0,8.5,50.0
2023-04-27 21:02:59.25,1682600579250000000,10.5,10.5,9.0,21775.0,282.0,28010.0,11.0,57.0,11.5,40.0,12.0,2.0,12.5,39.0,13.0,280.0,10.5,19.0,10.0,66.0,9.5,135.0,9.0,254.0,8.5,50.0
2023-04-27 21:02:59.5,1682600579500000000,10.5,10.5,9.0,21775.0,288.0,28640.0,11.0,39.0,11.5,40.0,12.0,2.0,12.5,39.0,13.0,280.0,10.5,13.0,10.0,48.0,9.5,135.0,9.0,254.0,8.5,50.0
2023-04-27 21:02:59.75,1682600579750000000,10.5,10.5,9.0,21775.0,294.0,29270.0,11.0,57.0,11.5,40.0,12.0,2.0,12.5,39.0,13.0,280.0,10.5,7.0,10.0,48.0,9.5,153.0,9.0,254.0,8.5,50.0
2023-04-27 21:03:00.0,1682600580000000000,10.5,10.5,9.0,21775.0,300.0,29900.0,11.0,57.0,11.5,40.0,12.0,2.0,12.5,39.0,13.0,280.0,10.5,1.0,10.0,48.0,9.5,153.0,9.0,254.0,8.5,50.0
2023-04-27 21:03:00.25,1682600580250000000,10.5,10.5,9.0,21775.0,301.0,30005.0,11.0,57.0,11.5,40.0,12.0,2.0,12.5,39.0,13.0,280.0,10.0,48.0,9.5,153.0,9.0,254.0,8.5,50.0,8.0,171.0
2023-04-27 21:03:02.25,1682600582250000000,10.5,10.5,9.0,21775.0,301.0,30005.0,11.0,57.0,11.5,40.0,12.0,2.0,12.5,39.0,13.0,280.0,10.0,47.0,9.5,153.0,9.0,254.0,8.5,50.0,8.0,171.0
2023-04-27 21:03:03.75,1682600583750000000,10.5,10.5,9.0,21775.0,301.0,30005.0,11.0,47.0,11.5,40.0,12.0,2.0,12.5,39.0,13.0,280.0,10.0,37.0,9.5,153.0,9.0,254.0,8.5,50.0,8.0,171.0
2023-04-27 21:03:04.75,1682600584750000000,10.5,10.5,9.0,21775.0,301.0,30005.0,11.0,47.0,11.5,40.0,12.0,2.0,12.5,39.0,13.0,280.0,10.5,50.0,10.0,37.0,9.5,153.0,9.0,254.0,8.5,50.0
2023-04-27 21:03:05.25,1682600585250000000,10.5,10.5,9.0,21775.0,307.0,30635.0,11.0,47.0,11.5,40.0,12.0,2.0,12.5,39.0,13.0,280.0,10.5,44.0,10.0,37.0,9.5,153.0,9.0,254.0,8.5,50.0
2023-04-27 21:03:05.5,1682600585500000000,10.5,10.5,9.0,21775.0,313.0,31265.0,11.0,47.0,11.5,40.0,12.0,2.0,12.5,39.0,13.0,280.0,10.5,38.0,10.0,37.0,9.5,153.0,9.0,254.0,8.5,50.0
2023-04-27 21:03:05.75,1682600585750000000,10.5,10.5,9.0,21775.0,319.0,31895.0,11.0,47.0,11.5,40.0,12.0,2.0,12.5,39.0,13.0,280.0,10.5,32.0,10.0,37.0,9.5,153.0,9.0,254.0,8.5,50.0
2023-04-27 21:03:06.0,1682600586000000000,10.5,10.5,9.0,21775.0,325.0,32525.0,11.0,47.0,11.5,40.0,12.0,2.0,12.5,39.0,13.0,280.0,10.5,26.0,10.0,37.0,9.5,153.0,9.0,254.0,8.5,50.0
2023-04-27 21:03:06.25,1682600586250000000,10.5,10.5,9.0,21775.0,331.0,33155.0,11.0,47.0,11.5,40.0,12.0,2.0,12.5,39.0,13.0,280.0,10.5,20.0,10.0,37.0,9.5,153.0,9.0,254.0,8.5,50.0
2023-04-27 21:03:06.5,1682600586500000000,10.5,10.5,9.0,21775.0,337.0,33785.0,11.0,47.0,11.5,40.0,12.0,2.0,12.5,39.0,13.0,280.0,10.5,14.0,10.0,37.0,9.5,153.0,9.0,254.0,8.5,50.0
2023-04-27 21:03:06.75,1682600586750000000,10.5,10.5,9.0,21775.0,343.0,34415.0,11.0,47.0,11.5,40.0,12.0,2.0,12.5,39.0,13.0,280.0,10.5,8.0,10.0,137.0,9.5,153.0,9.0,254.0,8.5,50.0
2023-04-27 21:03:08.0,1682600588000000000,10.5,10.5,9.0,21775.0,352.0,35360.0,10.5,1.0,11.0,47.0,11.5,40.0,12.0,2.0,12.5,39.0,10.0,137.0,9.5,153.0,9.0,254.0,8.5,50.0,8.0,171.0
2023-04-27 21:03:08.25,1682600588250000000,10.5,10.5,9.0,21774.0,353.0,35465.0,11.0,47.0,11.5,40.0,12.0,2.0,12.5,39.0,13.0,280.0,10.0,137.0,9.5,153.0,9.0,254.0,8.5,50.0,8.0,171.0
2023-04-27 21:03:10.75,1682600590750000000,11.0,11.0,9.0,21774.0,363.0,36565.0,11.0,37.0,11.5,40.0,12.0,2.0,12.5,39.0,13.0,280.0,10.0,137.0,9.5,153.0,9.0,254.0,8.5,50.0,8.0,171.0
2023-04-27 21:03:13.0,1682600593000000000,11.0,11.0,9.0,21774.0,373.0,37665.0,11.0,27.0,11.5,40.0,12.0,2.0,12.5,39.0,13.0,280.0,10.0,137.0,9.5,153.0,9.0,254.0,8.5,50.0,8.0,171.0
2023-04-27 21:03:13.25,1682600593250000000,11.0,11.0,9.0,21774.0,373.0,37665.0,11.5,58.0,12.0,2.0,12.5,39.0,13.0,280.0,13.5,62.0,10.0,137.0,9.5,148.0,9.0,254.0,8.5,50.0,8.0,171.0
2023-04-27 21:03:15.5,1682600595500000000,11.0,11.0,9.0,21774.0,373.0,37665.0,11.5,58.0,12.0,2.0,12.5,39.0,13.0,280.0,13.5,62.0,10.5,2.0,10.0,137.0,9.5,148.0,9.0,254.0,8.5,50.0
2023-04-27 21:03:22.0,1682600602000000000,11.0,11.0,9.0,21774.0,373.0,37665.0,11.5,58.0,12.0,2.0,12.5,39.0,13.0,280.0,13.5,62.0,10.5,2.0,10.0,155.0,9.5,130.0,9.0,254.0,8.5,50.0
2023-04-27 21:03:24.25,1682600604250000000,11.0,11.0,9.0,21774.0,373.0,37665.0,11.5,58.0,12.0,2.0,12.5,39.0,13.0,280.0,13.5,62.0,10.5,2.0,10.0,155.0,9.5,150.0,9.0,254.0,8.5,50.0
2023-04-27 21:03:29.5,1682600609500000000,11.0,11.0,9.0,21774.0,373.0,37665.0,11.5,58.0,12.0,2.0,12.5,39.0,13.0,280.0,13.5,62.0,10.5,2.0,10.0,175.0,9.5,150.0,9.0,254.0,8.5,50.0
2023-04-27 21:03:31.0,1682600611000000000,11.0,10.5,9.0,21774.0,374.0,37770.0,11.5,59.0,12.0,2.0,12.5,39.0,13.0,280.0,13.5,62.0,10.5,1.0,10.0,176.0,9.5,150.0,9.0,254.0,8.5,50.0
2023-04-27 21:03:32.75,1682600612750000000,11.5,11.5,9.0,21793.0,424.0,43520.0,11.5,1.0,12.0,21.0,12.5,39.0,13.0,298.0,13.5,62.0,10.5,12.0,10.0,158.0,9.5,159.0,9.0,264.0,8.5,40.0
2023-04-27 21:03:33.0,1682600613000000000,11.5,11.5,9.0,21793.0,424.0,43520.0,12.0,21.0,12.5,39.0,13.0,280.0,13.5,80.0,14.0,40.0,10.5,12.0,10.0,175.0,9.5,141.0,9.0,264.0,8.5,40.0
2023-04-27 21:03:33.25,1682600613250000000,11.5,11.5,9.0,21793.0,424.0,43520.0,12.0,21.0,12.5,40.0,13.0,280.0,13.5,80.0,14.0,40.0,10.5,13.0,10.0,175.0,9.5,141.0,9.0,264.0,8.5,40.0
2023-04-27 21:03:34.25,1682600614250000000,11.5,11.5,9.0,21793.0,424.0,43520.0,12.0,22.0,12.5,39.0,13.0,280.0,13.5,80.0,14.0,40.0,10.5,13.0,10.0,175.0,9.5,141.0,9.0,264.0,8.5,40.0
2023-04-27 21:03:35.5,1682600615500000000,11.5,11.5,9.0,21793.0,424.0,43520.0,12.0,22.0,12.5,39.0,13.0,280.0,13.5,80.0,14.0,40.0,10.5,13.0,10.0,165.0,9.5,141.0,9.0,264.0,8.5,40.0
2023-04-27 21:03:35.75,1682600615750000000,11.5,11.5,9.0,21793.0,424.0,43520.0,12.0,22.0,12.5,39.0,13.0,280.0,13.5,80.0,14.0,20.0,10.5,13.0,10.0,165.0,9.5,141.0,9.0,264.0,8.5,40.0
2023-04-27 21:03:38.75,1682600618750000000,11.5,11.5,9.0,21793.0,424.0,43520.0,12.0,40.0,12.5,39.0,13.0,280.0,13.5,62.0,14.0,20.0,10.5,13.0,10.0,165.0,9.5,141.0,9.0,264.0,8.5,40.0
2023-04-27 21:03:39.25,1682600619250000000,11.5,11.5,9.0,21793.0,424.0,43520.0,12.0,40.0,12.5,39.0,13.0,280.0,13.5,62.0,14.0,20.0,10.5,33.0,10.0,165.0,9.5,141.0,9.0,264.0,8.5,40.0
2023-04-27 21:03:41.25,1682600621250000000,11.5,11.5,9.0,21793.0,424.0,43520.0,12.0,40.0,12.5,39.0,13.0,280.0,13.5,62.0,14.0,20.0,10.5,31.0,10.0,165.0,9.5,141.0,9.0,264.0,8.5,40.0
2023-04-27 21:03:44.0,1682600624000000000,11.5,11.5,9.0,21793.0,424.0,43520.0,12.0,40.0,12.5,39.0,13.0,280.0,13.5,62.0,14.0,20.0,11.0,9.0,10.5,31.0,10.0,156.0,9.5,141.0,9.0,264.0
2023-04-27 21:03:44.75,1682600624750000000,11.5,11.5,9.0,21793.0,424.0,43520.0,12.0,40.0,12.5,39.0,13.0,280.0,13.5,62.0,14.0,20.0,11.0,10.0,10.5,30.0,10.0,156.0,9.5,141.0,9.0,264.0
2023-04-27 21:03:46.75,1682600626750000000,11.5,11.5,9.0,21793.0,424.0,43520.0,12.0,70.0,12.5,39.0,13.0,280.0,13.5,62.0,14.0,20.0,11.0,10.0,10.5,30.0,10.0,156.0,9.5,141.0,9.0,264.0
2023-04-27 21:03:47.25,1682600627250000000,11.5,11.0,9.0,21794.0,434.0,44620.0,12.0,51.0,12.5,57.0,13.0,280.0,13.5,62.0,14.0,20.0,10.5,30.0,10.0,156.0,9.5,141.0,9.0,264.0,8.5,40.0
2023-04-27 21:03:47.5,1682600627500000000,11.5,11.0,9.0,21794.0,434.0,44620.0,11.5,9.0,12.0,51.0,12.5,39.0,13.0,280.0,13.5,62.0,10.5,30.0,10.0,138.0,9.5,141.0,9.0,264.0,8.5,40.0
2023-04-27 21:03:48.5,1682600628500000000,11.5,11.0,9.0,21794.0,434.0,44620.0,11.0,1.0,11.5,9.0,12.0,51.0,12.5,39.0,13.0,280.0,10.5,30.0,10.0,138.0,9.5,141.0,9.0,264.0,8.5,40.0
2023-04-27 21:03:48.75,1682600628750000000,11.5,11.0,9.0,21794.0,434.0,44620.0,11.5,9.0,12.0,51.0,12.5,39.0,13.0,280.0,13.5,62.0,10.5,30.0,10.0,138.0,9.5,141.0,9.0,264.0,8.5,40.0
2023-04-27 21:03:49.5,1682600629500000000,11.5,11.0,9.0,21794.0,434.0,44620.0,11.0,1.0,11.5,9.0,12.0,51.0,12.5,39.0,13.0,280.0,10.5,30.0,10.0,138.0,9.5,141.0,9.0,264.0,8.5,40.0
2023-04-27 21:03:49.75,1682600629750000000,11.5,11.0,9.0,21794.0,434.0,44620.0,11.5,9.0,12.0,51.0,12.5,39.0,13.0,280.0,13.5,62.0,10.5,30.0,10.0,138.0,9.5,141.0,9.0,264.0,8.5,40.0
2023-04-27 21:03:50.5,1682600630500000000,11.5,11.0,9.0,21794.0,434.0,44620.0,11.0,1.0,11.5,9.0,12.0,51.0,12.5,39.0,13.0,280.0,10.5,30.0,10.0,138.0,9.5,141.0,9.0,264.0,8.5,40.0
2023-04-27 21:03:50.75,1682600630750000000,11.5,11.0,9.0,21794.0,434.0,44620.0,11.5,9.0,12.0,51.0,12.5,39.0,13.0,280.0,13.5,62.0,10.5,30.0,10.0,138.0,9.5,141.0,9.0,264.0,8.5,40.0
2023-04-27 21:03:51.5,1682600631500000000,11.5,11.0,9.0,21794.0,434.0,44620.0,11.0,1.0,11.5,9.0,12.0,51.0,12.5,39.0,13.0,280.0,10.5,30.0,10.0,138.0,9.5,141.0,9.0,264.0,8.5,40.0
2023-04-27 21:03:51.75,1682600631750000000,11.5,11.0,9.0,21794.0,434.0,44620.0,11.5,9.0,12.0,51.0,12.5,39.0,13.0,280.0,13.5,62.0,10.5,30.0,10.0,138.0,9.5,141.0,9.0,264.0,8.5,40.0
2023-04-27 21:03:52.75,1682600632750000000,11.5,11.0,9.0,21794.0,434.0,44620.0,11.0,1.0,11.5,9.0,12.0,51.0,12.5,39.0,13.0,280.0,10.5,30.0,10.0,138.0,9.5,141.0,9.0,264.0,8.5,40.0
2023-04-27 21:03:53.0,1682600633000000000,11.5,11.0,9.0,21794.0,434.0,44620.0,11.5,9.0,12.0,51.0,12.5,39.0,13.0,280.0,13.5,62.0,10.5,30.0,10.0,138.0,9.5,141.0,9.0,264.0,8.5,40.0
2023-04-27 21:03:53.75,1682600633750000000,11.5,11.0,9.0,21794.0,434.0,44620.0,11.0,1.0,11.5,9.0,12.0,51.0,12.5,39.0,13.0,280.0,10.5,30.0,10.0,143.0,9.5,141.0,9.0,264.0,8.5,40.0
2023-04-27 21:03:54.0,1682600634000000000,11.5,11.0,9.0,21794.0,434.0,44620.0,11.5,9.0,12.0,51.0,12.5,39.0,13.0,280.0,13.5,62.0,10.5,30.0,10.0,143.0,9.5,141.0,9.0,265.0,8.5,40.0
2023-04-27 21:03:55.0,1682600635000000000,11.5,11.0,9.0,21794.0,434.0,44620.0,11.0,1.0,11.5,9.0,12.0,51.0,12.5,39.0,13.0,280.0,10.5,30.0,10.0,143.0,9.5,141.0,9.0,265.0,8.5,40.0
2023-04-27 21:03:55.25,1682600635250000000,11.5,11.0,9.0,21794.0,434.0,44620.0,11.5,9.0,12.0,51.0,12.5,39.0,13.0,280.0,13.5,62.0,10.5,30.0,10.0,143.0,9.5,141.0,9.0,265.0,8.5,40.0
2023-04-27 21:03:56.0,1682600636000000000,11.5,11.0,9.0,21794.0,434.0,44620.0,11.0,1.0,11.5,9.0,12.0,51.0,12.5,39.0,13.0,280.0,10.5,30.0,10.0,143.0,9.5,141.0,9.0,265.0,8.5,40.0
2023-04-27 21:03:56.25,1682600636250000000,11.5,11.0,9.0,21794.0,434.0,44620.0,11.5,9.0,12.0,51.0,12.5,39.0,13.0,280.0,13.5,62.0,10.5,30.0,10.0,143.0,9.5,141.0,9.0,265.0,8.5,40.0
2023-04-27 21:03:57.0,1682600637000000000,11.5,11.0,9.0,21794.0,434.0,44620.0,11.0,1.0,11.5,9.0,12.0,51.0,12.5,39.0,13.0,280.0,10.5,30.0,10.0,143.0,9.5,141.0,9.0,265.0,8.5,40.0
2023-04-27 21:03:57.25,1682600637250000000,11.5,11.0,9.0,21794.0,434.0,44620.0,11.5,9.0,12.0,51.0,12.5,39.0,13.0,280.0,13.5,62.0,10.5,30.0,10.0,143.0,9.5,141.0,9.0,265.0,8.5,40.0
2023-04-27 21:03:58.0,1682600638000000000,11.5,11.0,9.0,21794.0,434.0,44620.0,11.0,1.0,11.5,9.0,12.0,51.0,12.5,39.0,13.0,280.0,10.5,30.0,10.0,143.0,9.5,141.0,9.0,265.0,8.5,40.0
2023-04-27 21:03:58.25,1682600638250000000,11.5,11.0,9.0,21794.0,434.0,44620.0,11.5,9.0,12.0,51.0,12.5,39.0,13.0,280.0,13.5,62.0,10.5,30.0,10.0,143.0,9.5,141.0,9.0,265.0,8.5,40.0
2023-04-27 21:03:59.0,1682600639000000000,11.5,11.0,9.0,21794.0,434.0,44620.0,11.0,1.0,11.5,9.0,12.0,51.0,12.5,39.0,13.0,280.0,10.5,30.0,10.0,143.0,9.5,141.0,9.0,265.0,8.5,40.0
2023-04-27 21:03:59.25,1682600639250000000,11.5,11.0,9.0,21794.0,434.0,44620.0,11.5,9.0,12.0,51.0,12.5,39.0,13.0,280.0,13.5,62.0,10.5,30.0,10.0,143.0,9.5,141.0,9.0,265.0,8.5,40.0
2023-04-27 21:04:00.0,1682600640000000000,11.5,11.0,9.0,21794.0,434.0,44620.0,11.0,1.0,11.5,9.0,12.0,51.0,12.5,57.0,13.0,280.0,10.5,30.0,10.0,143.0,9.5,159.0,9.0,265.0,8.5,40.0
2023-04-27 21:04:00.25,1682600640250000000,11.5,11.0,9.0,21794.0,434.0,44620.0,11.5,9.0,12.0,51.0,12.5,57.0,13.0,280.0,13.5,62.0,10.5,30.0,10.0,143.0,9.5,159.0,9.0,265.0,8.5,40.0
2023-04-27 21:04:01.25,1682600641250000000,11.5,11.0,9.0,21794.0,434.0,44620.0,11.0,1.0,11.5,9.0,12.0,51.0,12.5,57.0,13.0,280.0,10.5,30.0,10.0,143.0,9.5,159.0,9.0,265.0,8.5,40.0
2023-04-27 21:04:01.5,1682600641500000000,11.5,11.0,9.0,21794.0,434.0,44620.0,11.5,9.0,12.0,69.0,12.5,39.0,13.0,280.0,13.5,62.0,10.5,30.0,10.0,143.0,9.5,159.0,9.0,265.0,8.5,40.0
2023-04-27 21:04:02.25,1682600642250000000,11.5,11.0,9.0,21794.0,434.0,44620.0,11.0,1.0,11.5,9.0,12.0,69.0,12.5,39.0,13.0,280.0,10.5,30.0,10.0,163.0,9.5,159.0,9.0,265.0,8.5,40.0
2023-04-27 21:04:02.5,1682600642500000000,11.5,11.0,9.0,21794.0,434.0,44620.0,11.5,27.0,12.0,51.0,12.5,39.0,13.0,280.0,13.5,62.0,10.5,48.0,10.0,163.0,9.5,141.0,9.0,265.0,8.5,40.0
2023-04-27 21:04:03.25,1682600643250000000,11.5,11.0,9.0,21794.0,434.0,44620.0,11.0,1.0,11.5,27.0,12.0,51.0,12.5,39.0,13.0,280.0,10.5,48.0,10.0,163.0,9.5,141.0,9.0,265.0,8.5,40.0
2023-04-27 21:04:03.5,1682600643500000000,11.5,11.0,9.0,21794.0,434.0,44620.0,11.5,27.0,12.0,51.0,12.5,39.0,13.0,280.0,13.5,62.0,10.5,48.0,10.0,163.0,9.5,141.0,9.0,265.0,8.5,40.0
2023-04-27 21:04:04.5,1682600644500000000,11.5,11.0,9.0,21794.0,434.0,44620.0,11.0,1.0,11.5,9.0,12.0,51.0,12.5,39.0,13.0,280.0,10.5,30.0,10.0,163.0,9.5,141.0,9.0,265.0,8.5,40.0
2023-04-27 21:04:04.75,1682600644750000000,11.5,11.0,9.0,21794.0,434.0,44620.0,11.5,9.0,12.0,51.0,12.5,39.0,13.0,280.0,13.5,62.0,10.5,30.0,10.0,163.0,9.5,141.0,9.0,265.0,8.5,40.0
2023-04-27 21:04:05.5,1682600645500000000,11.5,11.0,9.0,21794.0,434.0,44620.0,11.0,1.0,11.5,9.0,12.0,51.0,12.5,39.0,13.0,280.0,10.5,30.0,10.0,163.0,9.5,141.0,9.0,265.0,8.5,40.0
2023-04-27 21:04:05.75,1682600645750000000,11.5,11.0,9.0,21794.0,434.0,44620.0,11.5,9.0,12.0,51.0,12.5,39.0,13.0,280.0,13.5,62.0,10.5,30.0,10.0,163.0,9.5,141.0,9.0,265.0,8.5,40.0
2023-04-27 21:04:06.5,1682600646500000000,11.5,11.0,9.0,21794.0,434.0,44620.0,11.0,1.0,11.5,9.0,12.0,51.0,12.5,39.0,13.0,280.0,10.5,30.0,10.0,163.0,9.5,141.0,9.0,265.0,8.5,40.0
2023-04-27 21:04:06.75,1682600646750000000,11.5,11.0,9.0,21794.0,434.0,44620.0,11.5,9.0,12.0,51.0,12.5,39.0,13.0,280.0,13.5,62.0,10.5,30.0,10.0,173.0,9.5,141.0,9.0,265.0,8.5,40.0
2023-04-27 21:04:07.75,1682600647750000000,11.5,11.0,9.0,21794.0,434.0,44620.0,11.5,10.0,12.0,51.0,12.5,39.0,13.0,280.0,13.5,62.0,10.5,30.0,10.0,173.0,9.5,141.0,9.0,265.0,8.5,40.0
2023-04-27 21:04:08.25,1682600648250000000,11.5,11.0,9.0,21794.0,434.0,44620.0,11.5,10.0,12.0,51.0,12.5,39.0,13.0,280.0,13.5,62.0,10.5,30.0,10.0,173.0,9.5,141.0,9.0,266.0,8.5,40.0
2023-04-27 21:04:08.5,1682600648500000000,11.5,11.0,9.0,21794.0,434.0,44620.0,11.5,10.0,12.0,51.0,12.5,39.0,13.0,280.0,13.5,62.0,11.0,5.0,10.5,30.0,10.0,173.0,9.5,141.0,9.0,266.0
2023-04-27 21:04:09.0,1682600649000000000,11.5,11.0,9.0,21794.0,434.0,44620.0,11.5,20.0,12.0,41.0,12.5,39.0,13.0,280.0,13.5,62.0,11.0,5.0,10.5,30.0,10.0,183.0,9.5,141.0,9.0,256.0
2023-04-27 21:04:10.25,1682600650250000000,11.5,11.0,9.0,21794.0,439.0,45170.0,11.5,20.0,12.0,41.0,12.5,39.0,13.0,280.0,13.5,62.0,10.5,30.0,10.0,173.0,9.5,151.0,9.0,256.0,8.5,40.0
2023-04-27 21:04:12.5,1682600652500000000,11.5,11.0,9.0,21794.0,439.0,45170.0,11.5,20.0,12.0,59.0,12.5,39.0,13.0,280.0,13.5,62.0,10.5,30.0,10.0,183.0,9.5,169.0,9.0,256.0,8.5,40.0
2023-04-27 21:04:12.75,1682600652750000000,11.5,11.0,9.0,21794.0,439.0,45170.0,11.5,20.0,12.0,59.0,12.5,39.0,13.0,280.0,13.5,62.0,10.5,30.0,10.0,173.0,9.5,179.0,9.0,256.0,8.5,40.0
2023-04-27 21:04:13.5,1682600653500000000,11.5,11.0,9.0,21794.0,439.0,45170.0,11.5,20.0,12.0,41.0,12.5,39.0,13.0,280.0,13.5,62.0,10.5,30.0,10.0,173.0,9.5,161.0,9.0,256.0,8.5,40.0
2023-04-27 21:04:13.75,1682600653750000000,11.5,11.0,9.0,21794.0,439.0,45170.0,11.5,38.0,12.0,41.0,12.5,39.0,13.0,280.0,13.5,62.0,10.5,30.0,10.0,191.0,9.5,161.0,9.0,256.0,8.5,40.0
2023-04-27 21:04:15.0,1682600655000000000,11.5,11.0,9.0,21794.0,439.0,45170.0,11.5,39.0,12.0,41.0,12.5,39.0,13.0,280.0,13.5,62.0,10.5,30.0,10.0,191.0,9.5,161.0,9.0,256.0,8.5,40.0
2023-04-27 21:04:24.25,1682600664250000000,11.5,11.0,9.0,21794.0,439.0,45170.0,11.5,39.0,12.0,41.0,12.5,39.0,13.0,280.0,13.5,62.0,11.0,50.0,10.5,30.0,10.0,191.0,9.5,161.0,9.0,256.0
2023-04-27 21:04:24.5,1682600664500000000,11.5,11.0,9.0,21794.0,439.0,45170.0,11.5,39.0,12.0,41.0,12.5,39.0,13.0,280.0,13.5,62.0,11.0,50.0,10.5,30.0,10.0,191.0,9.5,172.0,9.0,256.0
2023-04-27 21:04:24.75,1682600664750000000,11.5,11.0,9.0,21794.0,439.0,45170.0,11.5,39.0,12.0,41.0,12.5,39.0,13.0,280.0,13.5,62.0,11.0,50.0,10.5,48.0,10.0,173.0,9.5,172.0,9.0,256.0
2023-04-27 21:04:25.75,1682600665750000000,11.5,11.0,9.0,21794.0,439.0,45170.0,11.5,39.0,12.0,41.0,12.5,39.0,13.0,280.0,13.5,62.0,11.0,50.0,10.5,30.0,10.0,191.0,9.5,172.0,9.0,256.0
2023-04-27 21:04:26.0,1682600666000000000,11.5,11.0,9.0,21794.0,439.0,45170.0,11.5,39.0,12.0,41.0,12.5,39.0,13.0,280.0,13.5,62.0,11.0,50.0,10.5,48.0,10.0,174.0,9.5,172.0,9.0,256.0
2023-04-27 21:04:26.25,1682600666250000000,11.5,11.0,9.0,21794.0,439.0,45170.0,11.5,29.0,12.0,51.0,12.5,39.0,13.0,280.0,13.5,62.0,11.0,50.0,10.5,48.0,10.0,184.0,9.5,162.0,9.0,256.0
2023-04-27 21:04:27.0,1682600667000000000,11.5,11.0,9.0,21794.0,439.0,45170.0,11.5,29.0,12.0,51.0,12.5,39.0,13.0,280.0,13.5,62.0,11.0,50.0,10.5,48.0,10.0,179.0,9.5,162.0,9.0,256.0
2023-04-27 21:04:28.0,1682600668000000000,11.5,11.0,9.0,21794.0,439.0,45170.0,11.5,39.0,12.0,41.0,12.5,39.0,13.0,280.0,13.5,62.0,11.0,50.0,10.5,48.0,10.0,179.0,9.5,162.0,9.0,256.0
2023-04-27 21:04:28.75,1682600668750000000,11.5,11.0,9.0,21794.0,439.0,45170.0,11.5,39.0,12.0,41.0,12.5,39.0,13.0,280.0,13.5,62.0,11.0,50.0,10.5,48.0,10.0,189.0,9.5,162.0,9.0,256.0
2023-04-27 21:04:29.0,1682600669000000000,11.5,11.0,9.0,21794.0,439.0,45170.0,11.5,39.0,12.0,41.0,12.5,39.0,13.0,280.0,13.5,62.0,11.0,50.0,10.5,49.0,10.0,189.0,9.5,162.0,9.0,256.0
2023-04-27 21:04:32.0,1682600672000000000,11.5,11.0,9.0,21794.0,439.0,45170.0,11.5,29.0,12.0,51.0,12.5,39.0,13.0,280.0,13.5,62.0,11.0,50.0,10.5,49.0,10.0,189.0,9.5,172.0,9.0,256.0
2023-04-27 21:04:34.0,1682600674000000000,11.5,11.0,9.0,21794.0,439.0,45170.0,11.5,29.0,12.0,51.0,12.5,39.0,13.0,280.0,13.5,62.0,11.0,61.0,10.5,49.0,10.0,189.0,9.5,172.0,9.0,256.0
2023-04-27 21:04:36.0,1682600676000000000,11.5,11.0,9.0,21794.0,439.0,45170.0,11.5,29.0,12.0,51.0,12.5,39.0,13.0,280.0,13.5,62.0,11.0,61.0,10.5,49.0,10.0,186.0,9.5,172.0,9.0,256.0
2023-04-27 21:04:38.25,1682600678250000000,11.5,11.5,9.0,21821.0,478.0,49655.0,12.0,41.0,12.5,39.0,13.0,298.0,13.5,62.0,14.0,20.0,11.5,61.0,11.0,81.0,10.5,31.0,10.0,176.0,9.5,172.0
2023-04-27 21:04:38.75,1682600678750000000,11.5,11.5,9.0,21821.0,478.0,49655.0,12.0,42.0,12.5,39.0,13.0,298.0,13.5,62.0,14.0,20.0,11.5,62.0,11.0,81.0,10.5,31.0,10.0,176.0,9.5,172.0
2023-04-27 21:04:39.0,1682600679000000000,11.5,11.5,9.0,21821.0,478.0,49655.0,12.0,52.0,12.5,39.0,13.0,298.0,13.5,62.0,14.0,20.0,11.5,62.0,11.0,81.0,10.5,31.0,10.0,186.0,9.5,172.0
2023-04-27 21:04:39.75,1682600679750000000,11.5,11.5,9.0,21821.0,478.0,49655.0,12.0,52.0,12.5,39.0,13.0,298.0,13.5,62.0,14.0,20.0,11.5,62.0,11.0,70.0,10.5,31.0,10.0,186.0,9.5,172.0
2023-04-27 21:04:41.5,1682600681500000000,11.5,11.5,9.0,21821.0,478.0,49655.0,12.0,52.0,12.5,39.0,13.0,298.0,13.5,62.0,14.0,20.0,11.5,62.0,11.0,68.0,10.5,31.0,10.0,186.0,9.5,172.0
2023-04-27 21:04:41.75,1682600681750000000,11.5,11.5,9.0,21821.0,478.0,49655.0,12.0,42.0,12.5,49.0,13.0,298.0,13.5,62.0,14.0,20.0,11.5,62.0,11.0,78.0,10.5,31.0,10.0,186.0,9.5,172.0
2023-04-27 21:04:42.75,1682600682750000000,11.5,11.5,9.0,21821.0,478.0,49655.0,12.0,52.0,12.5,39.0,13.0,298.0,13.5,62.0,14.0,20.0,11.5,62.0,11.0,78.0,10.5,31.0,10.0,186.0,9.5,172.0
2023-04-27 21:04:43.75,1682600683750000000,11.5,11.5,9.0,21821.0,478.0,49655.0,12.0,42.0,12.5,49.0,13.0,298.0,13.5,62.0,14.0,20.0,11.5,62.0,11.0,78.0,10.5,31.0,10.0,186.0,9.5,172.0
2023-04-27 21:04:44.25,1682600684250000000,11.5,11.5,9.0,21821.0,478.0,49655.0,12.0,70.0,12.5,39.0,13.0,280.0,13.5,62.0,14.0,20.0,11.5,62.0,11.0,78.0,10.5,31.0,10.0,186.0,9.5,172.0
2023-04-27 21:04:46.25,1682600686250000000,11.5,11.5,9.0,21821.0,478.0,49655.0,12.0,70.0,12.5,39.0,13.0,280.0,13.5,62.0,14.0,20.0,11.5,62.0,11.0,89.0,10.5,31.0,10.0,186.0,9.5,172.0
2023-04-27 21:04:47.25,1682600687250000000,11.5,11.5,9.0,21821.0,488.0,50805.0,12.0,60.0,12.5,39.0,13.0,280.0,13.5,62.0,14.0,20.0,11.5,52.0,11.0,91.0,10.5,31.0,10.0,176.0,9.5,172.0
2023-04-27 21:04:50.25,1682600690250000000,11.5,11.5,9.0,21821.0,488.0,50805.0,12.0,70.0,12.5,39.0,13.0,280.0,13.5,62.0,14.0,20.0,11.5,52.0,11.0,91.0,10.5,31.0,10.0,186.0,9.5,172.0
2023-04-27 21:04:51.5,1682600691500000000,11.5,11.5,9.0,21821.0,489.0,50920.0,12.0,70.0,12.5,39.0,13.0,280.0,13.5,62.0,14.0,20.0,11.5,51.0,11.0,91.0,10.5,31.0,10.0,186.0,9.5,172.0
2023-04-27 21:04:52.75,1682600692750000000,11.5,11.5,9.0,21821.0,489.0,50920.0,12.0,60.0,12.5,49.0,13.0,280.0,13.5,62.0,14.0,20.0,11.5,51.0,11.0,91.0,10.5,31.0,10.0,186.0,9.5,172.0
2023-04-27 21:04:53.25,1682600693250000000,11.5,11.5,9.0,21821.0,489.0,50920.0,12.0,70.0,12.5,39.0,13.0,280.0,13.5,62.0,14.0,20.0,11.5,51.0,11.0,91.0,10.5,31.0,10.0,186.0,9.5,172.0
2023-04-27 21:04:53.5,1682600693500000000,11.5,11.5,9.0,21821.0,489.0,50920.0,12.0,73.0,12.5,39.0,13.0,280.0,13.5,62.0,14.0,20.0,11.5,51.0,11.0,91.0,10.5,31.0,10.0,186.0,9.5,172.0
2023-04-27 21:04:54.25,1682600694250000000,11.5,11.5,9.0,21821.0,489.0,50920.0,12.0,73.0,12.5,39.0,13.0,280.0,13.5,62.0,14.0,20.0,11.5,51.0,11.0,89.0,10.5,31.0,10.0,186.0,9.5,172.0
2023-04-27 21:04:58.5,1682600698500000000,11.5,11.5,9.0,21821.0,489.0,50920.0,12.0,73.0,12.5,39.0,13.0,280.0,13.5,62.0,14.0,20.0,11.5,51.0,11.0,78.0,10.5,31.0,10.0,186.0,9.5,172.0
2023-04-27 21:05:00.5,1682600700500000000,11.5,11.5,9.0,21821.0,489.0,50920.0,12.0,83.0,12.5,39.0,13.0,280.0,13.5,62.0,14.0,20.0,11.5,51.0,11.0,88.0,10.5,31.0,10.0,186.0,9.5,172.0
2023-04-27 21:05:01.5,1682600701500000000,11.5,11.5,9.0,21821.0,489.0,50920.0,12.0,83.0,12.5,39.0,13.0,280.0,13.5,62.0,14.0,20.0,11.5,1.0,11.0,88.0,10.5,31.0,10.0,186.0,9.5,172.0
2023-04-27 21:05:01.75,1682600701750000000,11.5,11.5,9.0,21821.0,489.0,50920.0,12.0,82.0,12.5,39.0,13.0,280.0,13.5,62.0,14.0,20.0,11.0,88.0,10.5,31.0,10.0,186.0,9.5,172.0,9.0,266.0
2023-04-27 21:05:02.0,1682600702000000000,11.5,11.5,9.0,21821.0,489.0,50920.0,11.5,10.0,12.0,72.0,12.5,39.0,13.0,280.0,13.5,62.0,11.0,78.0,10.5,41.0,10.0,186.0,9.5,172.0,9.0,266.0
2023-04-27 21:05:02.25,1682600702250000000,11.5,11.5,9.0,21821.0,489.0,50920.0,11.5,11.0,12.0,72.0,12.5,39.0,13.0,280.0,13.5,62.0,11.0,79.0,10.5,41.0,10.0,186.0,9.5,172.0,9.0,266.0
2023-04-27 21:05:03.75,1682600703750000000,11.5,11.5,9.0,21821.0,489.0,50920.0,11.5,29.0,12.0,54.0,12.5,39.0,13.0,280.0,13.5,62.0,11.0,79.0,10.5,41.0,10.0,186.0,9.5,172.0,9.0,266.0
2023-04-27 21:05:05.0,1682600705000000000,11.5,11.5,9.0,21821.0,489.0,50920.0,11.5,29.0,12.0,54.0,12.5,39.0,13.0,280.0,13.5,62.0,11.0,29.0,10.5,41.0,10.0,176.0,9.5,182.0,9.0,266.0
2023-04-27 21:05:05.75,1682600705750000000,11.5,11.0,9.0,21821.0,495.0,51580.0,11.5,29.0,12.0,54.0,12.5,39.0,13.0,280.0,13.5,62.0,11.0,23.0,10.5,41.0,10.0,176.0,9.5,182.0,9.0,266.0
2023-04-27 21:05:06.0,1682600706000000000,11.5,11.0,9.0,21821.0,495.0,51580.0,11.5,29.0,12.0,54.0,12.5,39.0,13.0,280.0,13.5,62.0,11.0,5.0,10.5,59.0,10.0,176.0,9.5,182.0,9.0,266.0
2023-04-27 21:05:06.5,1682600706500000000,11.5,11.0,9.0,21821.0,500.0,52130.0,11.5,28.0,12.0,54.0,12.5,39.0,13.0,280.0,13.5,62.0,10.5,59.0,10.0,176.0,9.5,182.0,9.0,266.0,8.5,51.0
2023-04-27 21:05:07.75,1682600707750000000,11.5,11.0,9.0,21821.0,500.0,52130.0,11.5,29.0,12.0,54.0,12.5,39.0,13.0,280.0,13.5,62.0,10.5,59.0,10.0,176.0,9.5,182.0,9.0,266.0,8.5,51.0
2023-04-27 21:05:09.75,1682600709750000000,11.5,10.5,9.0,21816.0,506.0,52760.0,11.5,38.0,12.0,54.0,12.5,49.0,13.0,280.0,13.5,62.0,10.5,53.0,10.0,176.0,9.5,182.0,9.0,266.0,8.5,51.0
2023-04-27 21:05:10.25,1682600710250000000,11.5,10.5,9.0,21812.0,512.0,53390.0,11.5,38.0,12.0,54.0,12.5,49.0,13.0,280.0,13.5,82.0,10.5,47.0,10.0,185.0,9.5,182.0,9.0,266.0,8.5,51.0
2023-04-27 21:05:10.5,1682600710500000000,11.5,10.5,9.0,21812.0,518.0,54020.0,11.5,38.0,12.0,54.0,12.5,49.0,13.0,280.0,13.5,82.0,10.5,41.0,10.0,185.0,9.5,182.0,9.0,266.0,8.5,51.0
2023-04-27 21:05:10.75,1682600710750000000,11.5,10.5,9.0,21812.0,524.0,54650.0,11.5,38.0,12.0,54.0,12.5,49.0,13.0,280.0,13.5,82.0,10.5,35.0,10.0,185.0,9.5,182.0,9.0,266.0,8.5,51.0
2023-04-27 21:05:11.0,1682600711000000000,11.5,10.5,9.0,21812.0,530.0,55280.0,11.5,38.0,12.0,54.0,12.5,49.0,13.0,280.0,13.5,82.0,10.5,29.0,10.0,195.0,9.5,172.0,9.0,266.0,8.5,51.0
2023-04-27 21:05:11.25,1682600711250000000,11.5,10.5,9.0,21812.0,536.0,55910.0,11.5,38.0,12.0,54.0,12.5,49.0,13.0,280.0,13.5,82.0,10.5,23.0,10.0,195.0,9.5,172.0,9.0,266.0,8.5,51.0
2023-04-27 21:05:11.5,1682600711500000000,11.5,10.5,9.0,21812.0,542.0,56540.0,11.5,38.0,12.0,54.0,12.5,49.0,13.0,280.0,13.5,82.0,10.0,213.0,9.5,172.0,9.0,266.0,8.5,51.0,8.0,197.0
2023-04-27 21:05:11.75,1682600711750000000,11.5,10.5,9.0,21812.0,542.0,56540.0,11.5,38.0,12.0,54.0,12.5,49.0,13.0,280.0,13.5,82.0,10.5,28.0,10.0,195.0,9.5,172.0,9.0,266.0,8.5,51.0
2023-04-27 21:05:12.5,1682600712500000000,11.5,10.5,9.0,21812.0,554.0,57800.0,11.5,38.0,12.0,54.0,12.5,49.0,13.0,280.0,13.5,82.0,10.5,22.0,10.0,195.0,9.5,172.0,9.0,266.0,8.5,51.0
2023-04-27 21:05:12.75,1682600712750000000,11.5,10.5,9.0,21812.0,560.0,58430.0,11.5,38.0,12.0,54.0,12.5,49.0,13.0,280.0,13.5,82.0,10.5,10.0,10.0,195.0,9.5,172.0,9.0,284.0,8.5,51.0
2023-04-27 21:05:13.0,1682600713000000000,11.5,10.5,9.0,21812.0,566.0,59060.0,11.5,48.0,12.0,44.0,12.5,49.0,13.0,280.0,13.5,82.0,10.5,4.0,10.0,195.0,9.5,172.0,9.0,284.0,8.5,51.0
2023-04-27 21:05:13.25,1682600713250000000,11.5,10.5,9.0,21812.0,570.0,59480.0,11.0,10.0,11.5,38.0,12.0,44.0,12.5,49.0,13.0,280.0,10.5,10.0,10.0,195.0,9.5,172.0,9.0,284.0,8.5,51.0
2023-04-27 21:05:13.5,1682600713500000000,11.5,10.5,9.0,21812.0,576.0,60110.0,11.0,38.0,11.5,10.0,12.0,44.0,12.5,49.0,13.0,280.0,10.0,195.0,9.5,182.0,9.0,284.0,8.5,51.0,8.0,197.0
2023-04-27 21:05:18.75,1682600718750000000,11.5,10.5,9.0,21812.0,576.0,60110.0,11.0,38.0,11.5,10.0,12.0,44.0,12.5,49.0,13.0,280.0,10.0,213.0,9.5,182.0,9.0,266.0,8.5,51.0,8.0,197.0
2023-04-27 21:05:19.25,1682600719250000000,11.5,11.0,9.0,21830.0,614.0,64290.0,11.5,10.0,12.0,44.0,12.5,67.0,13.0,280.0,13.5,82.0,11.0,62.0,10.5,20.0,10.0,195.0,9.5,172.0,9.0,266.0
2023-04-27 21:05:19.5,1682600719500000000,11.5,11.0,9.0,21830.0,624.0,65390.0,11.5,10.0,12.0,44.0,12.5,67.0,13.0,280.0,13.5,82.0,11.0,52.0,10.5,30.0,10.0,185.0,9.5,172.0,9.0,266.0
2023-04-27 21:05:19.75,1682600719750000000,11.5,11.0,9.0,21830.0,630.0,66050.0,11.5,20.0,12.0,44.0,12.5,67.0,13.0,280.0,13.5,82.0,11.0,46.0,10.5,30.0,10.0,185.0,9.5,172.0,9.0,266.0
2023-04-27 21:05:20.0,1682600720000000000,11.5,11.0,9.0,21830.0,636.0,66710.0,11.5,20.0,12.0,44.0,12.5,67.0,13.0,280.0,13.5,82.0,11.0,40.0,10.5,30.0,10.0,185.0,9.5,172.0,9.0,266.0
2023-04-27 21:05:20.25,1682600720250000000,11.5,11.0,9.0,21830.0,642.0,67370.0,11.5,20.0,12.0,44.0,12.5,67.0,13.0,280.0,13.5,62.0,11.0,34.0,10.5,30.0,10.0,185.0,9.5,172.0,9.0,266.0
2023-04-27 21:05:21.5,1682600721500000000,11.5,11.0,9.0,21830.0,673.0,70780.0,11.5,20.0,12.0,44.0,12.5,67.0,13.0,280.0,13.5,62.0,11.0,3.0,10.5,30.0,10.0,185.0,9.5,172.0,9.0,266.0
2023-04-27 21:05:22.5,1682600722500000000,11.5,11.0,9.0,21830.0,673.0,70780.0,11.5,20.0,12.0,44.0,12.5,67.0,13.0,280.0,13.5,62.0,11.0,3.0,10.5,30.0,10.0,185.0,9.5,171.0,9.0,266.0
2023-04-27 21:05:24.5,1682600724500000000,11.5,11.0,9.0,21830.0,676.0,71110.0,11.5,20.0,12.0,44.0,12.5,67.0,13.0,280.0,13.5,62.0,10.5,30.0,10.0,185.0,9.5,171.0,9.0,266.0,8.5,51.0
2023-04-27 21:05:25.25,1682600725250000000,11.5,11.0,9.0,21830.0,676.0,71110.0,11.5,38.0,12.0,44.0,12.5,49.0,13.0,280.0,13.5,62.0,10.5,30.0,10.0,185.0,9.5,171.0,9.0,266.0,8.5,51.0
2023-04-27 21:05:27.25,1682600727250000000,11.5,11.0,9.0,21830.0,676.0,71110.0,11.5,28.0,12.0,44.0,12.5,49.0,13.0,280.0,13.5,62.0,10.5,20.0,10.0,185.0,9.5,171.0,9.0,266.0,8.5,51.0
2023-04-27 21:05:27.5,1682600727500000000,11.5,11.0,9.0,21830.0,676.0,71110.0,11.5,28.0,12.0,44.0,12.5,49.0,13.0,280.0,13.5,62.0,10.5,2.0,10.0,203.0,9.5,171.0,9.0,266.0,8.5,51.0
2023-04-27 21:05:29.0,1682600729000000000,11.5,11.0,9.0,21830.0,676.0,71110.0,11.5,38.0,12.0,44.0,12.5,49.0,13.0,280.0,13.5,62.0,10.5,2.0,10.0,203.0,9.5,181.0,9.0,266.0,8.5,51.0
2023-04-27 21:05:29.25,1682600729250000000,11.5,11.0,9.0,21830.0,676.0,71110.0,11.0,10.0,11.5,38.0,12.0,44.0,12.5,49.0,13.0,280.0,10.5,2.0,10.0,203.0,9.5,181.0,9.0,266.0,8.5,51.0
2023-04-27 21:05:29.5,1682600729500000000,11.5,11.0,9.0,21830.0,676.0,71110.0,11.0,28.0,11.5,20.0,12.0,44.0,12.5,49.0,13.0,280.0,10.5,2.0,10.0,203.0,9.5,181.0,9.0,266.0,8.5,51.0
2023-04-27 21:05:30.25,1682600730250000000,11.5,11.0,9.0,21830.0,676.0,71110.0,11.0,29.0,11.5,19.0,12.0,44.0,12.5,49.0,13.0,280.0,10.5,2.0,10.0,203.0,9.5,181.0,9.0,266.0,8.5,51.0
2023-04-27 21:05:31.25,1682600731250000000,11.5,10.5,9.0,21830.0,678.0,71320.0,10.5,8.0,11.0,19.0,11.5,19.0,12.0,44.0,12.5,49.0,10.0,203.0,9.5,181.0,9.0,266.0,8.5,51.0,8.0,197.0
2023-04-27 21:05:31.5,1682600731500000000,11.5,10.5,9.0,21830.0,678.0,71320.0,10.5,8.0,11.0,1.0,11.5,37.0,12.0,44.0,12.5,49.0,10.0,203.0,9.5,181.0,9.0,266.0,8.5,51.0,8.0,197.0
2023-04-27 21:05:31.75,1682600731750000000,11.5,10.5,9.0,21830.0,678.0,71320.0,10.5,8.0,11.0,10.0,11.5,37.0,12.0,35.0,12.5,49.0,10.0,203.0,9.5,181.0,9.0,266.0,8.5,51.0,8.0,197.0
2023-04-27 21:05:32.0,1682600732000000000,11.5,10.5,9.0,21830.0,678.0,71320.0,10.5,8.0,11.0,28.0,11.5,19.0,12.0,35.0,12.5,49.0,10.0,203.0,9.5,181.0,9.0,266.0,8.5,51.0,8.0,197.0
2023-04-27 21:05:32.25,1682600732250000000,11.5,10.5,9.0,21830.0,678.0,71320.0,10.5,8.0,11.0,27.0,11.5,9.0,12.0,46.0,12.5,49.0,10.0,203.0,9.5,181.0,9.0,266.0,8.5,51.0,8.0,197.0
2023-04-27 21:05:33.0,1682600733000000000,11.5,11.0,9.0,21857.0,713.0,75130.0,11.5,9.0,12.0,46.0,12.5,49.0,13.0,280.0,13.5,62.0,11.0,40.0,10.0,185.0,9.5,181.0,9.0,266.0,8.5,51.0
2023-04-27 21:05:33.25,1682600733250000000,11.5,11.0,9.0,21857.0,713.0,75130.0,11.5,10.0,12.0,45.0,12.5,49.0,13.0,298.0,13.5,62.0,11.0,40.0,10.5,18.0,10.0,185.0,9.5,181.0,9.0,266.0
2023-04-27 21:05:34.5,1682600734500000000,11.5,11.0,9.0,21857.0,713.0,75130.0,11.5,10.0,12.0,45.0,12.5,49.0,13.0,298.0,13.5,62.0,11.0,40.0,10.5,20.0,10.0,185.0,9.5,181.0,9.0,266.0
2023-04-27 21:05:35.25,1682600735250000000,11.5,11.0,9.0,21857.0,713.0,75130.0,11.5,20.0,12.0,35.0,12.5,49.0,13.0,298.0,13.5,62.0,11.0,40.0,10.5,20.0,10.0,185.0,9.5,181.0,9.0,266.0
2023-04-27 21:05:35.75,1682600735750000000,11.5,11.0,9.0,21857.0,713.0,75130.0,11.5,20.0,12.0,35.0,12.5,49.0,13.0,298.0,13.5,62.0,11.0,40.0,10.5,20.0,10.0,185.0,9.5,171.0,9.0,276.0
2023-04-27 21:05:38.25,1682600738250000000,11.5,11.0,9.0,21857.0,713.0,75130.0,11.5,20.0,12.0,35.0,12.5,49.0,13.0,298.0,13.5,62.0,11.0,40.0,10.5,20.0,10.0,185.0,9.5,181.0,9.0,266.0
2023-04-27 21:05:39.0,1682600739000000000,11.5,11.0,9.0,21857.0,713.0,75130.0,11.5,38.0,12.0,35.0,12.5,49.0,13.0,280.0,13.5,62.0,11.0,40.0,10.5,2.0,10.0,203.0,9.5,181.0,9.0,266.0
2023-04-27 21:05:42.25,1682600742250000000,11.5,11.0,9.0,21857.0,713.0,75130.0,11.5,38.0,12.0,35.0,12.5,49.0,13.0,280.0,13.5,62.0,11.0,42.0,10.5,2.0,10.0,203.0,9.5,181.0,9.0,266.0
2023-04-27 21:05:43.5,1682600743500000000,11.5,11.0,9.0,21857.0,713.0,75130.0,11.5,38.0,12.0,35.0,12.5,49.0,13.0,280.0,13.5,62.0,11.0,42.0,10.5,30.0,10.0,185.0,9.5,181.0,9.0,266.0
2023-04-27 21:05:45.75,1682600745750000000,11.5,11.0,9.0,21857.0,713.0,75130.0,11.5,28.0,12.0,45.0,12.5,49.0,13.0,280.0,13.5,62.0,11.0,42.0,10.5,30.0,10.0,185.0,9.5,181.0,9.0,266.0
2023-04-27 21:05:46.0,1682600746000000000,11.5,11.0,9.0,21857.0,713.0,75130.0,11.5,38.0,12.0,35.0,12.5,49.0,13.0,280.0,13.5,62.0,11.0,42.0,10.5,30.0,10.0,185.0,9.5,181.0,9.0,266.0
2023-04-27 21:05:46.5,1682600746500000000,11.5,11.0,9.0,21857.0,713.0,75130.0,11.5,48.0,12.0,35.0,12.5,49.0,13.0,280.0,13.5,62.0,11.0,42.0,10.5,30.0,10.0,185.0,9.5,181.0,9.0,266.0
2023-04-27 21:05:46.75,1682600746750000000,11.5,11.0,9.0,21857.0,713.0,75130.0,11.5,48.0,12.0,35.0,12.5,49.0,13.0,280.0,13.5,62.0,11.0,43.0,10.5,12.0,10.0,203.0,9.5,171.0,9.0,276.0
2023-04-27 21:05:50.0,1682600750000000000,11.5,11.0,9.0,21857.0,713.0,75130.0,11.5,48.0,12.0,35.0,12.5,49.0,13.0,280.0,13.5,62.0,11.0,43.0,10.5,12.0,10.0,203.0,9.5,181.0,9.0,266.0
2023-04-27 21:05:52.5,1682600752500000000,11.5,11.0,9.0,21857.0,723.0,76230.0,11.5,38.0,12.0,35.0,12.5,49.0,13.0,280.0,13.5,62.0,11.0,33.0,10.5,14.0,10.0,203.0,9.5,171.0,9.0,266.0
2023-04-27 21:05:52.75,1682600752750000000,11.5,11.0,9.0,21857.0,723.0,76230.0,11.5,38.0,12.0,35.0,12.5,49.0,13.0,280.0,13.5,62.0,11.0,34.0,10.5,14.0,10.0,203.0,9.5,171.0,9.0,266.0
2023-04-27 21:05:53.0,1682600753000000000,11.5,11.0,9.0,21857.0,723.0,76230.0,11.5,38.0,12.0,35.0,12.5,49.0,13.0,280.0,13.5,62.0,11.0,44.0,10.5,14.0,10.0,203.0,9.5,171.0,9.0,266.0
2023-04-27 21:05:53.5,1682600753500000000,11.5,11.0,9.0,21857.0,723.0,76230.0,11.5,48.0,12.0,35.0,12.5,49.0,13.0,280.0,13.5,62.0,11.0,54.0,10.5,14.0,10.0,203.0,9.5,181.0,9.0,266.0
2023-04-27 21:05:56.25,1682600756250000000,11.5,11.0,9.0,21857.0,723.0,76230.0,11.5,38.0,12.0,45.0,12.5,49.0,13.0,280.0,13.5,62.0,11.0,54.0,10.5,14.0,10.0,203.0,9.5,181.0,9.0,266.0
2023-04-27 21:05:57.25,1682600757250000000,11.5,11.0,9.0,21857.0,723.0,76230.0,11.5,38.0,12.0,45.0,12.5,49.0,13.0,280.0,13.5,62.0,11.0,24.0,10.5,14.0,10.0,203.0,9.5,181.0,9.0,266.0
2023-04-27 21:05:58.75,1682600758750000000,11.5,11.0,9.0,21857.0,723.0,76230.0,11.5,48.0,12.0,35.0,12.5,49.0,13.0,280.0,13.5,62.0,11.0,24.0,10.5,14.0,10.0,203.0,9.5,181.0,9.0,266.0
2023-04-27 21:06:02.25,1682600762250000000,11.5,11.0,9.0,21857.0,723.0,76230.0,11.5,38.0,12.0,45.0,12.5,49.0,13.0,280.0,13.5,62.0,11.0,24.0,10.5,14.0,10.0,203.0,9.5,181.0,9.0,266.0
2023-04-27 21:06:02.75,1682600762750000000,11.5,11.0,9.0,21857.0,723.0,76230.0,11.5,48.0,12.0,35.0,12.5,49.0,13.0,280.0,13.5,62.0,11.0,24.0,10.5,14.0,10.0,203.0,9.5,181.0,9.0,266.0
2023-04-27 21:06:07.25,1682600767250000000,11.5,11.5,9.0,21858.0,724.0,76345.0,11.5,47.0,12.0,35.0,12.5,49.0,13.0,280.0,13.5,62.0,11.0,24.0,10.5,14.0,10.0,203.0,9.5,181.0,9.0,266.0
2023-04-27 21:06:08.0,1682600768000000000,11.5,11.0,9.0,21858.0,734.0,77445.0,11.5,37.0,12.0,35.0,12.5,49.0,13.0,280.0,13.5,62.0,11.0,14.0,10.5,16.0,10.0,203.0,9.5,171.0,9.0,266.0
2023-04-27 21:06:09.25,1682600769250000000,11.5,11.0,9.0,21858.0,734.0,77445.0,11.5,37.0,12.0,35.0,12.5,49.0,13.0,280.0,13.5,62.0,11.0,14.0,10.5,21.0,10.0,203.0,9.5,171.0,9.0,266.0
2023-04-27 21:06:09.5,1682600769500000000,11.5,11.0,9.0,21858.0,734.0,77445.0,11.5,47.0,12.0,35.0,12.5,49.0,13.0,280.0,13.5,62.0,11.0,14.0,10.5,21.0,10.0,203.0,9.5,181.0,9.0,266.0
2023-04-27 21:06:10.25,1682600770250000000,11.5,11.0,9.0,21858.0,734.0,77445.0,11.5,47.0,12.0,35.0,12.5,49.0,13.0,300.0,13.5,62.0,11.0,14.0,10.5,21.0,10.0,203.0,9.5,181.0,9.0,266.0
2023-04-27 21:06:11.25,1682600771250000000,11.5,11.0,9.0,21858.0,734.0,77445.0,11.5,37.0,12.0,45.0,12.5,49.0,13.0,300.0,13.5,62.0,11.0,14.0,10.5,21.0,10.0,203.0,9.5,181.0,9.0,266.0
2023-04-27 21:06:14.25,1682600774250000000,11.5,11.5,9.0,21876.0,763.0,80780.0,12.0,54.0,12.5,49.0,13.0,318.0,13.5,62.0,14.0,20.0,11.0,14.0,10.5,30.0,10.0,203.0,9.5,181.0,9.0,266.0
2023-04-27 21:06:15.0,1682600775000000000,11.5,11.5,9.0,21876.0,763.0,80780.0,12.0,55.0,12.5,49.0,13.0,318.0,13.5,62.0,14.0,20.0,11.0,15.0,10.5,30.0,10.0,203.0,9.5,181.0,9.0,266.0
2023-04-27 21:06:15.75,1682600775750000000,11.5,11.5,9.0,21876.0,763.0,80780.0,11.5,10.0,12.0,45.0,12.5,49.0,13.0,318.0,13.5,62.0,11.0,15.0,10.5,30.0,10.0,203.0,9.5,181.0,9.0,266.0
2023-04-27 21:06:16.25,1682600776250000000,11.5,11.5,9.0,21876.0,763.0,80780.0,11.5,11.0,12.0,44.0,12.5,49.0,13.0,318.0,13.5,62.0,11.0,15.0,10.5,30.0,10.0,205.0,9.5,181.0,9.0,266.0
2023-04-27 21:06:18.25,1682600778250000000,11.5,11.5,9.0,21876.0,763.0,80780.0,11.5,31.0,12.0,44.0,12.5,49.0,13.0,318.0,13.5,62.0,11.0,35.0,10.5,30.0,10.0,215.0,9.5,171.0,9.0,266.0
2023-04-27 21:06:19.25,1682600779250000000,11.5,11.5,9.0,21876.0,763.0,80780.0,11.5,11.0,12.0,64.0,12.5,49.0,13.0,298.0,13.5,62.0,11.0,35.0,10.5,30.0,10.0,215.0,9.5,171.0,9.0,266.0
2023-04-27 21:06:19.75,1682600779750000000,11.5,11.5,9.0,21876.0,763.0,80780.0,11.5,31.0,12.0,44.0,12.5,49.0,13.0,298.0,13.5,62.0,11.0,35.0,10.5,30.0,10.0,215.0,9.5,171.0,9.0,266.0
2023-04-27 21:06:20.25,1682600780250000000,11.5,11.0,9.0,21876.0,773.0,81880.0,11.5,39.0,12.0,44.0,12.5,49.0,13.0,280.0,13.5,62.0,11.0,25.0,10.5,30.0,10.0,205.0,9.5,171.0,9.0,266.0
2023-04-27 21:06:20.75,1682600780750000000,11.5,11.0,9.0,21876.0,773.0,81880.0,11.5,39.0,12.0,44.0,12.5,49.0,13.0,280.0,13.5,62.0,11.0,35.0,10.5,30.0,10.0,205.0,9.5,171.0,9.0,266.0
2023-04-27 21:06:28.0,1682600788000000000,11.5,11.0,9.0,21876.0,773.0,81880.0,11.5,39.0,12.0,54.0,12.5,49.0,13.0,280.0,13.5,62.0,11.0,35.0,10.5,48.0,10.0,187.0,9.5,181.0,9.0,266.0
2023-04-27 21:06:30.25,1682600790250000000,11.5,11.0,9.0,21876.0,773.0,81880.0,11.5,49.0,12.0,44.0,12.5,49.0,13.0,280.0,13.5,62.0,11.0,35.0,10.5,48.0,10.0,187.0,9.5,181.0,9.0,266.0
2023-04-27 21:06:31.5,1682600791500000000,11.5,11.0,9.0,21876.0,773.0,81880.0,11.5,49.0,12.0,44.0,12.5,49.0,13.0,280.0,13.5,62.0,11.0,35.0,10.5,30.0,10.0,205.0,9.5,181.0,9.0,266.0
2023-04-27 21:06:32.25,1682600792250000000,11.5,11.0,9.0,21876.0,783.0,82980.0,11.5,38.0,12.0,44.0,12.5,49.0,13.0,280.0,13.5,62.0,11.0,25.0,10.5,30.0,10.0,205.0,9.5,171.0,9.0,266.0
2023-04-27 21:06:32.5,1682600792500000000,11.5,11.0,9.0,21876.0,783.0,82980.0,11.5,38.0,12.0,44.0,12.5,49.0,13.0,280.0,13.5,62.0,11.0,30.0,10.5,30.0,10.0,205.0,9.5,171.0,9.0,266.0
2023-04-27 21:06:33.0,1682600793000000000,11.5,11.0,9.0,21876.0,783.0,82980.0,11.5,48.0,12.0,44.0,12.5,49.0,13.0,280.0,13.5,62.0,11.0,30.0,10.5,30.0,10.0,205.0,9.5,171.0,9.0,266.0
2023-04-27 21:06:33.25,1682600793250000000,11.5,11.0,9.0,21876.0,783.0,82980.0,11.5,58.0,12.0,44.0,12.5,49.0,13.0,280.0,13.5,62.0,11.0,30.0,10.5,30.0,10.0,205.0,9.5,181.0,9.0,266.0
2023-04-27 21:06:33.5,1682600793500000000,11.5,11.0,9.0,21876.0,783.0,82980.0,11.5,59.0,12.0,44.0,12.5,49.0,13.0,280.0,13.5,62.0,11.0,30.0,10.5,30.0,10.0,205.0,9.5,181.0,9.0,266.0
2023-04-27 21:06:35.25,1682600795250000000,11.5,11.0,9.0,21876.0,783.0,82980.0,11.5,49.0,12.0,54.0,12.5,49.0,13.0,280.0,13.5,62.0,11.0,30.0,10.5,30.0,10.0,205.0,9.5,181.0,9.0,266.0
2023-04-27 21:06:36.0,1682600796000000000,11.5,11.0,9.0,21876.0,803.0,85180.0,11.5,49.0,12.0,54.0,12.5,49.0,13.0,300.0,13.5,62.0,11.0,10.0,10.5,30.0,10.0,205.0,9.5,181.0,9.0,266.0
2023-04-27 21:06:36.25,1682600796250000000,11.5,11.0,9.0,21876.0,803.0,85180.0,11.0,20.0,11.5,38.0,12.0,54.0,12.5,49.0,13.0,300.0,10.5,30.0,10.0,225.0,9.5,181.0,9.0,266.0,8.5,51.0
2023-04-27 21:06:36.5,1682600796500000000,11.5,11.0,9.0,21876.0,803.0,85180.0,11.0,38.0,11.5,20.0,12.0,54.0,12.5,49.0,13.0,300.0,10.5,30.0,10.0,225.0,9.5,181.0,9.0,266.0,8.5,51.0
2023-04-27 21:06:37.75,1682600797750000000,11.5,11.0,9.0,21876.0,803.0,85180.0,11.0,38.0,11.5,30.0,12.0,44.0,12.5,49.0,13.0,300.0,10.5,21.0,10.0,225.0,9.5,171.0,9.0,276.0,8.5,51.0
2023-04-27 21:06:40.5,1682600800500000000,11.5,11.0,9.0,21876.0,803.0,85180.0,11.0,38.0,11.5,30.0,12.0,44.0,12.5,49.0,13.0,280.0,10.5,21.0,10.0,225.0,9.5,171.0,9.0,276.0,8.5,51.0
2023-04-27 21:06:40.75,1682600800750000000,11.5,11.0,9.0,21876.0,803.0,85180.0,11.0,48.0,11.5,20.0,12.0,44.0,12.5,49.0,13.0,280.0,10.5,21.0,10.0,225.0,9.5,181.0,9.0,266.0,8.5,51.0
2023-04-27 21:06:42.0,1682600802000000000,11.5,11.0,9.0,21876.0,803.0,85180.0,11.0,48.0,11.5,70.0,12.0,44.0,12.5,49.0,13.0,280.0,10.5,21.0,10.0,205.0,9.5,201.0,9.0,266.0,8.5,51.0
2023-04-27 21:06:47.75,1682600807750000000,11.5,11.0,9.0,21876.0,803.0,85180.0,11.0,48.0,11.5,70.0,12.0,42.0,12.5,49.0,13.0,280.0,10.5,21.0,10.0,205.0,9.5,201.0,9.0,264.0,8.5,51.0
2023-04-27 21:06:48.5,1682600808500000000,11.5,11.0,9.0,21876.0,803.0,85180.0,11.0,49.0,11.5,69.0,12.0,42.0,12.5,49.0,13.0,280.0,10.5,21.0,10.0,205.0,9.5,202.0,9.0,264.0,8.5,51.0
2023-04-27 21:06:56.0,1682600816000000000,11.5,11.0,9.0,21876.0,803.0,85180.0,11.0,39.0,11.5,79.0,12.0,42.0,12.5,49.0,13.0,280.0,10.5,21.0,10.0,210.0,9.5,202.0,9.0,264.0,8.5,51.0
2023-04-27 21:06:59.75,1682600819750000000,11.5,11.0,9.0,21876.0,803.0,85180.0,11.0,39.0,11.5,89.0,12.0,42.0,12.5,49.0,13.0,280.0,10.5,21.0,10.0,220.0,9.5,202.0,9.0,264.0,8.5,51.0
2023-04-27 21:07:00.25,1682600820250000000,11.5,11.0,9.0,21876.0,803.0,85180.0,11.0,39.0,11.5,89.0,12.0,42.0,12.5,69.0,13.0,280.0,10.5,21.0,10.0,220.0,9.5,202.0,9.0,264.0,8.5,51.0
2023-04-27 21:07:01.5,1682600821500000000,11.5,11.0,9.0,21876.0,803.0,85180.0,11.0,39.0,11.5,89.0,12.0,42.0,12.5,69.0,13.0,280.0,10.5,23.0,10.0,218.0,9.5,202.0,9.0,264.0,8.5,51.0
2023-04-27 21:07:02.0,1682600822000000000,11.5,11.0,9.0,21876.0,803.0,85180.0,11.0,49.0,11.5,79.0,12.0,42.0,12.5,69.0,13.0,280.0,10.5,23.0,10.0,218.0,9.5,202.0,9.0,264.0,8.5,51.0
2023-04-27 21:07:02.25,1682600822250000000,11.5,11.0,9.0,21876.0,803.0,85180.0,11.0,39.0,11.5,89.0,12.0,42.0,12.5,69.0,13.0,280.0,10.5,19.0,10.0,218.0,9.5,202.0,9.0,264.0,8.5,51.0
2023-04-27 21:07:04.0,1682600824000000000,11.5,11.0,9.0,21876.0,803.0,85180.0,11.0,39.0,11.5,109.0,12.0,42.0,12.5,49.0,13.0,280.0,10.5,19.0,10.0,218.0,9.5,202.0,9.0,264.0,8.5,51.0
2023-04-27 21:07:07.25,1682600827250000000,11.5,11.0,9.0,21876.0,803.0,85180.0,11.0,39.0,11.5,109.0,12.0,42.0,12.5,49.0,13.0,280.0,10.5,28.0,10.0,218.0,9.5,202.0,9.0,264.0,8.5,51.0
2023-04-27 21:07:08.25,1682600828250000000,11.5,11.0,9.0,21876.0,803.0,85180.0,11.0,49.0,11.5,99.0,12.0,42.0,12.5,49.0,13.0,280.0,10.5,28.0,10.0,218.0,9.5,202.0,9.0,264.0,8.5,51.0
2023-04-27 21:07:10.25,1682600830250000000,11.5,11.0,9.0,21876.0,803.0,85180.0,11.0,49.0,11.5,79.0,12.0,42.0,12.5,69.0,13.0,280.0,10.5,28.0,10.0,218.0,9.5,202.0,9.0,264.0,8.5,51.0
2023-04-27 21:07:11.25,1682600831250000000,11.5,11.0,9.0,21876.0,803.0,85180.0,11.0,49.0,11.5,99.0,12.0,42.0,12.5,69.0,13.0,280.0,10.5,28.0,10.0,218.0,9.5,202.0,9.0,284.0,8.5,51.0
2023-04-27 21:07:12.0,1682600832000000000,11.5,11.0,9.0,21876.0,803.0,85180.0,11.0,59.0,11.5,99.0,12.0,42.0,12.5,69.0,13.0,280.0,10.5,28.0,10.0,238.0,9.5,192.0,9.0,284.0,8.5,51.0
2023-04-27 21:07:15.5,1682600835500000000,11.5,11.0,9.0,21876.0,803.0,85180.0,11.0,79.0,11.5,99.0,12.0,42.0,12.5,69.0,13.0,280.0,10.5,28.0,10.0,238.0,9.5,212.0,9.0,284.0,8.5,51.0
2023-04-27 21:07:20.5,1682600840500000000,11.5,11.0,9.0,21876.0,803.0,85180.0,11.0,79.0,11.5,79.0,12.0,42.0,12.5,69.0,13.0,280.0,10.5,28.0,10.0,238.0,9.5,212.0,9.0,264.0,8.5,51.0
2023-04-27 21:07:21.5,1682600841500000000,11.5,11.0,9.0,21876.0,803.0,85180.0,11.0,79.0,11.5,79.0,12.0,42.0,12.5,69.0,13.0,280.0,10.5,37.0,10.0,238.0,9.5,212.0,9.0,264.0,8.5,51.0
2023-04-27 21:07:22.25,1682600842250000000,11.5,10.5,9.0,21867.0,833.0,88330.0,11.0,79.0,11.5,79.0,12.0,42.0,12.5,69.0,13.0,280.0,10.5,7.0,10.0,238.0,9.5,212.0,9.0,264.0,8.5,51.0
2023-04-27 21:07:23.25,1682600843250000000,11.5,10.5,9.0,21867.0,833.0,88330.0,11.0,79.0,11.5,79.0,12.0,42.0,12.5,94.0,13.0,280.0,10.5,7.0,10.0,238.0,9.5,212.0,9.0,264.0,8.5,76.0
2023-04-27 21:07:34.25,1682600854250000000,11.5,10.5,9.0,21867.0,833.0,88330.0,11.0,79.0,11.5,79.0,12.0,52.0,12.5,94.0,13.0,280.0,10.5,7.0,10.0,238.0,9.5,212.0,9.0,264.0,8.5,76.0
2023-04-27 21:07:35.5,1682600855500000000,11.5,10.5,9.0,21867.0,833.0,88330.0,11.0,79.0,11.5,79.0,12.0,77.0,12.5,69.0,13.0,280.0,10.5,7.0,10.0,238.0,9.5,212.0,9.0,264.0,8.5,76.0
2023-04-27 21:07:38.75,1682600858750000000,11.5,10.5,9.0,21867.0,833.0,88330.0,11.0,79.0,11.5,79.0,12.0,77.0,12.5,49.0,13.0,280.0,10.5,7.0,10.0,238.0,9.5,192.0,9.0,284.0,8.5,76.0
2023-04-27 21:07:40.75,1682600860750000000,11.5,10.5,9.0,21867.0,840.0,89065.0,10.5,23.0,11.0,79.0,11.5,79.0,12.0,77.0,12.5,49.0,10.0,238.0,9.5,212.0,9.0,264.0,8.5,76.0,8.0,231.0
2023-04-27 21:07:41.0,1682600861000000000,11.5,10.5,9.0,21867.0,840.0,89065.0,10.5,34.0,11.0,60.0,11.5,69.0,12.0,77.0,12.5,49.0,10.0,200.0,9.5,232.0,9.0,264.0,8.5,76.0,8.0,231.0
2023-04-27 21:07:42.25,1682600862250000000,11.5,10.5,9.0,21867.0,840.0,89065.0,10.5,34.0,11.0,60.0,11.5,69.0,12.0,77.0,12.5,59.0,10.0,200.0,9.5,222.0,9.0,264.0,8.5,86.0,8.0,231.0
2023-04-27 21:07:43.0,1682600863000000000,11.5,10.5,9.0,21867.0,840.0,89065.0,10.5,52.0,11.0,60.0,11.5,69.0,12.0,77.0,12.5,59.0,10.0,200.0,9.5,240.0,9.0,264.0,8.5,86.0,8.0,231.0
2023-04-27 21:07:47.25,1682600867250000000,11.5,10.5,9.0,21867.0,840.0,89065.0,10.5,52.0,11.0,60.0,11.5,69.0,12.0,77.0,12.5,59.0,10.0,250.0,9.5,190.0,9.0,264.0,8.5,86.0,8.0,231.0
2023-04-27 21:07:50.25,1682600870250000000,11.5,10.5,9.0,21867.0,840.0,89065.0,10.5,52.0,11.0,60.0,11.5,69.0,12.0,77.0,12.5,59.0,10.0,268.0,9.5,172.0,9.0,264.0,8.5,86.0,8.0,231.0
2023-04-27 21:07:51.0,1682600871000000000,11.5,10.5,9.0,21867.0,840.0,89065.0,10.5,52.0,11.0,50.0,11.5,79.0,12.0,77.0,12.5,59.0,10.0,268.0,9.5,172.0,9.0,264.0,8.5,86.0,8.0,231.0
2023-04-27 21:07:51.75,1682600871750000000,11.5,10.5,9.0,21867.0,840.0,89065.0,10.5,52.0,11.0,50.0,11.5,79.0,12.0,77.0,12.5,59.0,10.0,274.0,9.5,172.0,9.0,264.0,8.5,86.0,8.0,231.0
2023-04-27 21:07:52.0,1682600872000000000,11.5,10.5,9.0,21867.0,840.0,89065.0,10.5,52.0,11.0,50.0,11.5,79.0,12.0,77.0,12.5,59.0,10.0,274.0,9.5,172.0,9.0,264.0,8.5,86.0,8.0,211.0
2023-04-27 21:07:53.5,1682600873500000000,11.5,10.0,9.0,21867.0,846.0,89665.0,10.5,52.0,11.0,50.0,11.5,79.0,12.0,77.0,12.5,59.0,10.0,268.0,9.5,172.0,9.0,264.0,8.5,86.0,8.0,211.0
2023-04-27 21:07:53.75,1682600873750000000,11.5,10.0,9.0,21867.0,852.0,90265.0,10.5,52.0,11.0,50.0,11.5,79.0,12.0,77.0,12.5,59.0,10.0,262.0,9.5,172.0,9.0,264.0,8.5,86.0,8.0,211.0
2023-04-27 21:07:54.0,1682600874000000000,11.5,10.0,9.0,21867.0,858.0,90865.0,10.5,52.0,11.0,50.0,11.5,79.0,12.0,77.0,12.5,59.0,10.0,256.0,9.5,152.0,9.0,284.0,8.5,86.0,8.0,211.0
2023-04-27 21:07:54.25,1682600874250000000,11.5,10.0,9.0,21867.0,864.0,91465.0,10.5,52.0,11.0,50.0,11.5,79.0,12.0,77.0,12.5,59.0,10.0,250.0,9.5,152.0,9.0,284.0,8.5,86.0,8.0,211.0
2023-04-27 21:07:54.5,1682600874500000000,11.5,10.0,9.0,21867.0,870.0,92065.0,10.5,52.0,11.0,50.0,11.5,79.0,12.0,77.0,12.5,59.0,10.0,256.0,9.5,152.0,9.0,284.0,8.5,86.0,8.0,211.0
2023-04-27 21:07:54.75,1682600874750000000,11.5,10.0,9.0,21867.0,876.0,92665.0,10.5,52.0,11.0,50.0,11.5,79.0,12.0,77.0,12.5,59.0,10.0,250.0,9.5,152.0,9.0,284.0,8.5,86.0,8.0,211.0
2023-04-27 21:07:56.25,1682600876250000000,11.5,10.0,9.0,21867.0,876.0,92665.0,10.5,52.0,11.0,60.0,11.5,69.0,12.0,77.0,12.5,59.0,10.0,250.0,9.5,152.0,9.0,284.0,8.5,86.0,8.0,211.0
2023-04-27 21:07:56.75,1682600876750000000,11.5,10.0,9.0,21867.0,876.0,92665.0,10.5,52.0,11.0,50.0,11.5,79.0,12.0,77.0,12.5,59.0,10.0,250.0,9.5,152.0,9.0,284.0,8.5,86.0,8.0,211.0
2023-04-27 21:07:58.25,1682600878250000000,11.5,10.0,9.0,21867.0,882.0,93265.0,10.5,52.0,11.0,50.0,11.5,79.0,12.0,77.0,12.5,59.0,10.0,244.0,9.5,152.0,9.0,284.0,8.5,86.0,8.0,211.0
2023-04-27 21:07:58.5,1682600878500000000,11.5,10.0,9.0,21867.0,888.0,93865.0,10.5,52.0,11.0,50.0,11.5,79.0,12.0,77.0,12.5,59.0,10.0,238.0,9.5,152.0,9.0,284.0,8.5,86.0,8.0,211.0
2023-04-27 21:07:58.75,1682600878750000000,11.5,10.0,9.0,21867.0,888.0,93865.0,10.5,52.0,11.0,50.0,11.5,79.0,12.0,77.0,12.5,59.0,10.0,243.0,9.5,152.0,9.0,284.0,8.5,86.0,8.0,211.0
2023-04-27 21:07:59.0,1682600879000000000,11.5,10.0,9.0,21867.0,888.0,93865.0,10.5,42.0,11.0,50.0,11.5,79.0,12.0,77.0,12.5,59.0,10.0,243.0,9.5,142.0,9.0,284.0,8.5,86.0,8.0,211.0
2023-04-27 21:07:59.25,1682600879250000000,11.5,10.0,9.0,21867.0,888.0,93865.0,10.5,42.0,11.0,60.0,11.5,69.0,12.0,77.0,12.5,59.0,10.0,243.0,9.5,142.0,9.0,284.0,8.5,86.0,8.0,211.0
2023-04-27 21:08:00.5,1682600880500000000,11.5,10.0,9.0,21867.0,888.0,93865.0,10.5,52.0,11.0,60.0,11.5,69.0,12.0,77.0,12.5,59.0,10.0,243.0,9.5,152.0,9.0,284.0,8.5,86.0,8.0,211.0
2023-04-27 21:08:01.25,1682600881250000000,11.5,10.0,9.0,21867.0,888.0,93865.0,10.5,52.0,11.0,60.0,11.5,94.0,12.0,52.0,12.5,59.0,10.0,243.0,9.5,177.0,9.0,284.0,8.5,61.0,8.0,211.0
2023-04-27 21:08:02.75,1682600882750000000,11.5,10.0,9.0,21867.0,888.0,93865.0,10.5,52.0,11.0,60.0,11.5,94.0,12.0,52.0,12.5,59.0,10.0,244.0,9.5,177.0,9.0,284.0,8.5,61.0,8.0,211.0
2023-04-27 21:08:03.0,1682600883000000000,11.5,10.0,9.0,21867.0,888.0,93865.0,10.5,52.0,11.0,85.0,11.5,69.0,12.0,52.0,12.5,59.0,10.0,244.0,9.5,177.0,9.0,284.0,8.5,61.0,8.0,211.0
2023-04-27 21:08:03.75,1682600883750000000,11.5,10.0,9.0,21867.0,888.0,93865.0,10.5,52.0,11.0,85.0,11.5,74.0,12.0,52.0,12.5,59.0,10.0,244.0,9.5,177.0,9.0,284.0,8.5,61.0,8.0,211.0
2023-04-27 21:08:04.5,1682600884500000000,11.5,10.0,9.0,21867.0,888.0,93865.0,10.5,52.0,11.0,85.0,11.5,74.0,12.0,52.0,12.5,59.0,10.0,245.0,9.5,177.0,9.0,284.0,8.5,61.0,8.0,211.0
2023-04-27 21:08:07.0,1682600887000000000,11.5,10.0,9.0,21867.0,888.0,93865.0,10.5,52.0,11.0,94.0,11.5,74.0,12.0,43.0,12.5,59.0,10.0,245.0,9.5,177.0,9.0,284.0,8.5,61.0,8.0,211.0
2023-04-27 21:08:07.25,1682600887250000000,11.5,10.0,9.0,21867.0,888.0,93865.0,10.5,52.0,11.0,94.0,11.5,74.0,12.0,43.0,12.5,79.0,10.0,245.0,9.5,177.0,9.0,284.0,8.5,61.0,8.0,231.0
2023-04-27 21:08:09.0,1682600889000000000,11.5,10.0,9.0,21867.0,888.0,93865.0,10.5,52.0,11.0,94.0,11.5,74.0,12.0,43.0,12.5,79.0,10.0,217.0,9.5,205.0,9.0,284.0,8.5,61.0,8.0,231.0
2023-04-27 21:08:10.0,1682600890000000000,11.5,10.0,9.0,21867.0,888.0,93865.0,10.5,52.0,11.0,94.0,11.5,74.0,12.0,43.0,12.5,79.0,10.0,217.0,9.5,185.0,9.0,304.0,8.5,61.0,8.0,231.0
2023-04-27 21:08:11.25,1682600891250000000,11.5,10.0,9.0,21867.0,888.0,93865.0,10.5,52.0,11.0,94.0,11.5,74.0,12.0,43.0,12.5,79.0,10.0,217.0,9.5,160.0,9.0,329.0,8.5,61.0,8.0,231.0
2023-04-27 21:08:11.5,1682600891500000000,11.5,10.0,9.0,21867.0,888.0,93865.0,10.5,52.0,11.0,94.0,11.5,74.0,12.0,43.0,12.5,79.0,10.0,217.0,9.5,185.0,9.0,304.0,8.5,61.0,8.0,231.0
2023-04-27 21:08:14.25,1682600894250000000,11.5,10.0,9.0,21867.0,888.0,93865.0,10.5,52.0,11.0,94.0,11.5,74.0,12.0,43.0,12.5,79.0,10.0,227.0,9.5,175.0,9.0,304.0,8.5,61.0,8.0,231.0
2023-04-27 21:08:17.0,1682600897000000000,11.5,10.0,9.0,21867.0,888.0,93865.0,10.5,52.0,11.0,94.0,11.5,74.0,12.0,43.0,12.5,79.0,10.0,227.0,9.5,150.0,9.0,329.0,8.5,61.0,8.0,231.0
2023-04-27 21:08:17.25,1682600897250000000,11.5,10.0,9.0,21867.0,888.0,93865.0,10.5,52.0,11.0,94.0,11.5,74.0,12.0,43.0,12.5,79.0,10.0,217.0,9.5,160.0,9.0,329.0,8.5,61.0,8.0,231.0
2023-04-27 21:08:18.25,1682600898250000000,11.5,10.0,9.0,21867.0,888.0,93865.0,10.5,52.0,11.0,94.0,11.5,74.0,12.0,43.0,12.5,79.0,10.0,217.0,9.5,185.0,9.0,304.0,8.5,61.0,8.0,231.0
2023-04-27 21:08:18.5,1682600898500000000,11.5,10.5,9.0,21867.0,898.0,94915.0,10.5,42.0,11.0,94.0,11.5,74.0,12.0,43.0,12.5,79.0,10.0,227.0,9.5,175.0,9.0,304.0,8.5,61.0,8.0,231.0
2023-04-27 21:08:20.5,1682600900500000000,11.5,10.5,9.0,21867.0,898.0,94915.0,10.5,42.0,11.0,94.0,11.5,74.0,12.0,43.0,12.5,79.0,10.0,245.0,9.5,157.0,9.0,304.0,8.5,61.0,8.0,231.0
2023-04-27 21:08:21.5,1682600901500000000,11.5,10.0,9.0,21867.0,948.0,99915.0,10.5,42.0,11.0,94.0,11.5,74.0,12.0,43.0,12.5,79.0,10.0,195.0,9.5,177.0,9.0,284.0,8.5,61.0,8.0,231.0
2023-04-27 21:08:23.75,1682600903750000000,11.5,10.0,9.0,21867.0,948.0,99915.0,10.5,42.0,11.0,94.0,11.5,74.0,12.0,43.0,12.5,79.0,10.0,245.0,9.5,177.0,9.0,284.0,8.5,61.0,8.0,231.0
2023-04-27 21:08:24.5,1682600904500000000,11.5,10.5,9.0,21867.0,949.0,100020.0,10.5,41.0,11.0,94.0,11.5,74.0,12.0,43.0,12.5,79.0,10.0,245.0,9.5,177.0,9.0,284.0,8.5,61.0,8.0,231.0
2023-04-27 21:08:25.0,1682600905000000000,11.5,10.5,9.0,21867.0,949.0,100020.0,10.5,23.0,11.0,94.0,11.5,74.0,12.0,43.0,12.5,79.0,10.0,227.0,9.5,177.0,9.0,284.0,8.5,61.0,8.0,231.0
2023-04-27 21:08:25.25,1682600905250000000,11.5,10.5,9.0,21867.0,949.0,100020.0,10.5,13.0,11.0,94.0,11.5,74.0,12.0,43.0,12.5,79.0,10.0,227.0,9.5,167.0,9.0,284.0,8.5,61.0,8.0,231.0
2023-04-27 21:08:25.5,1682600905500000000,11.5,10.5,9.0,21867.0,949.0,100020.0,10.5,13.0,11.0,104.0,11.5,74.0,12.0,43.0,12.5,79.0,10.0,227.0,9.5,177.0,9.0,284.0,8.5,61.0,8.0,231.0
2023-04-27 21:08:25.75,1682600905750000000,11.5,10.5,9.0,21867.0,949.0,100020.0,10.5,31.0,11.0,104.0,11.5,74.0,12.0,43.0,12.5,79.0,10.0,217.0,9.5,205.0,9.0,284.0,8.5,61.0,8.0,231.0
2023-04-27 21:08:26.5,1682600906500000000,11.5,10.5,9.0,21867.0,949.0,100020.0,10.5,31.0,11.0,104.0,11.5,74.0,12.0,43.0,12.5,79.0,10.0,217.0,9.5,180.0,9.0,309.0,8.5,61.0,8.0,231.0
2023-04-27 21:08:28.5,1682600908500000000,11.5,10.5,9.0,21867.0,949.0,100020.0,10.5,31.0,11.0,104.0,11.5,74.0,12.0,43.0,12.5,79.0,10.0,235.0,9.5,162.0,9.0,309.0,8.5,61.0,8.0,231.0
2023-04-27 21:08:29.25,1682600909250000000,11.5,10.5,9.0,21867.0,949.0,100020.0,10.5,31.0,11.0,124.0,11.5,74.0,12.0,43.0,12.5,59.0,10.0,245.0,9.5,172.0,9.0,309.0,8.5,61.0,8.0,211.0
2023-04-27 21:08:29.5,1682600909500000000,11.5,10.5,9.0,21867.0,949.0,100020.0,10.5,51.0,11.0,104.0,11.5,74.0,12.0,43.0,12.5,59.0,10.0,235.0,9.5,182.0,9.0,309.0,8.5,61.0,8.0,211.0
2023-04-27 21:08:29.75,1682600909750000000,11.5,10.5,9.0,21867.0,949.0,100020.0,10.5,51.0,11.0,104.0,11.5,74.0,12.0,43.0,12.5,59.0,10.0,240.0,9.5,172.0,9.0,309.0,8.5,61.0,8.0,211.0
2023-04-27 21:08:30.25,1682600910250000000,11.5,10.5,9.0,21867.0,950.0,100125.0,10.5,50.0,11.0,104.0,11.5,74.0,12.0,43.0,12.5,59.0,10.0,240.0,9.5,172.0,9.0,309.0,8.5,61.0,8.0,211.0
2023-04-27 21:08:34.25,1682600914250000000,11.5,10.5,9.0,21867.0,950.0,100125.0,10.5,50.0,11.0,104.0,11.5,74.0,12.0,43.0,12.5,59.0,10.0,222.0,9.5,190.0,9.0,309.0,8.5,61.0,8.0,211.0
2023-04-27 21:08:34.5,1682600914500000000,11.5,10.5,9.0,21867.0,950.0,100125.0,10.5,50.0,11.0,104.0,11.5,74.0,12.0,43.0,12.5,59.0,10.0,212.0,9.5,180.0,9.0,329.0,8.5,61.0,8.0,211.0
2023-04-27 21:08:35.5,1682600915500000000,11.5,10.5,9.0,21867.0,950.0,100125.0,10.5,50.0,11.0,104.0,11.5,74.0,12.0,43.0,12.5,69.0,10.0,212.0,9.5,180.0,9.0,329.0,8.5,61.0,8.0,211.0
2023-04-27 21:08:36.5,1682600916500000000,11.5,10.5,9.0,21867.0,950.0,100125.0,10.5,50.0,11.0,104.0,11.5,74.0,12.0,43.0,12.5,69.0,10.0,212.0,9.5,200.0,9.0,309.0,8.5,61.0,8.0,211.0
2023-04-27 21:08:37.25,1682600917250000000,11.5,10.5,9.0,21867.0,950.0,100125.0,10.5,50.0,11.0,104.0,11.5,74.0,12.0,43.0,12.5,69.0,10.0,212.0,9.5,180.0,9.0,329.0,8.5,61.0,8.0,211.0
2023-04-27 21:08:38.25,1682600918250000000,11.5,10.5,9.0,21867.0,950.0,100125.0,10.5,50.0,11.0,104.0,11.5,74.0,12.0,43.0,12.5,69.0,10.0,222.0,9.5,170.0,9.0,329.0,8.5,61.0,8.0,211.0
2023-04-27 21:08:39.75,1682600919750000000,11.5,10.5,9.0,21867.0,950.0,100125.0,10.5,50.0,11.0,104.0,11.5,74.0,12.0,43.0,12.5,70.0,10.0,222.0,9.5,170.0,9.0,329.0,8.5,61.0,8.0,211.0
2023-04-27 21:08:40.75,1682600920750000000,11.5,10.5,9.0,21867.0,950.0,100125.0,10.5,50.0,11.0,104.0,11.5,74.0,12.0,43.0,12.5,71.0,10.0,222.0,9.5,170.0,9.0,329.0,8.5,61.0,8.0,211.0
2023-04-27 21:08:41.25,1682600921250000000,11.5,10.5,9.0,21867.0,950.0,100125.0,10.5,50.0,11.0,104.0,11.5,74.0,12.0,43.0,12.5,71.0,10.0,212.0,9.5,180.0,9.0,329.0,8.5,61.0,8.0,211.0
2023-04-27 21:08:42.5,1682600922500000000,11.5,10.0,9.0,21867.0,956.0,100725.0,10.5,50.0,11.0,104.0,11.5,74.0,12.0,43.0,12.5,71.0,10.0,206.0,9.5,180.0,9.0,329.0,8.5,61.0,8.0,211.0
2023-04-27 21:08:42.75,1682600922750000000,11.5,10.0,9.0,21867.0,962.0,101325.0,10.5,50.0,11.0,104.0,11.5,74.0,12.0,43.0,12.5,71.0,10.0,210.0,9.5,195.0,9.0,304.0,8.5,61.0,8.0,211.0
2023-04-27 21:08:47.75,1682600927750000000,11.5,10.0,9.0,21867.0,962.0,101325.0,10.5,50.0,11.0,104.0,11.5,74.0,12.0,43.0,12.5,71.0,10.0,200.0,9.5,205.0,9.0,304.0,8.5,61.0,8.0,211.0
2023-04-27 21:08:50.25,1682600930250000000,11.5,10.0,9.0,21867.0,962.0,101325.0,10.5,32.0,11.0,104.0,11.5,74.0,12.0,43.0,12.5,71.0,10.0,210.0,9.5,177.0,9.0,304.0,8.5,61.0,8.0,211.0
2023-04-27 21:08:50.5,1682600930500000000,11.5,10.0,9.0,21867.0,962.0,101325.0,10.5,50.0,11.0,104.0,11.5,74.0,12.0,43.0,12.5,71.0,10.0,228.0,9.5,177.0,9.0,304.0,8.5,61.0,8.0,211.0
2023-04-27 21:08:51.5,1682600931500000000,11.5,10.0,9.0,21867.0,962.0,101325.0,10.5,32.0,11.0,104.0,11.5,74.0,12.0,43.0,12.5,71.0,10.0,210.0,9.5,177.0,9.0,304.0,8.5,61.0,8.0,211.0
2023-04-27 21:08:51.75,1682600931750000000,11.5,10.0,9.0,21867.0,962.0,101325.0,10.5,50.0,11.0,104.0,11.5,74.0,12.0,43.0,12.5,71.0,10.0,210.0,9.5,195.0,9.0,304.0,8.5,61.0,8.0,211.0
2023-04-27 21:08:52.25,1682600932250000000,11.5,10.0,9.0,21867.0,962.0,101325.0,10.5,32.0,11.0,104.0,11.5,74.0,12.0,43.0,12.5,71.0,10.0,210.0,9.5,177.0,9.0,304.0,8.5,61.0,8.0,211.0
2023-04-27 21:08:52.5,1682600932500000000,11.5,10.0,9.0,21867.0,962.0,101325.0,10.5,50.0,11.0,94.0,11.5,74.0,12.0,43.0,12.5,71.0,10.0,228.0,9.5,167.0,9.0,304.0,8.5,61.0,8.0,211.0
2023-04-27 21:08:56.25,1682600936250000000,11.5,10.0,9.0,21867.0,968.0,101925.0,10.5,50.0,11.0,94.0,11.5,74.0,12.0,43.0,12.5,71.0,10.0,204.0,9.5,185.0,9.0,304.0,8.5,61.0,8.0,211.0
2023-04-27 21:08:57.0,1682600937000000000,11.5,10.0,9.0,21867.0,968.0,101925.0,10.5,50.0,11.0,94.0,11.5,74.0,12.0,43.0,12.5,71.0,10.0,204.0,9.5,185.0,9.0,204.0,8.5,61.0,8.0,211.0
2023-04-27 21:08:59.0,1682600939000000000,11.5,10.0,9.0,21867.0,968.0,101925.0,10.5,50.0,11.0,94.0,11.5,74.0,12.0,43.0,12.5,71.0,10.0,204.0,9.5,165.0,9.0,224.0,8.5,61.0,8.0,211.0
2023-04-27 21:08:59.75,1682600939750000000,11.5,10.0,9.0,21867.0,968.0,101925.0,10.5,30.0,11.0,114.0,11.5,74.0,12.0,43.0,12.5,71.0,10.0,204.0,9.5,185.0,9.0,204.0,8.5,61.0,8.0,211.0
2023-04-27 21:09:00.0,1682600940000000000,11.5,10.0,9.0,21867.0,968.0,101925.0,10.5,50.0,11.0,94.0,11.5,74.0,12.0,43.0,12.5,71.0,10.0,204.0,9.5,185.0,9.0,204.0,8.5,61.0,8.0,211.0
2023-04-27 21:09:00.25,1682600940250000000,11.5,10.0,9.0,21867.0,968.0,101925.0,10.5,50.0,11.0,94.0,11.5,74.0,12.0,43.0,12.5,71.0,10.0,204.0,9.5,160.0,9.0,229.0,8.5,61.0,8.0,211.0
2023-04-27 21:09:00.5,1682600940500000000,11.5,10.0,9.0,21867.0,968.0,101925.0,10.5,50.0,11.0,94.0,11.5,74.0,12.0,43.0,12.5,71.0,10.0,194.0,9.5,170.0,9.0,229.0,8.5,61.0,8.0,211.0
2023-04-27 21:09:00.75,1682600940750000000,11.5,10.0,9.0,21867.0,968.0,101925.0,10.5,50.0,11.0,94.0,11.5,74.0,12.0,43.0,12.5,71.0,10.0,204.0,9.5,160.0,9.0,229.0,8.5,61.0,8.0,211.0
2023-04-27 21:09:01.25,1682600941250000000,11.5,10.0,9.0,21867.0,968.0,101925.0,10.5,50.0,11.0,94.0,11.5,74.0,12.0,43.0,12.5,71.0,10.0,194.0,9.5,170.0,9.0,229.0,8.5,61.0,8.0,211.0
2023-04-27 21:09:01.75,1682600941750000000,11.5,10.0,9.0,21867.0,968.0,101925.0,10.5,50.0,11.0,94.0,11.5,74.0,12.0,43.0,12.5,71.0,10.0,204.0,9.5,160.0,9.0,229.0,8.5,61.0,8.0,211.0
2023-04-27 21:09:03.5,1682600943500000000,11.5,10.0,9.0,21867.0,968.0,101925.0,10.5,50.0,11.0,94.0,11.5,74.0,12.0,43.0,12.5,71.0,10.0,204.0,9.5,205.0,9.0,184.0,8.5,61.0,8.0,211.0
2023-04-27 21:09:06.0,1682600946000000000,11.5,10.0,9.0,21867.0,968.0,101925.0,10.5,50.0,11.0,94.0,11.5,74.0,12.0,43.0,12.5,71.0,10.0,222.0,9.5,187.0,9.0,184.0,8.5,61.0,8.0,211.0
2023-04-27 21:09:06.75,1682600946750000000,11.5,10.0,9.0,21867.0,968.0,101925.0,10.5,32.0,11.0,94.0,11.5,74.0,12.0,43.0,12.5,71.0,10.0,204.0,9.5,187.0,9.0,184.0,8.5,61.0,8.0,211.0
2023-04-27 21:09:07.25,1682600947250000000,11.5,10.0,9.0,21867.0,1018.0,106925.0,10.5,32.0,11.0,94.0,11.5,74.0,12.0,43.0,12.5,71.0,10.0,154.0,9.5,187.0,9.0,184.0,8.5,61.0,8.0,211.0
2023-04-27 21:09:08.0,1682600948000000000,11.5,10.0,9.0,21867.0,1018.0,106925.0,10.5,12.0,11.0,114.0,11.5,74.0,12.0,43.0,12.5,71.0,10.0,154.0,9.5,187.0,9.0,184.0,8.5,61.0,8.0,211.0
2023-04-27 21:09:08.5,1682600948500000000,11.5,10.0,9.0,21867.0,1018.0,106925.0,10.5,30.0,11.0,114.0,11.5,74.0,12.0,43.0,12.5,71.0,10.0,172.0,9.5,187.0,9.0,184.0,8.5,61.0,8.0,211.0
2023-04-27 21:09:09.0,1682600949000000000,11.5,10.0,9.0,21867.0,1018.0,106925.0,10.5,50.0,11.0,94.0,11.5,74.0,12.0,43.0,12.5,71.0,10.0,172.0,9.5,187.0,9.0,184.0,8.5,61.0,8.0,211.0
2023-04-27 21:09:10.0,1682600950000000000,11.5,10.0,9.0,21867.0,1018.0,106925.0,10.5,50.0,11.0,94.0,11.5,74.0,12.0,43.0,12.5,71.0,10.0,154.0,9.5,205.0,9.0,184.0,8.5,61.0,8.0,211.0
2023-04-27 21:09:10.5,1682600950500000000,11.5,10.0,9.0,21867.0,1018.0,106925.0,10.5,32.0,11.0,94.0,11.5,74.0,12.0,43.0,12.5,71.0,10.0,154.0,9.5,187.0,9.0,184.0,8.5,61.0,8.0,211.0
2023-04-27 21:09:10.75,1682600950750000000,11.5,10.0,9.0,21867.0,1018.0,106925.0,10.5,50.0,11.0,94.0,11.5,74.0,12.0,43.0,12.5,71.0,10.0,162.0,9.5,197.0,9.0,184.0,8.5,61.0,8.0,211.0
2023-04-27 21:09:12.5,1682600952500000000,11.5,10.0,9.0,21867.0,1018.0,106925.0,10.5,30.0,11.0,114.0,11.5,74.0,12.0,43.0,12.5,71.0,10.0,172.0,9.5,187.0,9.0,184.0,8.5,61.0,8.0,211.0
2023-04-27 21:09:15.25,1682600955250000000,11.5,10.0,9.0,21867.0,1018.0,106925.0,10.5,50.0,11.0,94.0,11.5,74.0,12.0,43.0,12.5,71.0,10.0,172.0,9.5,187.0,9.0,184.0,8.5,61.0,8.0,211.0
2023-04-27 21:09:18.75,1682600958750000000,11.5,10.0,9.0,21867.0,1018.0,106925.0,10.5,50.0,11.0,94.0,11.5,74.0,12.0,43.0,12.5,71.0,10.0,154.0,9.5,205.0,9.0,184.0,8.5,61.0,8.0,211.0
2023-04-27 21:09:20.0,1682600960000000000,11.5,10.0,9.0,21867.0,1018.0,106925.0,10.5,50.0,11.0,94.0,11.5,74.0,12.0,43.0,12.5,71.0,10.0,158.0,9.5,205.0,9.0,184.0,8.5,61.0,8.0,211.0
2023-04-27 21:09:28.25,1682600968250000000,11.5,10.0,9.0,21858.0,1068.0,111925.0,10.5,60.0,11.0,94.0,11.5,74.0,12.0,43.0,12.5,71.0,10.0,108.0,9.5,215.0,9.0,193.0,8.5,61.0,8.0,211.0
2023-04-27 21:09:31.0,1682600971000000000,11.5,10.5,9.0,21858.0,1072.0,112345.0,10.5,56.0,11.0,94.0,11.5,74.0,12.0,43.0,12.5,71.0,10.0,108.0,9.5,215.0,9.0,193.0,8.5,61.0,8.0,211.0
2023-04-27 21:09:34.25,1682600974250000000,11.5,10.5,9.0,21858.0,1072.0,112345.0,10.5,56.0,11.0,94.0,11.5,74.0,12.0,43.0,12.5,71.0,10.0,108.0,9.5,224.0,9.0,193.0,8.5,61.0,8.0,211.0
2023-04-27 21:09:38.75,1682600978750000000,11.5,10.5,9.0,21860.0,1082.0,113395.0,10.5,46.0,11.0,94.0,11.5,74.0,12.0,43.0,12.5,71.0,10.0,108.0,9.5,224.0,9.0,193.0,8.5,61.0,8.0,211.0
2023-04-27 21:09:39.0,1682600979000000000,11.5,10.5,9.0,21860.0,1082.0,113395.0,10.5,47.0,11.0,94.0,11.5,74.0,12.0,43.0,12.5,71.0,10.0,109.0,9.5,224.0,9.0,193.0,8.5,61.0,8.0,211.0
2023-04-27 21:09:39.5,1682600979500000000,11.5,10.5,9.0,21860.0,1082.0,113395.0,10.5,47.0,11.0,94.0,11.5,74.0,12.0,43.0,12.5,71.0,10.0,109.0,9.5,199.0,9.0,218.0,8.5,61.0,8.0,211.0
2023-04-27 21:09:44.5,1682600984500000000,11.5,10.5,9.0,21860.0,1082.0,113395.0,10.5,47.0,11.0,94.0,11.5,84.0,12.0,43.0,12.5,71.0,10.0,119.0,9.5,199.0,9.0,218.0,8.5,61.0,8.0,211.0
2023-04-27 21:09:46.0,1682600986000000000,11.5,10.5,9.0,21860.0,1082.0,113395.0,10.5,47.0,11.0,94.0,11.5,84.0,12.0,43.0,12.5,71.0,10.0,109.0,9.5,207.0,9.0,218.0,8.5,61.0,8.0,211.0
2023-04-27 21:09:46.25,1682600986250000000,11.5,10.5,9.0,21860.0,1082.0,113395.0,10.5,47.0,11.0,94.0,11.5,84.0,12.0,43.0,12.5,71.0,10.0,119.0,9.5,197.0,9.0,218.0,8.5,61.0,8.0,211.0
2023-04-27 21:09:48.75,1682600988750000000,11.5,10.5,9.0,21860.0,1082.0,113395.0,10.5,47.0,11.0,94.0,11.5,84.0,12.0,43.0,12.5,71.0,10.0,119.0,9.5,197.0,9.0,318.0,8.5,61.0,8.0,211.0
2023-04-27 21:09:49.5,1682600989500000000,11.5,10.5,9.0,21862.0,1084.0,113605.0,10.5,45.0,11.0,94.0,11.5,84.0,12.0,43.0,12.5,71.0,10.0,119.0,9.5,197.0,9.0,318.0,8.5,61.0,8.0,211.0
2023-04-27 21:09:50.25,1682600990250000000,11.5,10.5,9.0,21862.0,1084.0,113605.0,10.5,70.0,11.0,69.0,11.5,114.0,12.0,43.0,12.5,71.0,10.0,119.0,9.5,222.0,9.0,293.0,8.5,61.0,8.0,211.0
2023-04-27 21:09:53.5,1682600993500000000,11.5,10.5,9.0,21862.0,1084.0,113605.0,10.5,50.0,11.0,89.0,11.5,114.0,12.0,43.0,12.5,71.0,10.0,119.0,9.5,222.0,9.0,293.0,8.5,61.0,8.0,211.0
2023-04-27 21:09:54.5,1682600994500000000,11.5,10.5,9.0,21862.0,1084.0,113605.0,10.5,50.0,11.0,89.0,11.5,104.0,12.0,43.0,12.5,71.0,10.0,99.0,9.5,232.0,9.0,293.0,8.5,61.0,8.0,211.0
2023-04-27 21:09:55.0,1682600995000000000,11.5,10.5,9.0,21862.0,1084.0,113605.0,10.5,50.0,11.0,89.0,11.5,114.0,12.0,43.0,12.5,71.0,10.0,109.0,9.5,232.0,9.0,293.0,8.5,61.0,8.0,211.0
2023-04-27 21:09:57.75,1682600997750000000,11.5,10.5,9.0,21862.0,1084.0,113605.0,10.5,50.0,11.0,89.0,11.5,114.0,12.0,43.0,12.5,71.0,10.0,99.0,9.5,242.0,9.0,293.0,8.5,61.0,8.0,211.0
2023-04-27 21:09:58.25,1682600998250000000,11.5,10.5,9.0,21862.0,1084.0,113605.0,10.5,50.0,11.0,89.0,11.5,114.0,12.0,43.0,12.5,71.0,10.0,102.0,9.5,242.0,9.0,293.0,8.5,61.0,8.0,211.0
2023-04-27 21:10:01.25,1682601001250000000,11.5,10.5,9.0,21862.0,1084.0,113605.0,10.5,25.0,11.0,114.0,11.5,114.0,12.0,43.0,12.5,71.0,10.0,102.0,9.5,242.0,9.0,293.0,8.5,61.0,8.0,211.0
2023-04-27 21:10:01.5,1682601001500000000,11.5,10.5,9.0,21862.0,1084.0,113605.0,10.5,15.0,11.0,114.0,11.5,114.0,12.0,43.0,12.5,71.0,10.0,102.0,9.5,232.0,9.0,293.0,8.5,61.0,8.0,211.0
2023-04-27 21:10:01.75,1682601001750000000,11.5,10.5,9.0,21862.0,1084.0,113605.0,10.5,15.0,11.0,124.0,11.5,114.0,12.0,43.0,12.5,71.0,10.0,102.0,9.5,242.0,9.0,293.0,8.5,61.0,8.0,211.0
2023-04-27 21:10:02.25,1682601002250000000,11.5,10.5,9.0,21862.0,1084.0,113605.0,10.5,40.0,11.0,99.0,11.5,114.0,12.0,43.0,12.5,71.0,10.0,102.0,9.5,242.0,9.0,293.0,8.5,61.0,8.0,211.0
2023-04-27 21:10:04.25,1682601004250000000,11.5,10.0,9.0,21872.0,1094.0,114605.0,10.5,26.0,11.0,99.0,11.5,132.0,12.0,43.0,12.5,71.0,10.0,92.0,9.5,242.0,9.0,293.0,8.5,61.0,8.0,211.0
2023-04-27 21:10:07.0,1682601007000000000,11.5,10.0,9.0,21872.0,1094.0,114605.0,10.5,26.0,11.0,99.0,11.5,132.0,12.0,43.0,12.5,71.0,10.0,92.0,9.5,242.0,9.0,289.0,8.5,61.0,8.0,211.0
2023-04-27 21:10:07.75,1682601007750000000,11.5,10.0,9.0,21872.0,1094.0,114605.0,10.5,26.0,11.0,79.0,11.5,132.0,12.0,63.0,12.5,71.0,10.0,92.0,9.5,242.0,9.0,289.0,8.5,61.0,8.0,211.0
2023-04-27 21:10:08.25,1682601008250000000,11.5,10.5,9.0,21872.0,1095.0,114710.0,10.5,25.0,11.0,79.0,11.5,132.0,12.0,63.0,12.5,71.0,10.0,91.0,9.5,242.0,9.0,289.0,8.5,61.0,8.0,211.0
2023-04-27 21:10:08.5,1682601008500000000,11.5,10.5,9.0,21872.0,1095.0,114710.0,10.5,26.0,11.0,99.0,11.5,132.0,12.0,43.0,12.5,71.0,10.0,112.0,9.5,222.0,9.0,289.0,8.5,61.0,8.0,211.0
2023-04-27 21:10:09.5,1682601009500000000,11.5,10.5,9.0,21872.0,1095.0,114710.0,10.5,26.0,11.0,99.0,11.5,132.0,12.0,43.0,12.5,71.0,10.0,92.0,9.5,242.0,9.0,289.0,8.5,61.0,8.0,211.0
2023-04-27 21:10:10.25,1682601010250000000,11.5,10.5,9.0,21872.0,1095.0,114710.0,10.5,26.0,11.0,99.0,11.5,114.0,12.0,43.0,12.5,71.0,10.0,92.0,9.5,224.0,9.0,289.0,8.5,61.0,8.0,211.0
2023-04-27 21:10:10.5,1682601010500000000,11.5,10.5,9.0,21872.0,1095.0,114710.0,10.5,26.0,11.0,79.0,11.5,114.0,12.0,63.0,12.5,71.0,10.0,92.0,9.5,224.0,9.0,289.0,8.5,61.0,8.0,211.0
2023-04-27 21:10:11.0,1682601011000000000,11.5,10.5,9.0,21872.0,1095.0,114710.0,10.5,26.0,11.0,99.0,11.5,114.0,12.0,43.0,12.5,71.0,10.0,114.0,9.5,179.0,9.0,314.0,8.5,61.0,8.0,211.0
2023-04-27 21:10:11.75,1682601011750000000,11.5,10.0,9.0,21872.0,1145.0,119710.0,10.5,26.0,11.0,99.0,11.5,114.0,12.0,43.0,12.5,71.0,10.0,64.0,9.5,179.0,9.0,314.0,8.5,61.0,8.0,211.0
2023-04-27 21:10:12.25,1682601012250000000,11.5,10.0,9.0,21872.0,1145.0,119710.0,10.5,44.0,11.0,99.0,11.5,114.0,12.0,43.0,12.5,71.0,10.0,82.0,9.5,159.0,9.0,334.0,8.5,61.0,8.0,211.0
2023-04-27 21:10:12.5,1682601012500000000,11.5,10.0,9.0,21882.0,1155.0,120710.0,10.5,26.0,11.0,99.0,11.5,114.0,12.0,43.0,12.5,71.0,10.0,54.0,9.5,159.0,9.0,334.0,8.5,61.0,8.0,211.0
2023-04-27 21:10:12.75,1682601012750000000,11.5,10.0,9.0,21882.0,1155.0,120710.0,10.5,26.0,11.0,79.0,11.5,114.0,12.0,63.0,12.5,71.0,10.0,34.0,9.5,179.0,9.0,334.0,8.5,61.0,8.0,211.0
2023-04-27 21:10:13.75,1682601013750000000,11.5,10.0,9.0,21882.0,1155.0,120710.0,10.5,26.0,11.0,99.0,11.5,114.0,12.0,43.0,12.5,71.0,10.0,54.0,9.5,159.0,9.0,334.0,8.5,61.0,8.0,211.0
2023-04-27 21:10:14.0,1682601014000000000,11.5,10.0,9.0,21882.0,1155.0,120710.0,10.5,36.0,11.0,69.0,11.5,114.0,12.0,63.0,12.5,71.0,10.0,34.0,9.5,179.0,9.0,334.0,8.5,61.0,8.0,211.0
2023-04-27 21:10:14.25,1682601014250000000,11.5,10.0,9.0,21882.0,1155.0,120710.0,10.5,35.0,11.0,99.0,11.5,105.0,12.0,43.0,12.5,71.0,10.0,59.0,9.5,184.0,9.0,309.0,8.5,61.0,8.0,211.0
2023-04-27 21:10:14.5,1682601014500000000,11.5,10.0,9.0,21882.0,1155.0,120710.0,10.5,45.0,11.0,89.0,11.5,105.0,12.0,43.0,12.5,71.0,10.0,59.0,9.5,159.0,9.0,334.0,8.5,61.0,8.0,211.0
2023-04-27 21:10:15.0,1682601015000000000,11.5,10.0,9.0,21882.0,1155.0,120710.0,10.5,45.0,11.0,69.0,11.5,105.0,12.0,63.0,12.5,71.0,10.0,39.0,9.5,179.0,9.0,334.0,8.5,61.0,8.0,211.0
2023-04-27 21:10:15.25,1682601015250000000,11.5,10.0,9.0,21882.0,1155.0,120710.0,10.5,35.0,11.0,69.0,11.5,105.0,12.0,63.0,12.5,71.0,10.0,39.0,9.5,169.0,9.0,334.0,8.5,61.0,8.0,211.0
2023-04-27 21:10:15.75,1682601015750000000,11.5,10.0,9.0,21882.0,1155.0,120710.0,10.5,35.0,11.0,69.0,11.5,105.0,12.0,63.0,12.5,71.0,10.0,39.0,9.5,194.0,9.0,309.0,8.5,61.0,8.0,211.0
2023-04-27 21:10:16.25,1682601016250000000,11.5,10.0,9.0,21882.0,1155.0,120710.0,10.5,45.0,11.0,79.0,11.5,105.0,12.0,43.0,12.5,71.0,10.0,59.0,9.5,174.0,9.0,309.0,8.5,61.0,8.0,211.0
2023-04-27 21:10:16.75,1682601016750000000,11.5,10.0,9.0,21882.0,1155.0,120710.0,10.5,35.0,11.0,89.0,11.5,105.0,12.0,61.0,12.5,71.0,10.0,59.0,9.5,192.0,9.0,309.0,8.5,61.0,8.0,211.0
2023-04-27 21:10:18.5,1682601018500000000,11.5,10.0,9.0,21882.0,1155.0,120710.0,10.5,53.0,11.0,89.0,11.5,105.0,12.0,43.0,12.5,71.0,10.0,78.0,9.5,174.0,9.0,309.0,8.5,61.0,8.0,211.0
2023-04-27 21:10:20.0,1682601020000000000,11.5,10.0,9.0,21882.0,1155.0,120710.0,10.5,28.0,11.0,114.0,11.5,95.0,12.0,43.0,12.5,71.0,10.0,77.0,9.5,184.0,9.0,289.0,8.5,61.0,8.0,211.0
2023-04-27 21:10:20.5,1682601020500000000,11.5,10.0,9.0,21882.0,1155.0,120710.0,10.5,28.0,11.0,114.0,11.5,105.0,12.0,43.0,12.5,71.0,10.0,77.0,9.5,194.0,9.0,289.0,8.5,61.0,8.0,211.0
2023-04-27 21:10:21.5,1682601021500000000,11.5,10.0,9.0,21882.0,1155.0,120710.0,10.5,28.0,11.0,114.0,11.5,110.0,12.0,43.0,12.5,71.0,10.0,77.0,9.5,194.0,9.0,289.0,8.5,61.0,8.0,211.0
2023-04-27 21:10:22.0,1682601022000000000,11.5,10.0,9.0,21882.0,1155.0,120710.0,10.5,28.0,11.0,114.0,11.5,110.0,12.0,43.0,12.5,71.0,10.0,87.0,9.5,184.0,9.0,291.0,8.5,61.0,8.0,211.0
2023-04-27 21:10:25.25,1682601025250000000,11.5,10.0,9.0,21882.0,1155.0,120710.0,10.5,44.0,11.0,69.0,11.5,130.0,12.0,43.0,12.5,71.0,10.0,87.0,9.5,184.0,9.0,291.0,8.5,61.0,8.0,211.0
2023-04-27 21:10:26.0,1682601026000000000,11.5,10.0,9.0,21882.0,1155.0,120710.0,10.5,44.0,11.0,69.0,11.5,130.0,12.0,43.0,12.5,71.0,10.0,79.0,9.5,194.0,9.0,291.0,8.5,61.0,8.0,211.0
2023-04-27 21:10:27.75,1682601027750000000,11.5,10.0,9.0,21882.0,1155.0,120710.0,10.5,44.0,11.0,69.0,11.5,130.0,12.0,43.0,12.5,70.0,10.0,79.0,9.5,194.0,9.0,291.0,8.5,61.0,8.0,211.0
2023-04-27 21:10:29.5,1682601029500000000,11.5,10.0,9.0,21882.0,1155.0,120710.0,10.5,44.0,11.0,89.0,11.5,110.0,12.0,43.0,12.5,70.0,10.0,79.0,9.5,194.0,9.0,291.0,8.5,61.0,8.0,211.0
2023-04-27 21:10:29.75,1682601029750000000,11.5,10.0,9.0,21882.0,1155.0,120710.0,10.5,44.0,11.0,89.0,11.5,110.0,12.0,43.0,12.5,69.0,10.0,79.0,9.5,194.0,9.0,291.0,8.5,61.0,8.0,211.0
2023-04-27 21:10:30.75,1682601030750000000,11.5,10.0,9.0,21882.0,1155.0,120710.0,10.5,54.0,11.0,89.0,11.5,110.0,12.0,43.0,12.5,69.0,10.0,79.0,9.5,204.0,9.0,291.0,8.5,61.0,8.0,211.0
2023-04-27 21:10:31.0,1682601031000000000,11.5,10.0,9.0,21882.0,1155.0,120710.0,10.5,29.0,11.0,114.0,11.5,110.0,12.0,43.0,12.5,69.0,10.0,79.0,9.5,204.0,9.0,291.0,8.5,61.0,8.0,211.0
2023-04-27 21:10:31.25,1682601031250000000,11.5,10.0,9.0,21882.0,1155.0,120710.0,10.5,19.0,11.0,114.0,11.5,110.0,12.0,43.0,12.5,69.0,10.0,79.0,9.5,194.0,9.0,291.0,8.5,61.0,8.0,211.0
2023-04-27 21:10:31.5,1682601031500000000,11.5,10.0,9.0,21882.0,1155.0,120710.0,10.5,44.0,11.0,99.0,11.5,110.0,12.0,43.0,12.5,69.0,10.0,79.0,9.5,204.0,9.0,291.0,8.5,61.0,8.0,211.0
2023-04-27 21:10:31.75,1682601031750000000,11.5,10.0,9.0,21882.0,1155.0,120710.0,10.5,44.0,11.0,99.0,11.5,110.0,12.0,43.0,12.5,69.0,10.0,79.0,9.5,205.0,9.0,291.0,8.5,61.0,8.0,211.0
2023-04-27 21:10:32.0,1682601032000000000,11.5,10.5,9.0,21882.0,1156.0,120815.0,10.5,43.0,11.0,99.0,11.5,110.0,12.0,43.0,12.5,69.0,10.0,78.0,9.5,205.0,9.0,291.0,8.5,61.0,8.0,211.0
2023-04-27 21:10:32.25,1682601032250000000,11.5,10.0,9.0,21882.0,1159.0,121115.0,10.5,43.0,11.0,99.0,11.5,110.0,12.0,43.0,12.5,69.0,10.0,75.0,9.5,205.0,9.0,291.0,8.5,61.0,8.0,211.0
2023-04-27 21:10:32.75,1682601032750000000,11.5,10.0,9.0,21882.0,1209.0,126115.0,10.5,43.0,11.0,99.0,11.5,110.0,12.0,43.0,12.5,69.0,10.0,22.0,9.5,205.0,9.0,291.0,8.5,79.0,8.0,211.0
2023-04-27 21:10:33.0,1682601033000000000,11.5,10.0,9.0,21882.0,1209.0,126115.0,10.5,44.0,11.0,99.0,11.5,110.0,12.0,43.0,12.5,69.0,10.0,23.0,9.5,205.0,9.0,291.0,8.5,79.0,8.0,211.0
2023-04-27 21:10:33.25,1682601033250000000,11.5,10.0,9.0,21882.0,1209.0,126115.0,10.5,44.0,11.0,99.0,11.5,110.0,12.0,43.0,12.5,69.0,10.0,2.0,9.5,226.0,9.0,291.0,8.5,79.0,8.0,211.0
2023-04-27 21:10:36.5,1682601036500000000,11.5,10.5,9.0,21882.0,1213.0,126535.0,10.5,40.0,11.0,99.0,11.5,110.0,12.0,43.0,12.5,69.0,9.5,226.0,9.0,291.0,8.5,79.0,8.0,211.0,7.5,2.0
2023-04-27 21:10:36.75,1682601036750000000,11.5,10.5,9.0,21882.0,1213.0,126535.0,10.5,50.0,11.0,89.0,11.5,110.0,12.0,43.0,12.5,69.0,9.5,206.0,9.0,311.0,8.5,79.0,8.0,211.0,7.5,2.0
2023-04-27 21:10:37.5,1682601037500000000,11.5,10.5,9.0,21882.0,1213.0,126535.0,10.5,70.0,11.0,69.0,11.5,110.0,12.0,43.0,12.5,69.0,9.5,206.0,9.0,311.0,8.5,79.0,8.0,211.0,7.5,2.0
2023-04-27 21:10:38.75,1682601038750000000,11.5,10.5,9.0,21882.0,1213.0,126535.0,10.5,80.0,11.0,59.0,11.5,110.0,12.0,43.0,12.5,69.0,10.0,19.0,9.5,215.0,9.0,301.0,8.5,61.0,8.0,211.0
2023-04-27 21:10:40.0,1682601040000000000,11.5,10.5,9.0,21882.0,1213.0,126535.0,10.5,84.0,11.0,59.0,11.5,110.0,12.0,43.0,12.5,69.0,10.0,19.0,9.5,170.0,9.0,346.0,8.5,61.0,8.0,211.0
2023-04-27 21:10:44.0,1682601044000000000,11.5,10.5,9.0,21882.0,1213.0,126535.0,10.5,84.0,11.0,59.0,11.5,110.0,12.0,43.0,12.5,69.0,10.0,21.0,9.5,170.0,9.0,346.0,8.5,61.0,8.0,211.0
2023-04-27 21:10:47.25,1682601047250000000,11.5,10.5,9.0,21882.0,1213.0,126535.0,10.5,84.0,11.0,59.0,11.5,115.0,12.0,43.0,12.5,69.0,10.0,21.0,9.5,170.0,9.0,346.0,8.5,61.0,8.0,211.0
2023-04-27 21:10:48.25,1682601048250000000,11.5,10.5,9.0,21882.0,1213.0,126535.0,10.5,84.0,11.0,59.0,11.5,115.0,12.0,43.0,12.5,69.0,10.0,21.0,9.5,150.0,9.0,366.0,8.5,61.0,8.0,211.0
2023-04-27 21:10:48.5,1682601048500000000,11.5,10.0,9.0,21882.0,1219.0,127135.0,10.5,84.0,11.0,59.0,11.5,115.0,12.0,43.0,12.5,69.0,10.0,15.0,9.5,150.0,9.0,366.0,8.5,61.0,8.0,211.0
2023-04-27 21:10:48.75,1682601048750000000,11.5,10.0,9.0,21882.0,1225.0,127735.0,10.5,84.0,11.0,59.0,11.5,115.0,12.0,43.0,12.5,69.0,10.0,3.0,9.5,175.0,9.0,341.0,8.5,79.0,8.0,211.0
2023-04-27 21:10:49.0,1682601049000000000,11.5,10.0,9.0,21882.0,1228.0,128035.0,10.5,83.0,11.0,59.0,11.5,115.0,12.0,43.0,12.5,69.0,9.5,155.0,9.0,361.0,8.5,79.0,8.0,211.0,7.5,2.0
2023-04-27 21:10:49.75,1682601049750000000,11.5,10.0,9.0,21882.0,1228.0,128035.0,10.5,83.0,11.0,59.0,11.5,115.0,12.0,43.0,12.5,69.0,9.5,130.0,9.0,386.0,8.5,79.0,8.0,211.0,7.5,2.0
2023-04-27 21:10:50.25,1682601050250000000,11.5,10.0,9.0,21882.0,1228.0,128035.0,10.5,84.0,11.0,59.0,11.5,115.0,12.0,43.0,12.5,69.0,9.5,155.0,9.0,362.0,8.5,79.0,8.0,211.0,7.5,2.0
2023-04-27 21:10:50.75,1682601050750000000,11.5,10.0,9.0,21882.0,1228.0,128035.0,10.5,84.0,11.0,59.0,11.5,115.0,12.0,43.0,12.5,69.0,9.5,130.0,9.0,387.0,8.5,79.0,8.0,211.0,7.5,2.0
2023-04-27 21:10:51.25,1682601051250000000,11.5,10.0,9.0,21882.0,1228.0,128035.0,10.5,84.0,11.0,59.0,11.5,115.0,12.0,43.0,12.5,69.0,9.5,155.0,9.0,362.0,8.5,79.0,8.0,211.0,7.5,2.0
2023-04-27 21:10:53.5,1682601053500000000,11.5,10.0,9.0,21882.0,1228.0,128035.0,10.5,84.0,11.0,59.0,11.5,115.0,12.0,40.0,12.5,69.0,9.5,155.0,9.0,362.0,8.5,79.0,8.0,211.0,7.5,2.0
2023-04-27 21:10:54.75,1682601054750000000,11.5,10.0,9.0,21882.0,1228.0,128035.0,10.5,84.0,11.0,59.0,11.5,115.0,12.0,40.0,12.5,69.0,10.0,18.0,9.5,165.0,9.0,352.0,8.5,61.0,8.0,211.0
2023-04-27 21:10:55.25,1682601055250000000,11.5,10.0,9.0,21882.0,1234.0,128635.0,10.5,84.0,11.0,59.0,11.5,115.0,12.0,40.0,12.5,69.0,10.0,12.0,9.5,165.0,9.0,352.0,8.5,61.0,8.0,211.0
2023-04-27 21:10:55.5,1682601055500000000,11.5,10.0,9.0,21882.0,1240.0,129235.0,10.5,84.0,11.0,59.0,11.5,115.0,12.0,40.0,12.5,69.0,9.5,166.0,9.0,351.0,8.5,79.0,8.0,211.0,7.5,2.0
2023-04-27 21:10:56.0,1682601056000000000,11.5,10.0,9.0,21882.0,1240.0,129235.0,10.5,84.0,11.0,59.0,11.5,115.0,12.0,40.0,12.5,69.0,9.5,155.0,9.0,362.0,8.5,79.0,8.0,211.0,7.5,2.0
2023-04-27 21:11:01.5,1682601061500000000,11.5,10.0,9.0,21882.0,1240.0,129235.0,10.5,84.0,11.0,59.0,11.5,115.0,12.0,40.0,12.5,69.0,9.5,173.0,9.0,362.0,8.5,61.0,8.0,211.0,7.5,2.0
2023-04-27 21:11:05.75,1682601065750000000,11.5,10.0,9.0,21882.0,1240.0,129235.0,10.5,84.0,11.0,69.0,11.5,105.0,12.0,40.0,12.5,69.0,9.5,172.0,9.0,362.0,8.5,61.0,8.0,211.0,7.5,2.0
2023-04-27 21:11:07.75,1682601067750000000,11.5,10.0,9.0,21882.0,1240.0,129235.0,10.0,18.0,10.5,66.0,11.0,69.0,11.5,105.0,12.0,40.0,9.5,172.0,9.0,362.0,8.5,61.0,8.0,211.0,7.5,2.0
2023-04-27 21:11:08.0,1682601068000000000,11.5,10.0,9.0,21882.0,1240.0,129235.0,10.0,19.0,10.5,75.0,11.0,59.0,11.5,105.0,12.0,40.0,9.5,173.0,9.0,361.0,8.5,61.0,8.0,211.0,7.5,2.0
2023-04-27 21:11:10.0,1682601070000000000,11.5,10.0,9.0,21882.0,1240.0,129235.0,10.0,19.0,10.5,95.0,11.0,39.0,11.5,105.0,12.0,40.0,9.5,173.0,9.0,361.0,8.5,61.0,8.0,211.0,7.5,2.0
2023-04-27 21:11:11.5,1682601071500000000,11.5,10.0,9.0,21882.0,1240.0,129235.0,10.0,19.0,10.5,95.0,11.0,39.0,11.5,105.0,12.0,40.0,9.5,148.0,9.0,386.0,8.5,61.0,8.0,211.0,7.5,2.0
2023-04-27 21:11:14.5,1682601074500000000,11.5,10.0,9.0,21882.0,1240.0,129235.0,10.0,19.0,10.5,104.0,11.0,39.0,11.5,105.0,12.0,40.0,9.5,168.0,9.0,346.0,8.5,81.0,8.0,211.0,7.5,2.0
2023-04-27 21:11:23.0,1682601083000000000,11.5,10.0,9.0,21882.0,1240.0,129235.0,10.0,19.0,10.5,104.0,11.0,39.0,11.5,105.0,12.0,40.0,9.5,178.0,9.0,336.0,8.5,81.0,8.0,211.0,7.5,2.0
2023-04-27 21:11:27.75,1682601087750000000,11.5,9.5,9.0,21882.0,1290.0,133985.0,10.0,19.0,10.5,84.0,11.0,59.0,11.5,105.0,12.0,40.0,9.5,128.0,9.0,336.0,8.5,81.0,8.0,211.0,7.5,2.0
