datetime,datetime_nano,highest,last_price,lowest,open_interest,volume,amount,ask_price1,ask_volume1,ask_price2,ask_volume2,ask_price3,ask_volume3,ask_price4,ask_volume4,ask_price5,ask_volume5,bid_price1,bid_volume1,bid_price2,bid_volume2,bid_price3,bid_volume3,bid_price4,bid_volume4,bid_price5,bid_volume5
2023-04-27 20:55:58.5,1682600158500000000,,,,4866.0,0.0,0.0,,0.0,,0.0,,0.0,,0.0,,0.0,,0.0,,0.0,,0.0,,0.0,,0.0
2023-04-27 20:59:00.0,1682600340000000000,79.5,79.5,79.5,4874.0,9.0,7155.0,79.5,12.0,80.0,12.0,84.5,1.0,90.0,23.0,95.0,80.0,78.0,1.0,72.5,1.0,72.0,1.0,44.0,1.0,30.0,10.0
2023-04-27 21:00:00.25,1682600400250000000,79.5,78.0,78.0,4875.0,10.0,7935.0,77.0,20.0,79.5,12.0,80.0,12.0,84.5,1.0,90.0,23.0,72.5,1.0,72.0,1.0,56.0,15.0,44.0,1.0,30.0,10.0
2023-04-27 21:00:01.25,1682600401250000000,79.5,78.0,78.0,4875.0,10.0,7935.0,77.0,20.0,78.0,1.0,79.5,12.0,84.5,1.0,87.0,24.0,72.5,1.0,72.0,1.0,56.0,15.0,44.0,1.0,30.0,10.0
2023-04-27 21:00:01.75,1682600401750000000,79.5,72.5,72.5,4875.0,13.0,10110.0,72.5,3.0,77.0,20.0,78.0,1.0,79.5,12.0,84.5,1.0,72.0,1.0,56.0,15.0,44.0,1.0,30.0,10.0,29.0,12.0
2023-04-27 21:00:02.0,1682600402000000000,79.5,72.5,72.5,4875.0,14.0,10835.0,72.5,3.0,77.0,20.0,78.0,1.0,79.5,12.0,84.5,1.0,72.0,1.0,56.0,15.0,44.0,1.0,30.0,10.0,29.0,12.0
2023-04-27 21:00:02.25,1682600402250000000,79.5,72.5,72.5,4875.0,15.0,11560.0,72.5,3.0,77.0,20.0,78.0,1.0,79.5,12.0,84.5,1.0,72.0,1.0,56.0,15.0,44.0,1.0,30.0,10.0,29.0,12.0
2023-04-27 21:00:02.5,1682600402500000000,79.5,72.5,72.5,4875.0,15.0,11560.0,72.5,3.0,77.0,20.0,78.0,1.0,79.5,12.0,84.5,1.0,72.0,1.0,63.0,24.0,56.0,15.0,44.0,1.0,30.0,10.0
2023-04-27 21:00:02.75,1682600402750000000,79.5,72.5,72.5,4875.0,15.0,11560.0,72.5,5.0,77.0,20.0,78.0,1.0,79.5,12.0,84.5,1.0,72.0,1.0,63.0,24.0,56.0,15.0,44.0,1.0,30.0,10.0
2023-04-27 21:00:03.25,1682600403250000000,79.5,72.5,72.5,4875.0,20.0,15185.0,77.0,20.0,78.0,1.0,79.5,12.0,84.5,1.0,87.0,24.0,72.0,1.0,63.0,24.0,56.0,15.0,46.0,10.0,44.0,1.0
2023-04-27 21:00:03.5,1682600403500000000,79.5,72.5,72.5,4875.0,20.0,15185.0,77.0,20.0,78.0,1.0,79.5,12.0,84.5,1.0,87.0,24.0,72.0,1.0,70.0,1.0,63.0,24.0,56.0,15.0,46.0,10.0
2023-04-27 21:00:03.75,1682600403750000000,79.5,77.0,72.5,4885.0,30.0,22885.0,77.0,10.0,78.0,1.0,79.5,12.0,84.5,1.0,87.0,24.0,72.0,1.0,70.0,1.0,63.0,24.0,56.0,15.0,46.0,10.0
2023-04-27 21:00:04.5,1682600404500000000,79.5,77.0,72.5,4885.0,30.0,22885.0,77.0,25.0,78.0,1.0,79.5,12.0,84.5,1.0,87.0,24.0,72.0,1.0,70.0,1.0,64.0,15.0,63.0,24.0,46.0,10.0
2023-04-27 21:00:04.75,1682600404750000000,79.5,77.0,72.5,4885.0,30.0,22885.0,77.0,10.0,78.0,1.0,79.5,12.0,84.5,1.0,87.0,24.0,72.0,1.0,70.0,1.0,63.0,24.0,56.5,15.0,46.0,10.0
2023-04-27 21:00:05.0,1682600405000000000,79.5,77.0,72.5,4885.0,30.0,22885.0,77.0,10.0,77.5,15.0,78.0,1.0,79.5,12.0,84.5,1.0,72.0,1.0,70.0,1.0,64.0,15.0,63.0,24.0,46.0,10.0
2023-04-27 21:00:05.25,1682600405250000000,79.5,77.0,72.5,4885.0,30.0,22885.0,77.0,10.0,78.0,1.0,79.5,12.0,84.5,1.0,87.0,24.0,72.0,1.0,70.0,1.0,63.0,24.0,57.0,15.0,46.0,10.0
2023-04-27 21:00:05.75,1682600405750000000,79.5,72.0,72.0,4886.0,31.0,23605.0,77.0,10.0,78.0,1.0,79.5,12.0,84.5,1.0,87.0,24.0,70.0,1.0,63.0,24.0,57.0,15.0,46.0,10.0,44.0,1.0
2023-04-27 21:00:07.25,1682600407250000000,79.5,72.0,72.0,4886.0,31.0,23605.0,77.0,10.0,78.0,1.0,79.5,12.0,84.5,1.0,87.0,24.0,72.0,1.0,70.0,1.0,63.0,24.0,57.0,15.0,46.0,10.0
2023-04-27 21:00:08.5,1682600408500000000,79.5,72.0,72.0,4886.0,31.0,23605.0,77.0,10.0,78.0,19.0,79.5,12.0,84.5,1.0,87.0,24.0,72.0,1.0,71.5,18.0,70.0,1.0,63.0,24.0,57.0,15.0
2023-04-27 21:00:08.75,1682600408750000000,79.5,72.0,72.0,4886.0,31.0,23605.0,77.0,10.0,78.0,1.0,79.5,27.0,84.5,1.0,87.0,24.0,72.0,1.0,70.0,1.0,66.5,15.0,63.0,24.0,57.0,10.0
2023-04-27 21:00:09.25,1682600409250000000,79.5,72.0,72.0,4886.0,31.0,23605.0,77.0,10.0,78.0,1.0,79.5,12.0,84.5,1.0,86.5,10.0,72.0,1.0,70.0,1.0,63.0,24.0,59.0,15.0,44.0,1.0
2023-04-27 21:00:09.5,1682600409500000000,79.5,72.0,72.0,4886.0,31.0,23605.0,77.0,10.0,78.0,1.0,79.5,12.0,84.5,1.0,86.5,10.0,72.0,1.0,70.0,1.0,63.0,24.0,59.0,15.0,47.0,10.0
2023-04-27 21:00:10.25,1682600410250000000,79.5,72.0,72.0,4886.0,31.0,23605.0,77.0,10.0,78.0,1.0,79.5,12.0,84.5,1.0,86.5,10.0,72.0,1.0,70.0,1.0,59.0,15.0,47.0,10.0,44.0,1.0
2023-04-27 21:00:10.5,1682600410500000000,79.5,72.0,72.0,4886.0,31.0,23605.0,77.0,10.0,78.0,1.0,79.5,12.0,84.5,1.0,86.5,10.0,72.0,1.0,70.5,1.0,70.0,1.0,59.0,15.0,50.0,1.0
2023-04-27 21:00:10.75,1682600410750000000,79.5,72.0,72.0,4886.0,31.0,23605.0,77.0,10.0,78.0,1.0,79.5,12.0,84.5,1.0,86.5,10.0,72.0,1.0,70.5,1.0,70.0,1.0,59.0,15.0,53.0,10.0
2023-04-27 21:00:11.0,1682600411000000000,79.5,72.0,72.0,4886.0,31.0,23605.0,77.0,10.0,78.0,1.0,79.5,12.0,81.0,16.0,84.5,1.0,72.0,1.0,70.5,1.0,70.0,1.0,65.0,16.0,59.0,15.0
2023-04-27 21:00:11.75,1682600411750000000,79.5,72.0,72.0,4886.0,31.0,23605.0,77.0,10.0,78.0,1.0,79.5,12.0,81.0,16.0,84.5,1.0,72.5,1.0,72.0,1.0,70.5,1.0,70.0,1.0,65.0,16.0
2023-04-27 21:00:12.0,1682600412000000000,79.5,72.0,72.0,4886.0,32.0,24325.0,77.0,10.0,78.0,1.0,79.5,12.0,81.0,16.0,84.5,1.0,72.0,1.0,70.5,1.0,70.0,1.0,65.0,16.0,59.0,15.0
2023-04-27 21:00:12.75,1682600412750000000,79.5,72.0,72.0,4886.0,32.0,24325.0,76.5,4.0,77.0,10.0,78.0,1.0,79.5,12.0,81.0,16.0,72.0,2.0,70.5,1.0,70.0,1.0,65.0,16.0,59.0,15.0
2023-04-27 21:00:15.5,1682600415500000000,79.5,72.0,72.0,4886.0,33.0,25045.0,77.0,10.0,78.0,1.0,79.5,12.0,81.0,16.0,84.5,1.0,72.0,1.0,70.5,1.0,70.0,1.0,65.0,16.0,59.0,15.0
2023-04-27 21:00:17.75,1682600417750000000,79.5,72.0,72.0,4886.0,33.0,25045.0,76.0,4.0,77.0,10.0,78.0,1.0,79.5,12.0,81.0,16.0,72.0,1.0,70.5,1.0,70.0,1.0,65.0,16.0,59.0,15.0
2023-04-27 21:00:18.5,1682600418500000000,79.5,72.0,72.0,4886.0,33.0,25045.0,76.0,4.0,77.0,10.0,78.0,1.0,79.5,12.0,81.0,16.0,72.0,1.0,70.5,1.0,70.0,7.0,65.0,16.0,59.0,15.0
2023-04-27 21:00:18.75,1682600418750000000,79.5,72.0,72.0,4886.0,34.0,25765.0,76.0,4.0,77.0,10.0,78.0,1.0,79.5,12.0,81.0,16.0,70.5,1.0,70.0,7.0,65.0,16.0,59.0,15.0,53.0,10.0
2023-04-27 21:00:22.5,1682600422500000000,79.5,72.0,72.0,4886.0,34.0,25765.0,76.0,4.0,78.0,1.0,81.0,16.0,84.5,1.0,90.0,1.0,70.5,1.0,70.0,7.0,65.0,16.0,59.0,15.0,53.0,10.0
2023-04-27 21:00:22.75,1682600422750000000,79.5,72.0,72.0,4886.0,34.0,25765.0,76.0,4.0,78.0,1.0,81.0,16.0,84.5,1.0,87.0,10.0,70.5,1.0,70.0,7.0,65.0,16.0,59.0,15.0,53.0,10.0
2023-04-27 21:00:23.5,1682600423500000000,79.5,72.0,72.0,4886.0,34.0,25765.0,76.0,4.0,78.0,1.0,81.0,16.0,84.5,1.0,90.0,1.0,70.5,1.0,70.0,7.0,65.0,16.0,59.0,15.0,53.0,10.0
2023-04-27 21:00:23.75,1682600423750000000,79.5,72.0,72.0,4886.0,34.0,25765.0,76.0,4.0,78.0,1.0,81.0,16.0,84.5,1.0,87.5,10.0,70.5,1.0,70.0,7.0,65.0,16.0,59.0,15.0,53.0,10.0
2023-04-27 21:00:24.5,1682600424500000000,79.5,72.0,72.0,4886.0,34.0,25765.0,76.0,4.0,78.0,1.0,81.0,16.0,84.5,1.0,87.5,10.0,72.0,11.0,70.5,1.0,70.0,7.0,65.0,16.0,59.0,15.0
2023-04-27 21:00:26.25,1682600426250000000,79.5,72.0,72.0,4886.0,34.0,25765.0,76.0,4.0,78.0,1.0,81.0,16.0,84.5,1.0,87.5,10.0,72.0,11.0,71.0,1.0,70.5,1.0,70.0,7.0,65.0,16.0
2023-04-27 21:00:26.5,1682600426500000000,79.5,72.0,72.0,4886.0,34.0,25765.0,76.0,4.0,78.0,1.0,81.0,16.0,84.5,1.0,87.5,10.0,72.0,11.0,71.0,1.0,70.5,6.0,70.0,7.0,65.0,16.0
2023-04-27 21:00:27.75,1682600427750000000,79.5,72.0,72.0,4886.0,34.0,25765.0,76.0,4.0,78.0,1.0,81.0,16.0,84.5,1.0,87.5,10.0,72.0,11.0,71.0,1.0,70.5,6.0,70.0,8.0,65.0,16.0
2023-04-27 21:00:28.25,1682600428250000000,79.5,72.0,72.0,4886.0,44.0,32965.0,76.0,4.0,78.0,1.0,81.0,16.0,84.5,1.0,87.5,10.0,72.0,1.0,71.0,1.0,70.5,6.0,70.0,8.0,65.0,16.0
2023-04-27 21:00:28.5,1682600428500000000,79.5,72.0,72.0,4886.0,44.0,32965.0,76.0,4.0,78.0,1.0,81.0,16.0,84.5,1.0,87.5,10.0,73.0,1.0,72.0,1.0,71.0,1.0,70.5,6.0,70.0,8.0
2023-04-27 21:00:29.5,1682600429500000000,79.5,72.0,72.0,4886.0,44.0,32965.0,76.0,4.0,78.0,1.0,81.0,16.0,84.5,1.0,95.5,15.0,73.0,1.0,72.0,1.0,71.0,1.0,70.5,6.0,70.0,8.0
2023-04-27 21:00:29.75,1682600429750000000,79.5,72.0,72.0,4886.0,44.0,32965.0,76.0,4.0,78.0,1.0,81.0,16.0,84.5,1.0,92.5,10.0,73.0,1.0,72.0,1.0,71.0,1.0,70.5,6.0,70.0,8.0
2023-04-27 21:00:30.5,1682600430500000000,79.5,76.0,72.0,4886.0,45.0,33725.0,76.0,3.0,78.0,1.0,81.0,16.0,84.5,1.0,92.5,10.0,73.0,1.0,72.0,1.0,71.0,1.0,70.5,6.0,70.0,8.0
2023-04-27 21:00:31.5,1682600431500000000,79.5,76.0,72.0,4886.0,45.0,33725.0,76.0,3.0,78.0,1.0,81.0,16.0,84.5,1.0,92.5,10.0,73.0,1.0,72.0,1.0,71.0,2.0,70.5,6.0,70.0,8.0
2023-04-27 21:00:34.25,1682600434250000000,79.5,73.0,72.0,4886.0,46.0,34455.0,76.0,3.0,78.0,1.0,81.0,16.0,84.5,1.0,92.5,10.0,72.0,1.0,71.0,2.0,70.5,6.0,70.0,8.0,65.0,16.0
2023-04-27 21:00:35.25,1682600435250000000,79.5,73.0,72.0,4886.0,46.0,34455.0,76.0,3.0,78.0,1.0,81.0,16.0,84.5,1.0,92.5,10.0,72.0,2.0,71.0,2.0,70.5,6.0,70.0,8.0,65.0,16.0
2023-04-27 21:00:36.25,1682600436250000000,79.5,73.0,72.0,4886.0,46.0,34455.0,76.0,3.0,78.0,1.0,81.0,16.0,84.5,1.0,92.5,10.0,74.0,1.0,72.0,2.0,71.0,2.0,70.5,6.0,70.0,8.0
2023-04-27 21:00:36.5,1682600436500000000,79.5,76.0,72.0,4887.0,48.0,35955.0,76.0,2.0,78.0,1.0,81.0,16.0,84.5,1.0,92.5,10.0,72.0,2.0,71.0,2.0,70.5,6.0,70.0,8.0,65.0,16.0
2023-04-27 21:00:38.75,1682600438750000000,79.5,76.0,72.0,4887.0,48.0,35955.0,73.0,20.0,76.0,2.0,78.0,1.0,81.0,16.0,84.5,1.0,72.0,2.0,71.0,2.0,70.5,6.0,70.0,8.0,65.0,16.0
2023-04-27 21:00:39.5,1682600439500000000,79.5,73.0,72.0,4887.0,68.0,50555.0,76.0,2.0,78.0,1.0,81.0,16.0,84.5,1.0,92.5,10.0,72.0,2.0,71.0,2.0,70.5,6.0,70.0,8.0,65.0,16.0
2023-04-27 21:00:40.75,1682600440750000000,79.5,73.0,72.0,4887.0,68.0,50555.0,76.0,2.0,78.0,1.0,81.0,16.0,84.5,1.0,92.5,10.0,73.0,5.0,72.0,2.0,71.0,2.0,70.5,6.0,70.0,8.0
2023-04-27 21:00:41.0,1682600441000000000,79.5,73.0,72.0,4887.0,68.0,50555.0,76.0,2.0,78.0,1.0,81.0,16.0,84.5,1.0,92.5,10.0,73.0,6.0,72.0,2.0,71.0,2.0,70.5,6.0,70.0,8.0
2023-04-27 21:00:42.75,1682600442750000000,79.5,73.0,72.0,4887.0,68.0,50555.0,76.0,2.0,78.0,1.0,81.0,16.0,84.5,1.0,92.5,10.0,73.0,6.0,72.0,1.0,71.0,2.0,70.5,6.0,70.0,8.0
2023-04-27 21:00:43.0,1682600443000000000,79.5,73.0,72.0,4887.0,68.0,50555.0,76.0,2.0,78.0,1.0,81.0,16.0,84.5,1.0,92.5,10.0,73.0,6.0,72.5,1.0,72.0,1.0,71.0,2.0,70.5,6.0
2023-04-27 21:00:45.5,1682600445500000000,79.5,73.0,72.0,4887.0,70.0,52015.0,76.0,2.0,78.0,1.0,81.0,16.0,84.5,1.0,92.5,10.0,73.0,4.0,72.5,1.0,72.0,1.0,71.0,2.0,70.5,6.0
2023-04-27 21:00:46.0,1682600446000000000,79.5,76.0,72.0,4887.0,71.0,52775.0,76.0,1.0,78.0,1.0,81.0,16.0,84.5,1.0,92.5,10.0,73.0,4.0,72.5,1.0,72.0,1.0,71.0,2.0,70.5,6.0
2023-04-27 21:00:47.5,1682600447500000000,79.5,76.0,72.0,4887.0,71.0,52775.0,76.0,1.0,78.0,1.0,81.0,16.0,84.5,1.0,92.5,10.0,73.0,4.0,72.5,1.0,72.0,9.0,71.0,2.0,70.5,6.0
2023-04-27 21:00:49.5,1682600449500000000,79.5,76.0,72.0,4887.0,71.0,52775.0,76.0,1.0,78.0,1.0,81.0,16.0,84.5,1.0,92.5,10.0,73.0,4.0,72.5,1.0,72.0,9.0,71.0,1.0,70.5,6.0
2023-04-27 21:00:50.0,1682600450000000000,79.5,76.0,72.0,4887.0,71.0,52775.0,76.0,1.0,78.0,1.0,81.0,16.0,84.5,1.0,92.5,10.0,73.0,4.0,72.0,9.0,71.0,1.0,70.5,6.0,70.0,8.0
2023-04-27 21:00:50.25,1682600450250000000,79.5,76.0,72.0,4887.0,71.0,52775.0,76.0,1.0,81.0,16.0,84.5,1.0,92.5,10.0,95.5,15.0,73.5,1.0,73.0,4.0,72.0,9.0,71.0,1.0,70.5,6.0
2023-04-27 21:00:50.5,1682600450500000000,79.5,73.0,72.0,4887.0,75.0,55700.0,76.0,1.0,81.0,16.0,84.5,1.0,92.5,10.0,95.5,15.0,73.0,1.0,72.0,9.0,71.0,1.0,70.5,6.0,70.0,8.0
2023-04-27 21:00:52.25,1682600452250000000,79.5,73.0,72.0,4887.0,75.0,55700.0,76.0,1.0,81.0,16.0,84.5,1.0,92.5,10.0,95.5,15.0,74.0,1.0,73.0,1.0,72.0,9.0,71.0,1.0,70.5,6.0
2023-04-27 21:00:53.0,1682600453000000000,79.5,73.0,72.0,4887.0,75.0,55700.0,76.0,1.0,81.0,16.0,84.5,1.0,92.5,10.0,95.5,15.0,74.0,1.0,73.0,1.0,72.5,1.0,72.0,9.0,71.0,1.0
2023-04-27 21:00:54.25,1682600454250000000,79.5,73.0,72.0,4887.0,75.0,55700.0,76.0,1.0,81.0,16.0,84.5,1.0,92.5,10.0,95.5,15.0,74.0,1.0,73.5,1.0,73.0,1.0,72.5,1.0,72.0,9.0
2023-04-27 21:00:57.0,1682600457000000000,79.5,76.0,72.0,4887.0,76.0,56460.0,81.0,16.0,84.5,1.0,92.5,10.0,95.5,15.0,118.0,20.0,74.0,1.0,73.5,1.0,73.0,1.0,72.5,1.0,72.0,9.0
2023-04-27 21:00:57.75,1682600457750000000,79.5,76.0,72.0,4887.0,76.0,56460.0,81.0,16.0,84.5,1.0,92.5,10.0,95.5,15.0,118.0,20.0,74.0,1.0,73.5,1.0,73.0,2.0,72.5,1.0,72.0,9.0
2023-04-27 21:01:00.0,1682600460000000000,79.5,74.0,72.0,4888.0,77.0,57200.0,81.0,16.0,84.5,1.0,92.5,10.0,95.5,15.0,118.0,20.0,73.5,1.0,73.0,2.0,72.5,1.0,72.0,9.0,71.0,1.0
2023-04-27 21:01:00.75,1682600460750000000,79.5,73.5,72.0,4889.0,78.0,57935.0,81.0,16.0,84.5,1.0,92.5,10.0,95.5,15.0,118.0,20.0,73.0,2.0,72.5,1.0,72.0,9.0,71.0,1.0,70.5,6.0
2023-04-27 21:01:05.5,1682600465500000000,79.5,73.5,72.0,4889.0,78.0,57935.0,80.0,9.0,81.0,16.0,84.5,1.0,92.5,10.0,95.5,15.0,73.0,2.0,72.5,1.0,72.0,9.0,71.0,1.0,70.5,6.0
2023-04-27 21:01:06.5,1682600466500000000,79.5,73.5,72.0,4889.0,78.0,57935.0,80.0,9.0,81.0,16.0,84.5,1.0,92.5,10.0,95.5,15.0,73.0,3.0,72.5,1.0,72.0,9.0,71.0,1.0,70.5,6.0
2023-04-27 21:01:08.5,1682600468500000000,79.5,73.5,72.0,4889.0,78.0,57935.0,80.0,9.0,81.0,16.0,84.5,1.0,92.5,10.0,95.5,15.0,73.0,3.0,72.5,1.0,72.0,18.0,71.0,1.0,70.5,6.0
2023-04-27 21:01:08.75,1682600468750000000,79.5,73.5,72.0,4889.0,78.0,57935.0,80.0,24.0,81.0,16.0,84.5,1.0,92.5,10.0,118.0,20.0,73.0,3.0,72.5,1.0,72.0,18.0,71.0,1.0,70.5,6.0
2023-04-27 21:01:09.0,1682600469000000000,79.5,73.5,72.0,4889.0,78.0,57935.0,79.5,9.0,80.0,24.0,81.0,16.0,84.5,1.0,92.5,10.0,73.0,3.0,72.5,1.0,72.0,18.0,71.0,1.0,70.5,6.0
2023-04-27 21:01:09.25,1682600469250000000,79.5,73.5,72.0,4889.0,78.0,57935.0,79.5,9.0,80.0,9.0,81.0,16.0,84.5,1.0,92.5,10.0,73.0,3.0,72.5,1.0,72.0,18.0,71.0,1.0,70.5,6.0
2023-04-27 21:01:09.5,1682600469500000000,79.5,73.5,72.0,4889.0,78.0,57935.0,79.5,9.0,80.0,9.0,81.0,31.0,84.5,1.0,92.5,10.0,73.0,3.0,72.5,1.0,72.0,18.0,71.0,1.0,70.5,6.0
2023-04-27 21:01:09.75,1682600469750000000,79.5,73.5,72.0,4889.0,78.0,57935.0,79.5,9.0,80.0,9.0,81.0,16.0,84.5,1.0,92.5,10.0,73.0,3.0,72.5,1.0,72.0,18.0,71.0,1.0,70.5,6.0
2023-04-27 21:01:11.75,1682600471750000000,79.5,73.5,72.0,4889.0,78.0,57935.0,79.5,9.0,80.0,9.0,81.0,16.0,84.5,1.0,92.5,10.0,73.0,3.0,72.5,2.0,72.0,18.0,71.0,1.0,70.5,6.0
2023-04-27 21:01:12.0,1682600472000000000,79.5,73.5,72.0,4889.0,78.0,57935.0,79.5,9.0,80.0,9.0,81.0,16.0,84.5,1.0,92.5,10.0,73.5,10.0,73.0,3.0,72.5,2.0,72.0,18.0,71.0,1.0
2023-04-27 21:01:13.75,1682600473750000000,79.5,73.5,72.0,4889.0,78.0,57935.0,79.5,9.0,80.0,9.0,81.0,16.0,84.5,1.0,92.5,10.0,73.5,20.0,73.0,3.0,72.5,2.0,72.0,18.0,71.0,1.0
2023-04-27 21:01:19.5,1682600479500000000,79.5,73.5,72.0,4889.0,78.0,57935.0,79.5,9.0,80.0,9.0,81.0,16.0,84.5,1.0,92.5,10.0,74.0,1.0,73.5,20.0,73.0,3.0,72.5,2.0,72.0,18.0
2023-04-27 21:01:19.75,1682600479750000000,79.5,79.5,72.0,4890.0,79.0,58730.0,79.5,73.0,80.0,9.0,81.0,16.0,84.5,1.0,92.5,10.0,74.0,1.0,73.5,20.0,73.0,3.0,72.5,2.0,72.0,18.0
2023-04-27 21:01:21.5,1682600481500000000,79.5,79.5,72.0,4890.0,79.0,58730.0,79.5,73.0,80.0,9.0,81.0,16.0,84.5,1.0,92.5,10.0,74.0,2.0,73.5,20.0,73.0,3.0,72.5,2.0,72.0,18.0
2023-04-27 21:01:22.0,1682600482000000000,79.5,79.5,72.0,4890.0,79.0,58730.0,79.5,73.0,80.0,9.0,81.0,16.0,84.5,1.0,92.5,10.0,74.0,3.0,73.5,10.0,73.0,3.0,72.5,2.0,72.0,18.0
2023-04-27 21:01:22.5,1682600482500000000,79.5,74.0,72.0,4893.0,82.0,60950.0,79.5,73.0,80.0,9.0,81.0,16.0,84.5,1.0,92.5,10.0,73.5,10.0,73.0,3.0,72.5,2.0,72.0,18.0,71.0,1.0
2023-04-27 21:01:26.75,1682600486750000000,79.5,74.0,72.0,4893.0,82.0,60950.0,79.5,73.0,80.0,9.0,81.0,16.0,92.5,10.0,112.5,15.0,73.5,10.0,73.0,3.0,72.5,2.0,72.0,18.0,71.0,1.0
2023-04-27 21:01:27.5,1682600487500000000,79.5,74.0,72.0,4893.0,82.0,60950.0,79.5,73.0,80.0,9.0,81.0,16.0,92.5,10.0,112.5,15.0,74.0,1.0,73.5,10.0,73.0,3.0,72.5,2.0,72.0,18.0
2023-04-27 21:01:28.75,1682600488750000000,79.5,74.0,72.0,4893.0,82.0,60950.0,79.5,73.0,80.0,9.0,81.0,16.0,92.5,10.0,112.5,15.0,74.5,1.0,74.0,1.0,73.5,10.0,73.0,3.0,72.5,2.0
2023-04-27 21:01:29.75,1682600489750000000,79.5,74.0,72.0,4893.0,82.0,60950.0,79.0,1.0,79.5,73.0,80.0,9.0,81.0,16.0,92.5,10.0,74.5,1.0,74.0,1.0,73.5,10.0,73.0,3.0,72.5,2.0
2023-04-27 21:01:30.0,1682600490000000000,79.5,74.0,72.0,4893.0,82.0,60950.0,78.5,9.0,79.0,1.0,79.5,73.0,81.0,16.0,92.5,10.0,74.5,1.0,74.0,1.0,73.5,10.0,73.0,3.0,72.5,2.0
2023-04-27 21:01:32.25,1682600492250000000,79.5,74.0,72.0,4893.0,82.0,60950.0,78.5,9.0,79.0,1.0,79.5,73.0,81.0,16.0,92.5,10.0,74.0,1.0,73.5,10.0,73.0,3.0,72.5,2.0,72.0,18.0
2023-04-27 21:01:32.5,1682600492500000000,79.5,74.0,72.0,4893.0,82.0,60950.0,78.5,9.0,79.0,1.0,79.5,73.0,81.0,16.0,92.5,10.0,75.5,1.0,74.0,1.0,73.5,10.0,73.0,3.0,72.5,2.0
2023-04-27 21:01:33.5,1682600493500000000,79.5,74.0,72.0,4893.0,82.0,60950.0,78.5,9.0,79.0,1.0,79.5,73.0,81.0,16.0,112.5,15.0,75.5,1.0,74.0,1.0,73.5,10.0,73.0,3.0,72.5,2.0
2023-04-27 21:01:33.75,1682600493750000000,79.5,74.0,72.0,4893.0,82.0,60950.0,78.5,9.0,79.0,1.0,79.5,73.0,81.0,16.0,109.5,10.0,75.5,1.0,74.0,1.0,73.5,10.0,73.0,3.0,72.5,2.0
2023-04-27 21:01:34.0,1682600494000000000,79.5,74.0,72.0,4893.0,82.0,60950.0,78.5,9.0,79.0,1.0,79.5,73.0,81.0,16.0,109.5,10.0,75.5,1.0,74.0,1.0,73.5,10.0,73.0,4.0,72.5,2.0
2023-04-27 21:01:34.25,1682600494250000000,79.5,74.0,72.0,4893.0,82.0,60950.0,76.5,18.0,78.5,9.0,79.0,1.0,79.5,73.0,81.0,16.0,75.5,1.0,75.0,18.0,74.0,1.0,73.5,10.0,73.0,4.0
2023-04-27 21:01:34.5,1682600494500000000,79.5,75.5,72.0,4894.0,83.0,61705.0,78.5,9.0,79.0,1.0,79.5,73.0,81.0,16.0,109.5,10.0,74.0,1.0,73.5,10.0,73.0,4.0,72.5,2.0,72.0,18.0
2023-04-27 21:01:35.25,1682600495250000000,79.5,75.5,72.0,4894.0,83.0,61705.0,78.5,9.0,79.0,1.0,79.5,73.0,81.0,16.0,109.5,10.0,74.0,1.0,73.5,10.0,73.0,10.0,72.5,2.0,72.0,18.0
2023-04-27 21:01:37.5,1682600497500000000,79.5,75.5,72.0,4894.0,83.0,61705.0,78.5,9.0,79.5,73.0,81.0,16.0,109.5,10.0,112.5,15.0,74.0,1.0,73.5,10.0,73.0,10.0,72.5,2.0,72.0,18.0
2023-04-27 21:01:38.75,1682600498750000000,79.5,75.5,72.0,4894.0,83.0,61705.0,78.0,1.0,78.5,9.0,79.5,73.0,81.0,16.0,109.5,10.0,74.0,1.0,73.5,20.0,73.0,9.0,72.5,2.0,72.0,18.0
2023-04-27 21:01:39.75,1682600499750000000,79.5,75.5,72.0,4894.0,83.0,61705.0,78.0,1.0,78.5,9.0,79.5,73.0,81.0,16.0,109.5,10.0,74.5,1.0,74.0,1.0,73.5,20.0,73.0,9.0,72.5,2.0
2023-04-27 21:01:42.0,1682600502000000000,79.5,75.5,72.0,4894.0,83.0,61705.0,78.0,1.0,78.5,10.0,79.5,73.0,81.0,16.0,109.5,10.0,74.5,1.0,74.0,1.0,73.5,20.0,73.0,9.0,72.5,2.0
2023-04-27 21:01:46.25,1682600506250000000,79.5,75.5,72.0,4894.0,83.0,61705.0,78.0,1.0,78.5,10.0,79.5,73.0,81.0,16.0,109.5,10.0,74.5,1.0,73.5,20.0,73.0,9.0,72.5,1.0,72.0,18.0
2023-04-27 21:01:47.0,1682600507000000000,79.5,78.0,72.0,4893.0,84.0,62485.0,78.5,1.0,79.5,8.0,81.0,16.0,109.5,10.0,112.5,15.0,75.0,9.0,74.5,1.0,73.5,20.0,73.0,9.0,72.5,1.0
2023-04-27 21:01:49.0,1682600509000000000,79.5,78.0,72.0,4893.0,84.0,62485.0,78.5,1.0,79.5,8.0,81.0,16.0,89.5,15.0,109.5,10.0,75.0,9.0,74.5,1.0,73.5,20.0,73.0,9.0,72.5,1.0
2023-04-27 21:01:49.75,1682600509750000000,79.5,78.0,72.0,4893.0,84.0,62485.0,78.5,1.0,79.5,8.0,81.0,16.0,109.5,10.0,118.0,20.0,75.0,9.0,74.5,1.0,73.5,20.0,73.0,9.0,72.5,1.0
2023-04-27 21:01:51.0,1682600511000000000,79.5,78.0,72.0,4893.0,84.0,62485.0,78.5,2.0,79.5,8.0,81.0,16.0,109.5,10.0,118.0,20.0,75.0,9.0,74.5,1.0,73.5,20.0,73.0,9.0,72.5,1.0
2023-04-27 21:01:51.5,1682600511500000000,79.5,75.0,72.0,4891.0,86.0,63985.0,78.5,2.0,79.5,8.0,81.0,16.0,109.5,10.0,118.0,20.0,75.0,29.0,74.5,1.0,73.5,20.0,73.0,9.0,72.5,1.0
2023-04-27 21:01:53.5,1682600513500000000,79.5,75.0,72.0,4891.0,86.0,63985.0,78.5,2.0,79.5,8.0,81.0,16.0,109.5,10.0,118.0,20.0,75.5,1.0,75.0,29.0,74.5,1.0,73.5,20.0,73.0,9.0
2023-04-27 21:01:53.75,1682600513750000000,79.5,78.5,72.0,4889.0,88.0,65555.0,90.5,16.0,109.5,10.0,118.0,20.0,130.0,1.0,132.0,15.0,78.5,1.0,76.0,9.0,75.5,1.0,75.0,29.0,74.5,1.0
2023-04-27 21:01:54.0,1682600514000000000,79.5,78.5,72.0,4889.0,88.0,65555.0,86.5,9.0,90.5,16.0,109.5,10.0,118.0,20.0,130.0,1.0,78.5,1.0,76.0,9.0,75.5,1.0,75.0,29.0,74.5,1.0
2023-04-27 21:01:56.25,1682600516250000000,79.5,78.5,72.0,4889.0,88.0,65555.0,86.5,9.0,90.5,16.0,92.5,15.0,109.5,10.0,118.0,20.0,78.5,1.0,76.0,9.0,75.5,1.0,75.0,29.0,74.5,1.0
2023-04-27 21:01:56.5,1682600516500000000,79.5,78.5,72.0,4889.0,88.0,65555.0,86.5,9.0,90.5,16.0,109.5,10.0,118.0,20.0,130.0,1.0,78.5,1.0,76.0,9.0,75.5,1.0,75.0,29.0,74.5,1.0
2023-04-27 21:01:56.75,1682600516750000000,79.5,78.5,72.0,4889.0,88.0,65555.0,86.5,9.0,90.5,16.0,93.5,15.0,109.5,10.0,118.0,20.0,78.5,1.0,76.0,9.0,75.5,1.0,75.0,29.0,74.5,1.0
2023-04-27 21:01:57.25,1682600517250000000,79.5,78.5,72.0,4889.0,88.0,65555.0,86.5,9.0,90.5,16.0,109.5,10.0,118.0,20.0,130.0,1.0,78.5,1.0,76.0,9.0,75.5,1.0,75.0,29.0,74.5,1.0
2023-04-27 21:01:58.25,1682600518250000000,79.5,78.5,72.0,4890.0,89.0,66340.0,86.5,9.0,90.5,16.0,109.5,10.0,118.0,20.0,130.0,1.0,76.0,9.0,75.5,1.0,75.0,29.0,74.5,1.0,73.5,11.0
2023-04-27 21:02:00.0,1682600520000000000,79.5,78.5,72.0,4890.0,89.0,66340.0,86.5,9.0,90.5,16.0,109.5,10.0,118.0,20.0,130.0,1.0,76.0,9.0,75.5,1.0,75.0,29.0,74.5,1.0,74.0,1.0
2023-04-27 21:02:02.25,1682600522250000000,79.5,78.5,72.0,4890.0,89.0,66340.0,86.5,9.0,90.5,16.0,109.5,10.0,118.0,20.0,130.0,1.0,76.0,9.0,75.5,1.0,75.0,29.0,74.0,1.0,73.5,10.0
2023-04-27 21:02:04.25,1682600524250000000,79.5,78.5,72.0,4890.0,89.0,66340.0,86.5,9.0,90.5,16.0,109.5,10.0,118.0,20.0,130.0,1.0,75.5,1.0,75.0,29.0,74.0,1.0,73.5,10.0,73.0,9.0
2023-04-27 21:02:05.5,1682600525500000000,79.5,78.5,72.0,4890.0,89.0,66340.0,86.5,9.0,90.5,16.0,109.5,10.0,118.0,20.0,130.0,1.0,75.0,29.0,74.0,1.0,73.5,10.0,73.0,9.0,72.5,1.0
2023-04-27 21:02:08.0,1682600528000000000,79.5,78.5,72.0,4890.0,89.0,66340.0,86.5,9.0,90.5,16.0,109.5,10.0,118.0,20.0,130.0,1.0,75.5,1.0,75.0,29.0,74.0,1.0,73.5,10.0,73.0,9.0
2023-04-27 21:02:09.0,1682600529000000000,79.5,78.5,72.0,4890.0,89.0,66340.0,83.5,3.0,86.5,9.0,90.5,16.0,109.5,10.0,118.0,20.0,75.5,1.0,75.0,32.0,74.0,1.0,73.5,10.0,73.0,9.0
2023-04-27 21:02:09.25,1682600529250000000,79.5,78.5,72.0,4890.0,89.0,66340.0,83.0,9.0,83.5,3.0,85.0,16.0,86.5,9.0,109.5,10.0,75.5,1.0,75.0,32.0,74.0,1.0,73.5,10.0,73.0,9.0
2023-04-27 21:02:09.5,1682600529500000000,79.5,78.5,72.0,4890.0,89.0,66340.0,83.0,9.0,83.5,9.0,85.0,16.0,86.5,9.0,109.5,10.0,75.5,1.0,75.0,38.0,74.0,1.0,73.5,10.0,73.0,9.0
2023-04-27 21:02:12.25,1682600532250000000,79.5,78.5,72.0,4890.0,89.0,66340.0,83.0,9.0,83.5,9.0,85.0,16.0,86.5,9.0,109.5,10.0,76.0,1.0,75.5,1.0,75.0,38.0,74.0,1.0,73.5,10.0
2023-04-27 21:02:12.5,1682600532500000000,79.5,78.5,72.0,4890.0,89.0,66340.0,83.0,9.0,83.5,9.0,84.0,3.0,85.0,16.0,86.5,9.0,76.5,3.0,76.0,1.0,75.5,1.0,75.0,38.0,74.0,1.0
2023-04-27 21:02:14.5,1682600534500000000,79.5,78.5,72.0,4890.0,89.0,66340.0,83.0,12.0,83.5,9.0,84.0,3.0,85.0,16.0,86.5,9.0,76.5,6.0,76.0,1.0,75.5,1.0,75.0,38.0,74.0,1.0
2023-04-27 21:02:14.75,1682600534750000000,79.5,78.5,72.0,4890.0,89.0,66340.0,82.5,9.0,83.0,12.0,83.5,9.0,84.0,3.0,85.0,16.0,76.5,6.0,76.0,1.0,75.5,1.0,75.0,38.0,74.0,1.0
2023-04-27 21:02:15.0,1682600535000000000,79.5,78.5,72.0,4890.0,89.0,66340.0,81.0,3.0,82.5,9.0,83.0,12.0,83.5,9.0,84.0,3.0,76.5,6.0,76.0,4.0,75.5,1.0,75.0,38.0,74.0,1.0
2023-04-27 21:02:15.25,1682600535250000000,79.5,78.5,72.0,4890.0,89.0,66340.0,80.0,3.0,80.5,9.0,81.0,3.0,82.5,9.0,83.0,3.0,76.5,6.0,76.0,4.0,75.5,1.0,75.0,38.0,74.0,1.0
2023-04-27 21:02:15.5,1682600535500000000,79.5,78.5,72.0,4890.0,89.0,66340.0,80.0,3.0,80.5,9.0,81.0,3.0,82.5,12.0,83.0,3.0,76.5,6.0,76.0,4.0,75.5,1.0,75.0,35.0,74.0,4.0
2023-04-27 21:02:15.75,1682600535750000000,79.5,78.5,72.0,4890.0,89.0,66340.0,79.5,9.0,80.0,3.0,80.5,9.0,81.0,3.0,82.5,3.0,76.5,6.0,76.0,4.0,75.5,1.0,75.0,35.0,74.0,4.0
2023-04-27 21:02:16.25,1682600536250000000,79.5,78.5,72.0,4890.0,89.0,66340.0,79.5,9.0,80.0,3.0,80.5,9.0,81.0,3.0,82.5,3.0,77.0,1.0,76.5,6.0,76.0,4.0,75.5,1.0,75.0,35.0
2023-04-27 21:02:16.5,1682600536500000000,79.5,77.0,72.0,4891.0,90.0,67110.0,79.5,9.0,80.0,6.0,80.5,9.0,81.0,3.0,82.5,3.0,76.5,9.0,76.0,4.0,75.5,1.0,75.0,32.0,74.0,4.0
2023-04-27 21:02:17.25,1682600537250000000,79.5,77.0,72.0,4891.0,90.0,67110.0,79.5,9.0,80.0,6.0,80.5,12.0,81.0,3.0,82.5,3.0,76.5,9.0,76.0,4.0,75.5,4.0,75.0,32.0,74.0,4.0
2023-04-27 21:02:19.0,1682600539000000000,79.5,77.0,72.0,4891.0,90.0,67110.0,79.5,9.0,80.0,6.0,80.5,12.0,81.0,6.0,82.5,3.0,76.5,9.0,76.0,4.0,75.5,4.0,75.0,35.0,74.0,4.0
2023-04-27 21:02:21.0,1682600541000000000,79.5,77.0,72.0,4891.0,90.0,67110.0,79.5,9.0,80.0,6.0,80.5,12.0,81.0,6.0,82.5,3.0,76.5,9.0,76.0,4.0,75.5,4.0,75.0,32.0,74.0,4.0
2023-04-27 21:02:21.75,1682600541750000000,79.5,79.5,72.0,4901.0,100.0,75060.0,79.5,25.0,80.0,6.0,80.5,12.0,81.0,6.0,82.5,3.0,76.5,9.0,76.0,4.0,75.5,4.0,75.0,32.0,74.0,4.0
2023-04-27 21:02:23.5,1682600543500000000,79.5,79.5,72.0,4901.0,100.0,75060.0,79.5,25.0,80.0,6.0,80.5,12.0,81.0,6.0,82.5,3.0,76.5,6.0,76.0,4.0,75.5,4.0,75.0,32.0,74.0,4.0
2023-04-27 21:02:24.75,1682600544750000000,79.5,79.5,72.0,4901.0,100.0,75060.0,79.5,25.0,80.0,6.0,80.5,12.0,81.0,6.0,82.5,3.0,76.5,7.0,76.0,4.0,75.5,4.0,75.0,32.0,74.0,4.0
2023-04-27 21:02:25.0,1682600545000000000,79.5,79.5,72.0,4901.0,100.0,75060.0,79.5,25.0,80.0,6.0,80.5,30.0,81.0,6.0,82.5,3.0,76.5,7.0,76.0,4.0,75.5,4.0,75.0,50.0,74.0,4.0
2023-04-27 21:02:25.5,1682600545500000000,79.5,79.5,72.0,4901.0,100.0,75060.0,79.5,25.0,80.0,6.0,80.5,30.0,81.0,6.0,82.5,3.0,77.0,1.0,76.5,7.0,76.0,4.0,75.5,4.0,75.0,50.0
2023-04-27 21:02:26.0,1682600546000000000,79.5,79.5,72.0,4901.0,100.0,75060.0,79.5,25.0,80.0,6.0,80.5,30.0,81.0,3.0,82.5,3.0,77.0,1.0,76.5,7.0,76.0,1.0,75.5,4.0,75.0,50.0
2023-04-27 21:02:26.25,1682600546250000000,79.5,79.5,72.0,4901.0,100.0,75060.0,79.5,25.0,80.0,3.0,80.5,30.0,81.0,3.0,82.5,3.0,77.0,1.0,76.5,7.0,76.0,1.0,75.5,4.0,75.0,50.0
2023-04-27 21:02:26.5,1682600546500000000,79.5,79.5,72.0,4901.0,100.0,75060.0,79.5,25.0,80.0,3.0,80.5,30.0,81.0,3.0,85.0,16.0,77.0,1.0,76.5,4.0,76.0,1.0,75.5,4.0,75.0,50.0
2023-04-27 21:02:28.0,1682600548000000000,79.5,79.5,72.0,4901.0,100.0,75060.0,79.5,25.0,80.5,30.0,81.0,3.0,85.0,16.0,109.5,10.0,77.0,1.0,76.5,1.0,76.0,1.0,75.5,4.0,75.0,50.0
2023-04-27 21:02:28.25,1682600548250000000,79.5,79.5,72.0,4901.0,100.0,75060.0,79.5,25.0,80.0,18.0,80.5,12.0,81.0,3.0,85.0,16.0,77.0,1.0,76.5,1.0,76.0,1.0,75.5,4.0,75.0,32.0
2023-04-27 21:02:29.5,1682600549500000000,79.5,79.5,72.0,4901.0,100.0,75060.0,79.5,25.0,80.0,18.0,80.5,9.0,81.0,3.0,85.0,16.0,77.0,1.0,76.5,1.0,76.0,1.0,75.5,1.0,75.0,32.0
2023-04-27 21:02:30.75,1682600550750000000,79.5,79.5,72.0,4901.0,100.0,75060.0,79.5,25.0,80.0,18.0,80.5,9.0,81.0,3.0,85.0,16.0,77.0,1.0,76.5,13.0,76.0,1.0,75.5,1.0,75.0,32.0
2023-04-27 21:02:31.0,1682600551000000000,79.5,79.5,72.0,4901.0,100.0,75060.0,79.5,25.0,80.5,9.0,81.0,18.0,85.0,16.0,94.5,15.0,77.0,1.0,76.5,13.0,76.0,1.0,75.5,19.0,75.0,29.0
2023-04-27 21:02:32.0,1682600552000000000,79.5,79.5,72.0,4901.0,100.0,75060.0,79.5,25.0,80.5,9.0,81.0,18.0,85.0,16.0,109.5,10.0,77.0,1.0,76.5,13.0,76.0,1.0,75.5,19.0,75.0,29.0
2023-04-27 21:02:34.25,1682600554250000000,79.5,77.0,72.0,4901.0,101.0,75830.0,77.0,2.0,79.5,25.0,80.5,9.0,81.0,18.0,85.0,16.0,76.5,13.0,76.0,1.0,75.5,19.0,75.0,29.0,74.0,1.0
2023-04-27 21:02:34.5,1682600554500000000,79.5,77.0,72.0,4899.0,103.0,77370.0,79.5,25.0,80.5,9.0,81.0,18.0,85.0,16.0,109.5,10.0,76.5,13.0,76.0,1.0,75.5,19.0,75.0,29.0,74.0,1.0
2023-04-27 21:02:35.25,1682600555250000000,79.5,77.0,72.0,4899.0,103.0,77370.0,79.5,25.0,80.5,27.0,85.0,16.0,109.5,10.0,118.0,20.0,76.5,31.0,76.0,1.0,75.5,1.0,75.0,29.0,74.0,1.0
2023-04-27 21:02:35.75,1682600555750000000,79.5,77.0,72.0,4899.0,103.0,77370.0,79.5,25.0,80.0,18.0,80.5,9.0,85.0,16.0,109.5,10.0,76.5,31.0,76.0,1.0,75.5,1.0,75.0,29.0,74.0,1.0
2023-04-27 21:02:36.75,1682600556750000000,79.5,77.0,72.0,4899.0,103.0,77370.0,79.5,25.0,80.0,18.0,80.5,9.0,85.0,16.0,109.5,10.0,77.0,1.0,76.5,31.0,76.0,1.0,75.5,1.0,75.0,29.0
2023-04-27 21:02:38.25,1682600558250000000,79.5,77.0,72.0,4899.0,103.0,77370.0,79.5,25.0,80.0,18.0,80.5,9.0,85.0,16.0,95.0,15.0,77.0,1.0,76.5,31.0,76.0,1.0,75.5,1.0,75.0,29.0
2023-04-27 21:02:38.5,1682600558500000000,79.5,77.0,72.0,4899.0,103.0,77370.0,79.5,25.0,80.5,27.0,85.0,16.0,94.5,10.0,95.0,15.0,77.0,1.0,76.5,31.0,76.0,1.0,75.5,1.0,75.0,29.0
2023-04-27 21:02:38.75,1682600558750000000,79.5,77.0,72.0,4899.0,103.0,77370.0,79.5,25.0,80.5,27.0,85.0,16.0,94.5,10.0,118.0,20.0,77.0,1.0,76.5,31.0,76.0,1.0,75.5,1.0,75.0,29.0
2023-04-27 21:02:39.5,1682600559500000000,79.5,79.5,72.0,4900.0,104.0,78165.0,79.5,24.0,80.5,27.0,85.0,16.0,94.5,10.0,118.0,20.0,77.0,1.0,76.5,31.0,76.0,1.0,75.5,1.0,75.0,29.0
2023-04-27 21:02:40.0,1682600560000000000,79.5,79.5,72.0,4900.0,104.0,78165.0,79.5,24.0,80.0,18.0,80.5,9.0,85.0,16.0,94.5,10.0,77.0,1.0,76.5,31.0,76.0,1.0,75.5,1.0,75.0,29.0
2023-04-27 21:02:40.25,1682600560250000000,79.5,79.5,72.0,4900.0,104.0,78165.0,79.5,24.0,80.5,27.0,85.0,16.0,118.0,20.0,130.0,1.0,77.0,1.0,76.5,31.0,76.0,1.0,75.5,1.0,75.0,29.0
2023-04-27 21:02:40.5,1682600560500000000,79.5,79.5,72.0,4900.0,104.0,78165.0,79.5,24.0,80.5,27.0,85.0,16.0,115.0,10.0,118.0,20.0,77.0,1.0,76.5,31.0,76.0,1.0,75.5,1.0,75.0,29.0
2023-04-27 21:02:40.75,1682600560750000000,79.5,79.5,72.0,4900.0,104.0,78165.0,79.5,24.0,80.5,27.0,85.0,16.0,115.0,10.0,118.0,20.0,77.0,11.0,76.5,31.0,76.0,1.0,75.5,1.0,75.0,29.0
2023-04-27 21:02:41.75,1682600561750000000,79.5,79.5,72.0,4900.0,104.0,78165.0,79.5,24.0,80.5,27.0,85.0,16.0,95.5,15.0,115.0,10.0,77.0,11.0,76.5,31.0,76.0,1.0,75.5,1.0,75.0,29.0
2023-04-27 21:02:42.0,1682600562000000000,79.5,79.5,72.0,4900.0,104.0,78165.0,79.5,24.0,80.5,27.0,85.0,16.0,95.0,10.0,95.5,15.0,77.0,11.0,76.5,31.0,76.0,1.0,75.5,1.0,75.0,29.0
2023-04-27 21:02:43.5,1682600563500000000,79.5,79.5,72.0,4900.0,104.0,78165.0,79.5,24.0,80.5,27.0,85.0,16.0,95.0,10.0,118.0,20.0,77.0,11.0,76.5,31.0,76.0,1.0,75.5,1.0,75.0,29.0
2023-04-27 21:02:44.75,1682600564750000000,79.5,79.5,72.0,4900.0,104.0,78165.0,79.5,24.0,80.5,27.0,85.0,16.0,95.0,10.0,118.0,20.0,77.0,29.0,76.5,13.0,76.0,1.0,75.5,1.0,75.0,29.0
2023-04-27 21:02:45.0,1682600565000000000,79.5,79.5,72.0,4900.0,104.0,78165.0,79.5,24.0,80.5,27.0,85.0,16.0,95.0,10.0,101.5,15.0,77.0,29.0,76.5,13.0,76.0,1.0,75.5,1.0,75.0,29.0
2023-04-27 21:02:45.25,1682600565250000000,79.5,79.5,72.0,4900.0,104.0,78165.0,79.5,24.0,80.5,27.0,85.0,16.0,95.0,10.0,101.5,15.0,77.0,29.0,76.5,13.0,76.0,1.0,75.5,1.0,75.0,30.0
2023-04-27 21:02:45.5,1682600565500000000,79.5,79.5,72.0,4900.0,104.0,78165.0,79.5,24.0,80.5,27.0,85.0,16.0,95.0,10.0,118.0,20.0,77.0,29.0,76.5,13.0,76.0,1.0,75.5,1.0,75.0,30.0
2023-04-27 21:02:46.5,1682600566500000000,79.5,79.5,72.0,4900.0,104.0,78165.0,79.5,24.0,80.0,18.0,80.5,9.0,85.0,16.0,95.0,10.0,77.0,29.0,76.5,13.0,76.0,1.0,75.5,1.0,75.0,30.0
2023-04-27 21:02:47.0,1682600567000000000,79.5,79.5,72.0,4900.0,104.0,78165.0,79.5,24.0,80.5,27.0,85.0,16.0,95.0,10.0,101.5,15.0,77.0,29.0,76.5,13.0,76.0,1.0,75.5,1.0,75.0,30.0
2023-04-27 21:02:47.75,1682600567750000000,79.5,79.5,72.0,4900.0,104.0,78165.0,79.5,24.0,80.5,27.0,85.0,16.0,95.0,10.0,118.0,20.0,77.0,29.0,76.5,13.0,76.0,1.0,75.5,1.0,75.0,30.0
2023-04-27 21:02:48.25,1682600568250000000,79.5,79.5,72.0,4900.0,104.0,78165.0,79.5,24.0,80.0,18.0,80.5,9.0,85.0,16.0,95.0,10.0,77.0,29.0,76.5,13.0,76.0,1.0,75.5,1.0,75.0,30.0
2023-04-27 21:02:48.5,1682600568500000000,79.5,79.5,72.0,4900.0,104.0,78165.0,79.5,24.0,80.5,27.0,85.0,16.0,95.0,10.0,102.0,15.0,77.0,29.0,76.5,13.0,76.0,1.0,75.5,1.0,75.0,30.0
2023-04-27 21:02:48.75,1682600568750000000,79.5,79.5,72.0,4900.0,104.0,78165.0,79.5,24.0,80.0,18.0,80.5,9.0,85.0,16.0,95.0,10.0,77.0,29.0,76.5,13.0,76.0,1.0,75.5,1.0,75.0,30.0
2023-04-27 21:02:49.0,1682600569000000000,79.5,79.5,72.0,4900.0,104.0,78165.0,79.5,24.0,80.5,27.0,85.0,16.0,95.0,10.0,102.0,15.0,77.0,29.0,76.5,13.0,76.0,1.0,75.5,1.0,75.0,30.0
2023-04-27 21:02:49.75,1682600569750000000,79.5,79.5,72.0,4900.0,104.0,78165.0,79.5,24.0,80.0,10.0,80.5,27.0,85.0,16.0,95.0,10.0,77.0,39.0,76.5,13.0,76.0,1.0,75.5,1.0,75.0,30.0
2023-04-27 21:02:50.0,1682600570000000000,79.5,79.5,72.0,4900.0,104.0,78165.0,79.5,24.0,80.0,28.0,80.5,9.0,85.0,16.0,95.0,10.0,77.0,39.0,76.5,13.0,76.0,1.0,75.5,1.0,75.0,30.0
2023-04-27 21:02:50.25,1682600570250000000,79.5,79.5,72.0,4900.0,104.0,78165.0,79.5,24.0,80.0,10.0,80.5,27.0,84.5,10.0,85.0,16.0,77.0,39.0,76.5,13.0,76.0,1.0,75.5,1.0,75.0,30.0
2023-04-27 21:02:51.25,1682600571250000000,79.5,79.5,72.0,4900.0,104.0,78165.0,79.5,24.0,80.0,10.0,80.5,27.0,84.5,10.0,85.0,16.0,78.0,1.0,77.0,39.0,76.5,13.0,76.0,1.0,75.5,1.0
2023-04-27 21:02:51.5,1682600571500000000,79.5,79.5,72.0,4900.0,104.0,78165.0,79.5,24.0,80.5,37.0,84.5,10.0,85.0,16.0,95.0,10.0,78.0,11.0,77.0,29.0,76.5,13.0,76.0,1.0,75.5,1.0
2023-04-27 21:02:51.75,1682600571750000000,79.5,79.5,72.0,4900.0,104.0,78165.0,79.5,24.0,80.5,19.0,81.0,18.0,84.5,10.0,85.0,16.0,78.0,29.0,77.0,11.0,76.5,13.0,76.0,1.0,75.5,1.0
2023-04-27 21:02:52.0,1682600572000000000,79.5,79.5,72.0,4900.0,104.0,78165.0,79.5,24.0,80.5,19.0,81.0,18.0,84.5,10.0,85.0,16.0,78.0,29.0,77.5,2.0,77.0,11.0,76.5,13.0,76.0,1.0
2023-04-27 21:02:54.0,1682600574000000000,79.5,79.5,72.0,4900.0,104.0,78165.0,79.5,24.0,80.5,37.0,84.5,10.0,85.0,16.0,102.0,15.0,78.0,29.0,77.5,2.0,77.0,11.0,76.5,13.0,76.0,1.0
2023-04-27 21:02:54.25,1682600574250000000,79.5,79.5,72.0,4900.0,104.0,78165.0,79.5,24.0,80.5,37.0,84.5,10.0,85.0,16.0,99.0,10.0,78.0,29.0,77.5,2.0,77.0,11.0,76.5,13.0,76.0,1.0
2023-04-27 21:02:54.75,1682600574750000000,79.5,79.5,72.0,4900.0,104.0,78165.0,79.5,24.0,80.5,19.0,81.0,18.0,84.5,10.0,85.0,16.0,78.0,29.0,77.5,2.0,77.0,11.0,76.5,13.0,76.0,1.0
2023-04-27 21:02:55.0,1682600575000000000,79.5,79.5,72.0,4900.0,104.0,78165.0,79.5,24.0,80.5,37.0,84.5,10.0,85.0,16.0,99.0,10.0,78.0,29.0,77.5,2.0,77.0,11.0,76.5,13.0,76.0,1.0
2023-04-27 21:02:55.25,1682600575250000000,79.5,79.5,72.0,4900.0,104.0,78165.0,79.5,24.0,80.5,19.0,81.0,18.0,84.5,10.0,85.0,16.0,78.0,29.0,77.5,2.0,77.0,11.0,76.5,13.0,76.0,1.0
2023-04-27 21:02:55.5,1682600575500000000,79.5,79.5,72.0,4900.0,104.0,78165.0,79.5,24.0,80.5,37.0,84.5,10.0,85.0,16.0,99.0,10.0,78.0,29.0,77.5,2.0,77.0,11.0,76.5,13.0,76.0,1.0
2023-04-27 21:02:57.0,1682600577000000000,79.5,79.5,72.0,4900.0,104.0,78165.0,79.5,24.0,80.5,37.0,84.5,10.0,85.0,16.0,99.0,10.0,78.5,2.0,78.0,29.0,77.5,2.0,77.0,11.0,76.5,13.0
2023-04-27 21:02:57.25,1682600577250000000,79.5,78.5,72.0,4902.0,106.0,79735.0,79.5,24.0,80.0,18.0,80.5,19.0,84.5,10.0,85.0,16.0,78.0,29.0,77.5,2.0,77.0,11.0,76.5,13.0,76.0,1.0
2023-04-27 21:02:57.5,1682600577500000000,79.5,78.5,72.0,4902.0,106.0,79735.0,79.5,24.0,80.5,37.0,84.5,10.0,85.0,16.0,99.0,10.0,78.0,29.0,77.5,2.0,77.0,11.0,76.5,13.0,76.0,1.0
2023-04-27 21:02:58.0,1682600578000000000,79.5,78.5,72.0,4902.0,106.0,79735.0,79.5,24.0,80.5,19.0,84.5,10.0,85.0,16.0,99.0,10.0,78.0,11.0,77.5,2.0,77.0,21.0,76.5,13.0,76.0,1.0
2023-04-27 21:02:58.25,1682600578250000000,79.5,78.5,72.0,4902.0,106.0,79735.0,79.5,24.0,80.5,19.0,82.0,10.0,84.5,10.0,85.0,16.0,78.0,11.0,77.5,2.0,77.0,21.0,76.5,13.0,76.0,11.0
2023-04-27 21:02:58.5,1682600578500000000,79.5,78.0,72.0,4913.0,117.0,88315.0,79.5,24.0,80.5,19.0,82.0,10.0,84.5,10.0,85.0,16.0,77.5,2.0,77.0,21.0,76.5,13.0,76.0,11.0,75.5,1.0
2023-04-27 21:02:58.75,1682600578750000000,79.5,78.0,72.0,4913.0,117.0,88315.0,79.5,24.0,80.5,37.0,82.0,10.0,84.5,10.0,85.0,16.0,77.5,12.0,77.0,39.0,76.5,13.0,76.0,11.0,75.5,1.0
2023-04-27 21:02:59.0,1682600579000000000,79.5,78.0,72.0,4913.0,117.0,88315.0,79.5,24.0,80.0,18.0,80.5,19.0,82.0,10.0,84.5,10.0,77.5,30.0,77.0,21.0,76.5,13.0,76.0,11.0,75.5,1.0
2023-04-27 21:02:59.25,1682600579250000000,79.5,78.0,72.0,4913.0,117.0,88315.0,79.5,24.0,80.0,18.0,80.5,19.0,82.0,10.0,84.5,10.0,78.0,1.0,77.5,30.0,77.0,21.0,76.5,13.0,76.0,11.0
2023-04-27 21:02:59.5,1682600579500000000,79.5,78.0,72.0,4913.0,117.0,88315.0,79.5,42.0,80.5,19.0,82.0,10.0,84.5,10.0,85.0,16.0,78.0,1.0,77.5,30.0,77.0,21.0,76.5,13.0,76.0,11.0
2023-04-27 21:02:59.75,1682600579750000000,79.5,78.0,72.0,4913.0,117.0,88315.0,79.5,24.0,80.5,19.0,82.0,10.0,84.5,10.0,85.0,16.0,78.0,1.0,77.5,12.0,77.0,21.0,76.5,13.0,76.0,11.0
2023-04-27 21:03:00.25,1682600580250000000,79.5,78.0,72.0,4913.0,117.0,88315.0,79.5,42.0,80.5,19.0,82.0,10.0,84.5,10.0,85.0,16.0,78.0,1.0,77.5,30.0,77.0,21.0,76.5,13.0,76.0,11.0
2023-04-27 21:03:00.5,1682600580500000000,79.5,78.0,72.0,4913.0,117.0,88315.0,79.5,42.0,80.5,19.0,82.0,10.0,84.5,10.0,85.0,16.0,78.0,2.0,77.5,30.0,77.0,21.0,76.5,13.0,76.0,11.0
2023-04-27 21:03:01.0,1682600581000000000,79.5,78.0,72.0,4913.0,117.0,88315.0,79.5,42.0,80.5,19.0,82.0,10.0,84.5,10.0,85.0,16.0,78.0,2.0,77.5,12.0,77.0,39.0,76.5,13.0,76.0,11.0
2023-04-27 21:03:02.0,1682600582000000000,79.5,78.0,72.0,4913.0,117.0,88315.0,79.5,42.0,80.5,19.0,82.0,10.0,84.5,10.0,85.0,16.0,78.0,2.0,77.5,10.0,77.0,39.0,76.5,13.0,76.0,11.0
2023-04-27 21:03:02.75,1682600582750000000,79.5,78.0,72.0,4915.0,119.0,89875.0,79.5,24.0,80.5,19.0,82.0,10.0,84.5,10.0,85.0,16.0,77.5,10.0,77.0,21.0,76.5,13.0,76.0,11.0,75.5,1.0
2023-04-27 21:03:03.0,1682600583000000000,79.5,78.0,72.0,4915.0,119.0,89875.0,79.5,34.0,80.5,9.0,82.0,10.0,84.5,10.0,85.0,16.0,78.0,10.0,77.0,21.0,76.5,13.0,76.0,11.0,75.5,1.0
2023-04-27 21:03:03.75,1682600583750000000,79.5,78.0,72.0,4925.0,129.0,97675.0,79.5,24.0,80.5,9.0,82.0,10.0,84.5,10.0,85.0,16.0,77.0,21.0,76.5,13.0,76.0,11.0,75.5,1.0,75.0,30.0
2023-04-27 21:03:04.25,1682600584250000000,79.5,78.0,72.0,4925.0,129.0,97675.0,79.5,42.0,80.5,9.0,82.0,10.0,84.5,10.0,85.0,16.0,77.0,39.0,76.5,13.0,76.0,11.0,75.5,1.0,75.0,30.0
2023-04-27 21:03:06.0,1682600586000000000,79.5,78.0,72.0,4925.0,129.0,97675.0,79.5,42.0,80.5,9.0,82.0,10.0,84.5,10.0,85.0,16.0,78.0,2.0,77.0,21.0,76.5,13.0,76.0,29.0,75.5,1.0
2023-04-27 21:03:06.75,1682600586750000000,79.5,78.0,72.0,4925.0,129.0,97675.0,79.5,42.0,80.5,9.0,82.0,10.0,84.5,10.0,85.0,16.0,78.0,2.0,77.0,21.0,76.5,31.0,76.0,11.0,75.5,1.0
2023-04-27 21:03:09.25,1682600589250000000,79.5,78.0,72.0,4925.0,129.0,97675.0,79.5,42.0,80.5,9.0,82.0,10.0,84.5,10.0,85.0,16.0,78.0,2.0,77.0,39.0,76.5,13.0,76.0,11.0,75.5,1.0
2023-04-27 21:03:10.75,1682600590750000000,79.5,78.0,72.0,4925.0,129.0,97675.0,79.5,18.0,80.5,9.0,82.0,10.0,84.5,10.0,85.0,16.0,78.0,2.0,77.0,39.0,76.5,13.0,76.0,11.0,75.5,1.0
2023-04-27 21:03:11.0,1682600591000000000,79.5,78.0,72.0,4925.0,129.0,97675.0,80.5,9.0,82.0,28.0,84.5,10.0,85.0,16.0,99.0,10.0,78.0,2.0,77.0,39.0,76.5,13.0,76.0,11.0,75.5,1.0
2023-04-27 21:03:12.25,1682600592250000000,79.5,78.0,72.0,4925.0,129.0,97675.0,80.5,9.0,82.0,28.0,84.5,10.0,85.0,16.0,99.0,10.0,78.0,2.0,77.0,40.0,76.5,13.0,76.0,11.0,75.5,1.0
2023-04-27 21:03:12.75,1682600592750000000,79.5,78.0,72.0,4925.0,129.0,97675.0,80.5,9.0,82.0,28.0,84.5,10.0,85.0,16.0,99.0,10.0,78.0,10.0,77.0,40.0,76.5,13.0,76.0,11.0,75.5,1.0
2023-04-27 21:03:13.0,1682600593000000000,79.5,78.0,72.0,4925.0,129.0,97675.0,80.5,9.0,82.0,28.0,84.5,10.0,85.0,16.0,99.0,10.0,78.0,10.0,77.5,18.0,77.0,22.0,76.5,13.0,76.0,11.0
2023-04-27 21:03:13.5,1682600593500000000,79.5,78.0,72.0,4925.0,129.0,97675.0,80.5,9.0,82.0,28.0,84.5,10.0,85.0,16.0,99.0,10.0,78.0,30.0,77.0,22.0,76.5,13.0,76.0,11.0,75.5,1.0
2023-04-27 21:03:14.25,1682600594250000000,79.5,78.0,72.0,4925.0,129.0,97675.0,80.5,9.0,82.0,28.0,84.5,10.0,85.0,16.0,99.0,10.0,78.5,1.0,78.0,30.0,77.0,22.0,76.5,13.0,76.0,11.0
2023-04-27 21:03:15.75,1682600595750000000,79.5,78.0,72.0,4925.0,129.0,97675.0,82.0,28.0,83.0,9.0,84.5,10.0,85.0,16.0,99.0,10.0,78.5,1.0,78.0,30.0,77.0,21.0,76.5,13.0,76.0,11.0
2023-04-27 21:03:16.0,1682600596000000000,79.5,78.0,72.0,4925.0,129.0,97675.0,82.0,18.0,82.5,10.0,83.0,9.0,84.5,10.0,85.0,16.0,78.5,4.0,78.0,30.0,77.0,21.0,76.5,13.0,76.0,1.0
2023-04-27 21:03:16.25,1682600596250000000,79.5,78.0,72.0,4925.0,129.0,97675.0,82.5,28.0,83.0,9.0,84.5,10.0,85.0,16.0,99.0,10.0,78.5,4.0,78.0,12.0,77.5,18.0,77.0,21.0,76.5,13.0
2023-04-27 21:03:16.5,1682600596500000000,79.5,78.0,72.0,4925.0,129.0,97675.0,82.5,18.0,83.0,19.0,84.5,10.0,85.0,16.0,99.0,10.0,78.5,4.0,78.0,12.0,77.5,18.0,77.0,21.0,76.5,13.0
2023-04-27 21:03:16.75,1682600596750000000,79.5,78.0,72.0,4925.0,129.0,97675.0,83.0,37.0,84.5,10.0,85.0,16.0,99.0,10.0,118.0,20.0,78.5,4.0,78.0,12.0,77.5,18.0,77.0,21.0,76.5,13.0
2023-04-27 21:03:17.0,1682600597000000000,79.5,78.0,72.0,4925.0,129.0,97675.0,83.0,27.0,83.5,10.0,84.5,10.0,85.0,16.0,99.0,10.0,78.5,4.0,78.0,12.0,77.5,18.0,77.0,21.0,76.5,13.0
2023-04-27 21:03:17.25,1682600597250000000,79.5,78.0,72.0,4925.0,129.0,97675.0,83.0,9.0,83.5,28.0,84.5,10.0,85.0,16.0,99.0,10.0,78.5,4.0,78.0,30.0,77.0,21.0,76.5,13.0,76.0,11.0
2023-04-27 21:03:20.0,1682600600000000000,79.5,78.0,72.0,4925.0,129.0,97675.0,83.0,9.0,83.5,28.0,84.5,10.0,85.0,16.0,99.0,10.0,79.0,1.0,78.5,4.0,78.0,30.0,77.0,21.0,76.5,13.0
2023-04-27 21:03:24.5,1682600604500000000,79.5,78.0,72.0,4925.0,129.0,97675.0,83.0,9.0,83.5,28.0,84.5,10.0,85.0,16.0,99.0,10.0,79.0,1.0,78.5,4.0,78.0,30.0,77.0,21.0,76.5,12.0
2023-04-27 21:03:32.5,1682600612500000000,79.5,78.0,72.0,4925.0,129.0,97675.0,83.0,9.0,83.5,28.0,84.5,10.0,85.0,16.0,92.0,1.0,79.0,1.0,78.5,4.0,78.0,30.0,77.0,21.0,76.5,12.0
2023-04-27 21:03:35.25,1682600615250000000,79.5,78.0,72.0,4925.0,129.0,97675.0,83.0,9.0,83.5,28.0,85.0,16.0,86.5,10.0,92.0,1.0,79.0,1.0,78.5,4.0,78.0,30.0,77.0,21.0,76.5,12.0
2023-04-27 21:03:37.75,1682600617750000000,79.5,78.0,72.0,4925.0,129.0,97675.0,83.0,9.0,83.5,28.0,85.0,16.0,86.5,10.0,92.0,1.0,79.0,2.0,78.5,4.0,78.0,30.0,77.0,21.0,76.5,12.0
2023-04-27 21:03:38.25,1682600618250000000,79.5,78.0,72.0,4925.0,129.0,97675.0,83.0,9.0,83.5,28.0,85.0,16.0,86.5,10.0,92.0,1.0,79.0,3.0,78.5,4.0,78.0,30.0,77.0,21.0,76.5,12.0
2023-04-27 21:03:39.0,1682600619000000000,79.5,78.0,72.0,4925.0,129.0,97675.0,83.0,13.0,83.5,28.0,85.0,16.0,86.5,10.0,92.0,1.0,79.5,1.0,79.0,3.0,78.5,4.0,78.0,30.0,77.0,21.0
2023-04-27 21:03:44.0,1682600624000000000,83.0,83.0,72.0,4921.0,195.0,152455.0,82.5,9.0,83.0,2.0,83.5,28.0,85.0,16.0,86.5,10.0,79.5,1.0,79.0,12.0,78.5,4.0,78.0,30.0,77.0,21.0
2023-04-27 21:03:44.25,1682600624250000000,83.0,83.0,72.0,4921.0,195.0,152455.0,82.5,9.0,83.0,20.0,83.5,10.0,85.0,16.0,86.5,10.0,79.5,1.0,79.0,30.0,78.5,4.0,78.0,12.0,77.0,21.0
2023-04-27 21:03:44.5,1682600624500000000,83.0,83.0,72.0,4921.0,195.0,152455.0,82.5,9.0,83.0,20.0,83.5,10.0,85.0,16.0,86.5,10.0,79.5,1.0,79.0,12.0,78.5,22.0,78.0,12.0,77.0,21.0
2023-04-27 21:03:47.25,1682600627250000000,83.0,83.0,72.0,4921.0,195.0,152455.0,80.5,18.0,82.5,9.0,83.0,2.0,83.5,10.0,85.0,16.0,79.5,1.0,79.0,12.0,78.5,22.0,78.0,12.0,77.0,21.0
2023-04-27 21:03:47.5,1682600627500000000,83.0,83.0,72.0,4921.0,195.0,152455.0,82.5,9.0,83.0,2.0,83.5,10.0,85.0,16.0,86.5,10.0,79.5,1.0,79.0,12.0,78.5,4.0,78.0,12.0,77.0,21.0
2023-04-27 21:03:47.75,1682600627750000000,83.0,83.0,72.0,4921.0,195.0,152455.0,82.5,9.0,83.0,2.0,83.5,10.0,85.0,16.0,86.5,10.0,79.5,1.0,79.0,16.0,78.5,4.0,78.0,12.0,77.0,21.0
2023-04-27 21:03:50.0,1682600630000000000,83.0,83.0,72.0,4921.0,195.0,152455.0,82.5,9.0,83.0,2.0,83.5,10.0,85.0,16.0,86.5,10.0,79.5,2.0,79.0,16.0,78.5,4.0,78.0,12.0,77.0,21.0
2023-04-27 21:03:50.25,1682600630250000000,83.0,79.5,72.0,4921.0,197.0,154045.0,82.5,9.0,83.0,2.0,83.5,10.0,85.0,16.0,86.5,10.0,79.0,16.0,78.5,4.0,78.0,12.0,77.0,21.0,76.5,12.0
2023-04-27 21:03:50.75,1682600630750000000,83.0,82.5,72.0,4922.0,198.0,154870.0,82.5,24.0,83.5,10.0,85.0,16.0,86.5,10.0,92.0,1.0,79.0,16.0,78.5,4.0,78.0,12.0,77.0,21.0,76.5,12.0
2023-04-27 21:03:58.0,1682600638000000000,83.0,82.5,72.0,4922.0,198.0,154870.0,82.5,24.0,83.5,10.0,85.0,16.0,86.5,10.0,92.0,1.0,80.0,1.0,79.0,16.0,78.5,4.0,78.0,12.0,77.0,21.0
2023-04-27 21:04:00.0,1682600640000000000,83.0,82.5,72.0,4922.0,198.0,154870.0,82.5,24.0,83.0,18.0,83.5,10.0,85.0,16.0,86.5,10.0,80.0,1.0,79.0,16.0,78.5,4.0,78.0,12.0,77.5,18.0
2023-04-27 21:04:02.25,1682600642250000000,83.0,82.5,72.0,4922.0,198.0,154870.0,82.5,24.0,83.5,10.0,84.0,18.0,85.0,16.0,86.5,10.0,80.0,1.0,79.0,16.0,78.5,4.0,78.0,30.0,77.0,21.0
2023-04-27 21:04:02.5,1682600642500000000,83.0,82.5,72.0,4922.0,198.0,154870.0,82.0,18.0,82.5,24.0,83.5,10.0,85.0,16.0,86.5,10.0,80.0,19.0,79.0,16.0,78.5,4.0,78.0,12.0,77.0,21.0
2023-04-27 21:04:03.5,1682600643500000000,83.0,82.5,72.0,4922.0,198.0,154870.0,82.5,24.0,83.5,10.0,85.0,16.0,86.5,10.0,90.0,2.0,80.0,1.0,79.0,16.0,78.5,4.0,78.0,12.0,77.0,21.0
2023-04-27 21:04:03.75,1682600643750000000,83.0,82.5,72.0,4922.0,198.0,154870.0,82.5,42.0,83.5,10.0,85.0,16.0,86.5,10.0,90.0,2.0,80.0,19.0,79.0,16.0,78.5,4.0,78.0,12.0,77.0,21.0
2023-04-27 21:04:04.5,1682600644500000000,83.0,82.5,72.0,4922.0,198.0,154870.0,82.5,24.0,83.5,10.0,85.0,16.0,86.5,10.0,90.0,2.0,80.0,1.0,79.0,16.0,78.5,4.0,78.0,12.0,77.0,21.0
2023-04-27 21:04:08.25,1682600648250000000,83.0,82.5,72.0,4922.0,198.0,154870.0,82.5,24.0,83.5,10.0,85.0,16.0,86.5,10.0,90.0,2.0,80.0,2.0,79.5,1.0,79.0,16.0,78.5,4.0,78.0,12.0
2023-04-27 21:04:09.0,1682600649000000000,83.0,82.5,72.0,4922.0,198.0,154870.0,82.5,24.0,83.5,20.0,85.0,16.0,90.0,2.0,92.0,1.0,80.0,2.0,79.5,1.0,79.0,16.0,78.5,1.0,78.0,12.0
2023-04-27 21:04:10.0,1682600650000000000,83.0,82.5,72.0,4922.0,198.0,154870.0,82.5,24.0,83.5,20.0,85.0,16.0,90.0,2.0,92.0,1.0,80.0,2.0,79.5,1.0,79.0,16.0,78.5,1.0,78.0,12.0
2023-04-27 21:04:12.5,1682600652500000000,83.0,82.5,72.0,4922.0,198.0,154870.0,82.5,24.0,83.5,38.0,85.0,16.0,90.0,2.0,92.0,1.0,80.0,2.0,79.5,1.0,79.0,16.0,78.5,1.0,78.0,30.0
2023-04-27 21:04:13.5,1682600653500000000,83.0,82.5,72.0,4922.0,198.0,154870.0,82.5,24.0,83.5,20.0,85.0,16.0,90.0,2.0,92.0,1.0,80.0,2.0,79.5,1.0,79.0,16.0,78.5,1.0,78.0,12.0
2023-04-27 21:04:13.75,1682600653750000000,83.0,82.5,72.0,4922.0,198.0,154870.0,82.5,42.0,83.5,20.0,85.0,16.0,90.0,2.0,92.0,1.0,80.0,5.0,79.5,1.0,79.0,34.0,78.5,1.0,78.0,12.0
2023-04-27 21:04:18.75,1682600658750000000,83.0,82.5,72.0,4922.0,198.0,154870.0,82.5,42.0,83.5,20.0,85.0,16.0,90.0,2.0,92.0,1.0,80.0,5.0,79.5,1.0,79.0,34.0,78.0,12.0,77.0,11.0
2023-04-27 21:04:23.5,1682600663500000000,83.0,80.0,72.0,4927.0,203.0,158870.0,82.5,42.0,83.5,20.0,85.0,16.0,90.0,2.0,92.0,1.0,79.5,1.0,79.0,16.0,78.5,18.0,78.0,12.0,77.0,11.0
2023-04-27 21:04:23.75,1682600663750000000,83.0,80.0,72.0,4927.0,203.0,158870.0,82.5,24.0,83.5,20.0,85.0,16.0,90.0,2.0,92.0,1.0,79.5,1.0,79.0,16.0,78.0,12.0,77.0,11.0,76.5,12.0
2023-04-27 21:04:25.0,1682600665000000000,83.0,79.5,72.0,4927.0,204.0,159665.0,82.5,24.0,83.5,20.0,85.0,16.0,90.0,2.0,92.0,1.0,79.0,16.0,78.0,12.0,77.0,11.0,76.5,12.0,76.0,10.0
2023-04-27 21:04:25.75,1682600665750000000,83.0,79.5,72.0,4927.0,204.0,159665.0,82.5,42.0,83.5,20.0,85.0,16.0,90.0,2.0,92.0,1.0,79.0,16.0,78.5,18.0,78.0,12.0,77.0,11.0,76.5,12.0
2023-04-27 21:04:26.0,1682600666000000000,83.0,79.5,72.0,4927.0,204.0,159665.0,82.5,42.0,83.5,20.0,85.0,16.0,90.0,2.0,92.0,1.0,79.0,34.0,78.0,12.0,77.0,11.0,76.5,12.0,76.0,10.0
2023-04-27 21:04:27.5,1682600667500000000,83.0,79.5,72.0,4927.0,204.0,159665.0,82.5,42.0,83.5,20.0,85.0,16.0,90.0,2.0,92.0,1.0,79.5,20.0,79.0,34.0,78.0,12.0,77.0,11.0,76.5,12.0
2023-04-27 21:04:28.5,1682600668500000000,83.0,79.5,72.0,4927.0,204.0,159665.0,82.5,42.0,83.5,20.0,85.0,16.0,90.0,2.0,92.0,1.0,79.5,20.0,79.0,25.0,78.0,12.0,77.0,11.0,76.5,12.0
2023-04-27 21:04:33.0,1682600673000000000,83.0,79.5,72.0,4927.0,204.0,159665.0,82.0,12.0,82.5,42.0,83.5,20.0,85.0,16.0,90.0,2.0,79.5,20.0,79.0,25.0,78.0,12.0,77.0,11.0,76.5,12.0
2023-04-27 21:04:34.5,1682600674500000000,83.0,79.5,72.0,4927.0,204.0,159665.0,82.0,12.0,82.5,42.0,83.5,20.0,85.0,16.0,90.0,2.0,80.0,3.0,79.5,20.0,79.0,25.0,78.0,12.0,77.0,11.0
2023-04-27 21:04:35.25,1682600675250000000,83.0,79.5,72.0,4927.0,204.0,159665.0,82.0,30.0,82.5,24.0,83.5,20.0,85.0,16.0,90.0,2.0,80.0,3.0,79.5,38.0,79.0,7.0,78.0,12.0,77.0,11.0
2023-04-27 21:04:35.5,1682600675500000000,83.0,79.5,72.0,4927.0,204.0,159665.0,82.0,30.0,82.5,24.0,83.5,20.0,85.0,16.0,90.0,2.0,80.0,3.0,79.5,20.0,79.0,25.0,78.0,12.0,77.0,11.0
2023-04-27 21:04:35.75,1682600675750000000,83.0,80.0,72.0,4930.0,207.0,162065.0,82.0,30.0,82.5,24.0,83.5,20.0,85.0,16.0,90.0,2.0,79.5,20.0,79.0,25.0,78.0,12.0,77.0,11.0,76.5,12.0
2023-04-27 21:04:37.5,1682600677500000000,83.0,80.0,72.0,4930.0,207.0,162065.0,82.0,30.0,82.5,24.0,83.5,20.0,85.0,16.0,90.0,2.0,79.5,20.0,79.0,25.0,78.0,12.0,77.0,11.0,76.5,13.0
2023-04-27 21:04:37.75,1682600677750000000,83.0,79.5,72.0,4930.0,227.0,177965.0,79.5,5.0,82.0,30.0,82.5,24.0,83.5,20.0,85.0,16.0,79.0,25.0,78.0,12.0,77.0,11.0,76.5,13.0,76.0,10.0
2023-04-27 21:04:38.0,1682600678000000000,83.0,79.5,72.0,4930.0,227.0,177965.0,79.5,5.0,82.0,30.0,82.5,24.0,83.5,20.0,85.0,16.0,79.0,7.0,78.0,30.0,77.0,11.0,76.5,13.0,76.0,10.0
2023-04-27 21:04:42.0,1682600682000000000,83.0,79.5,72.0,4925.0,232.0,181940.0,82.0,30.0,82.5,24.0,83.5,20.0,85.0,16.0,90.0,2.0,79.0,7.0,78.0,30.0,77.0,11.0,76.5,13.0,76.0,10.0
2023-04-27 21:04:53.75,1682600693750000000,83.0,79.5,72.0,4925.0,232.0,181940.0,82.0,30.0,82.5,24.0,83.5,20.0,85.0,16.0,90.0,2.0,79.0,3.0,78.0,30.0,77.0,11.0,76.5,13.0,76.0,10.0
2023-04-27 21:05:00.5,1682600700500000000,83.0,79.5,72.0,4925.0,232.0,181940.0,82.0,40.0,82.5,24.0,83.5,20.0,85.0,16.0,90.0,2.0,79.0,13.0,78.0,30.0,77.0,11.0,76.5,13.0,76.0,10.0
2023-04-27 21:05:00.75,1682600700750000000,83.0,79.5,72.0,4925.0,232.0,181940.0,82.0,22.0,82.5,42.0,83.5,20.0,85.0,16.0,90.0,2.0,79.0,31.0,78.0,12.0,77.0,11.0,76.5,13.0,76.0,10.0
2023-04-27 21:05:01.5,1682600701500000000,83.0,79.5,72.0,4925.0,232.0,181940.0,82.0,22.0,82.5,42.0,83.5,20.0,85.0,16.0,90.0,2.0,79.0,31.0,78.0,21.0,77.0,11.0,76.5,13.0,76.0,10.0
2023-04-27 21:05:01.75,1682600701750000000,83.0,79.0,72.0,4928.0,238.0,186680.0,82.0,22.0,82.5,42.0,83.5,20.0,85.0,16.0,90.0,2.0,79.0,25.0,78.0,21.0,77.0,11.0,76.5,13.0,76.0,10.0
2023-04-27 21:05:02.0,1682600702000000000,83.0,79.0,72.0,4928.0,238.0,186680.0,82.0,22.0,82.5,42.0,83.5,20.0,85.0,16.0,90.0,2.0,79.5,21.0,79.0,7.0,78.0,39.0,77.0,11.0,76.5,13.0
2023-04-27 21:05:02.25,1682600702250000000,83.0,79.0,72.0,4928.0,238.0,186680.0,82.0,22.0,82.5,24.0,83.0,18.0,83.5,20.0,85.0,16.0,79.5,39.0,79.0,7.0,78.0,21.0,77.0,11.0,76.5,13.0
2023-04-27 21:05:02.5,1682600702500000000,83.0,79.0,72.0,4928.0,238.0,186680.0,82.0,22.0,82.5,24.0,83.0,18.0,83.5,20.0,85.0,16.0,80.0,10.0,79.5,39.0,78.0,21.0,77.0,11.0,76.5,13.0
2023-04-27 21:05:02.75,1682600702750000000,83.0,79.0,72.0,4928.0,238.0,186680.0,82.0,22.0,82.5,24.0,83.0,18.0,83.5,20.0,85.0,16.0,80.0,28.0,79.5,21.0,78.0,21.0,77.0,11.0,76.5,13.0
2023-04-27 21:05:05.0,1682600705000000000,83.0,79.0,72.0,4928.0,238.0,186680.0,82.0,22.0,82.5,42.0,83.5,20.0,85.0,16.0,90.0,2.0,80.0,28.0,79.5,21.0,78.0,21.0,77.0,11.0,76.5,13.0
2023-04-27 21:05:05.25,1682600705250000000,83.0,79.0,72.0,4928.0,238.0,186680.0,82.0,22.0,82.5,42.0,83.5,20.0,85.0,16.0,90.0,2.0,80.0,10.0,79.5,40.0,78.0,21.0,77.0,11.0,76.5,13.0
2023-04-27 21:05:05.5,1682600705500000000,83.0,79.0,72.0,4928.0,238.0,186680.0,82.0,22.0,82.5,42.0,83.5,20.0,85.0,16.0,90.0,2.0,80.0,10.0,79.5,41.0,78.0,21.0,77.0,11.0,76.5,13.0
2023-04-27 21:05:08.5,1682600708500000000,83.0,79.0,72.0,4928.0,238.0,186680.0,82.0,22.0,82.5,42.0,83.5,20.0,85.0,16.0,90.0,2.0,79.5,51.0,78.0,21.0,77.0,11.0,76.5,13.0,76.0,10.0
2023-04-27 21:05:08.75,1682600708750000000,83.0,79.0,72.0,4928.0,238.0,186680.0,82.0,40.0,82.5,24.0,83.5,20.0,85.0,16.0,90.0,2.0,79.5,51.0,78.0,21.0,77.0,11.0,76.5,13.0,76.0,10.0
2023-04-27 21:05:13.5,1682600713500000000,83.0,79.0,72.0,4928.0,238.0,186680.0,82.0,22.0,82.5,24.0,83.0,18.0,83.5,20.0,85.0,16.0,79.5,51.0,78.0,21.0,77.0,11.0,76.5,13.0,76.0,10.0
2023-04-27 21:05:14.0,1682600714000000000,83.0,79.0,72.0,4928.0,238.0,186680.0,82.0,22.0,82.5,24.0,83.0,18.0,83.5,10.0,85.0,26.0,79.5,51.0,78.0,31.0,77.0,1.0,76.5,13.0,76.0,10.0
2023-04-27 21:05:14.25,1682600714250000000,83.0,79.0,72.0,4928.0,238.0,186680.0,82.0,12.0,82.5,34.0,83.0,18.0,83.5,10.0,85.0,26.0,80.0,10.0,79.5,41.0,78.0,31.0,77.0,1.0,76.5,13.0
2023-04-27 21:05:14.5,1682600714500000000,83.0,79.0,72.0,4928.0,238.0,186680.0,82.0,12.0,82.5,34.0,83.0,18.0,83.5,10.0,85.0,26.0,80.0,28.0,79.5,23.0,78.0,31.0,77.0,1.0,76.5,13.0
2023-04-27 21:05:18.5,1682600718500000000,83.0,79.0,72.0,4928.0,238.0,186680.0,82.0,12.0,82.5,34.0,83.0,18.0,83.5,10.0,85.0,26.0,80.5,10.0,80.0,28.0,79.5,23.0,78.0,31.0,77.0,1.0
2023-04-27 21:05:18.75,1682600718750000000,83.0,79.0,72.0,4928.0,238.0,186680.0,82.0,12.0,82.5,34.0,83.0,18.0,83.5,10.0,85.0,26.0,80.5,28.0,80.0,10.0,79.5,23.0,78.0,31.0,77.0,1.0
2023-04-27 21:05:19.25,1682600719250000000,83.0,79.0,72.0,4928.0,238.0,186680.0,82.0,12.0,82.5,34.0,83.5,28.0,85.0,26.0,90.0,2.0,80.5,28.0,80.0,10.0,79.5,23.0,78.0,31.0,77.0,1.0
2023-04-27 21:05:20.25,1682600720250000000,83.0,79.0,72.0,4928.0,238.0,186680.0,82.0,12.0,82.5,34.0,83.5,28.0,85.0,26.0,90.0,2.0,80.5,28.0,80.0,10.0,79.5,23.0,79.0,1.0,78.0,31.0
2023-04-27 21:05:20.5,1682600720500000000,83.0,79.0,72.0,4928.0,238.0,186680.0,82.0,12.0,82.5,18.0,83.5,28.0,85.0,26.0,90.0,2.0,80.5,28.0,80.0,10.0,79.5,23.0,79.0,1.0,78.0,31.0
2023-04-27 21:05:20.75,1682600720750000000,83.0,79.0,72.0,4928.0,238.0,186680.0,82.0,12.0,82.5,18.0,83.5,10.0,84.0,18.0,85.0,26.0,80.5,28.0,80.0,10.0,79.5,23.0,79.0,1.0,78.0,31.0
2023-04-27 21:05:21.5,1682600721500000000,83.0,79.0,72.0,4928.0,238.0,186680.0,82.0,12.0,82.5,10.0,83.5,10.0,84.0,18.0,85.0,26.0,80.5,28.0,80.0,10.0,79.5,23.0,79.0,1.0,78.0,31.0
2023-04-27 21:05:21.75,1682600721750000000,83.0,79.0,72.0,4928.0,238.0,186680.0,82.0,12.0,82.5,10.0,83.5,10.0,84.0,18.0,85.0,26.0,80.5,28.0,80.0,10.0,79.5,23.0,79.0,2.0,78.0,31.0
2023-04-27 21:05:23.5,1682600723500000000,83.0,82.0,72.0,4916.0,250.0,196520.0,82.5,10.0,83.5,10.0,84.0,18.0,85.0,26.0,90.0,2.0,80.5,28.0,80.0,10.0,79.5,23.0,79.0,2.0,78.0,31.0
2023-04-27 21:05:23.75,1682600723750000000,83.0,82.0,72.0,4916.0,250.0,196520.0,83.0,10.0,83.5,10.0,84.0,18.0,85.0,26.0,90.0,2.0,80.5,38.0,79.5,23.0,79.0,2.0,78.0,31.0,77.0,1.0
2023-04-27 21:05:24.0,1682600724000000000,83.0,82.0,72.0,4916.0,250.0,196520.0,83.0,10.0,84.0,18.0,85.0,26.0,88.0,10.0,90.0,2.0,80.5,38.0,80.0,10.0,79.5,23.0,79.0,2.0,78.0,31.0
2023-04-27 21:05:24.5,1682600724500000000,83.0,82.0,72.0,4916.0,250.0,196520.0,83.0,10.0,83.5,18.0,85.0,26.0,88.0,10.0,90.0,2.0,80.5,38.0,80.0,10.0,79.5,23.0,79.0,2.0,78.0,31.0
2023-04-27 21:05:24.75,1682600724750000000,83.0,82.0,72.0,4916.0,250.0,196520.0,83.5,28.0,85.0,26.0,88.0,10.0,90.0,2.0,92.0,1.0,81.0,10.0,80.5,28.0,80.0,10.0,79.5,23.0,79.0,2.0
2023-04-27 21:05:25.0,1682600725000000000,83.0,82.0,72.0,4916.0,250.0,196520.0,83.5,10.0,84.0,18.0,85.0,26.0,88.0,10.0,90.0,2.0,81.0,28.0,80.5,10.0,80.0,10.0,79.5,23.0,79.0,2.0
2023-04-27 21:05:25.25,1682600725250000000,83.0,82.0,72.0,4916.0,250.0,196520.0,83.5,10.0,84.0,18.0,85.0,26.0,88.0,10.0,90.0,2.0,82.0,1.0,81.0,28.0,80.5,10.0,80.0,10.0,79.5,23.0
2023-04-27 21:05:25.5,1682600725500000000,83.0,82.0,72.0,4916.0,250.0,196520.0,83.5,10.0,84.0,18.0,85.0,26.0,88.0,10.0,90.0,2.0,82.0,11.0,81.0,18.0,80.5,10.0,80.0,10.0,79.5,23.0
2023-04-27 21:05:25.75,1682600725750000000,83.0,82.0,72.0,4916.0,250.0,196520.0,83.5,10.0,84.0,18.0,85.0,26.0,88.0,10.0,90.0,2.0,82.0,1.0,81.5,10.0,81.0,18.0,80.5,10.0,80.0,10.0
2023-04-27 21:05:27.25,1682600727250000000,83.0,82.0,72.0,4916.0,250.0,196520.0,83.5,10.0,84.0,18.0,85.0,26.0,88.0,10.0,90.0,2.0,82.0,1.0,81.5,28.0,80.5,10.0,80.0,10.0,79.5,23.0
2023-04-27 21:05:28.25,1682600728250000000,83.0,82.0,72.0,4916.0,250.0,196520.0,83.5,28.0,85.0,26.0,88.0,10.0,90.0,2.0,92.0,1.0,82.0,1.0,81.5,10.0,81.0,18.0,80.5,10.0,80.0,10.0
2023-04-27 21:05:28.5,1682600728500000000,83.0,82.0,72.0,4916.0,250.0,196520.0,83.5,28.0,85.0,26.0,88.0,10.0,90.0,2.0,92.0,16.0,82.0,1.0,81.5,10.0,81.0,18.0,80.5,10.0,80.0,10.0
2023-04-27 21:05:28.75,1682600728750000000,83.0,82.0,72.0,4916.0,250.0,196520.0,83.5,28.0,84.5,9.0,85.0,26.0,88.0,10.0,90.0,2.0,82.0,1.0,81.5,10.0,81.0,18.0,80.5,10.0,80.0,10.0
2023-04-27 21:05:30.5,1682600730500000000,83.0,82.0,72.0,4916.0,250.0,196520.0,83.5,10.0,84.0,18.0,84.5,9.0,85.0,26.0,88.0,10.0,82.0,1.0,81.5,28.0,80.5,10.0,80.0,10.0,79.5,23.0
2023-04-27 21:05:31.25,1682600731250000000,83.0,82.0,72.0,4917.0,251.0,197340.0,83.5,10.0,84.0,18.0,84.5,9.0,85.0,26.0,88.0,10.0,81.5,28.0,80.5,10.0,80.0,10.0,79.5,23.0,79.0,2.0
2023-04-27 21:05:31.75,1682600731750000000,83.5,83.5,72.0,4917.0,261.0,205690.0,84.0,18.0,84.5,9.0,85.0,26.0,88.0,10.0,90.0,2.0,81.5,28.0,80.5,10.0,80.0,10.0,79.5,23.0,79.0,2.0
2023-04-27 21:05:32.0,1682600732000000000,83.5,83.5,72.0,4917.0,261.0,205690.0,83.5,44.0,84.5,9.0,85.0,26.0,88.0,10.0,90.0,2.0,81.5,10.0,80.5,10.0,80.0,10.0,79.5,23.0,79.0,2.0
2023-04-27 21:05:32.25,1682600732250000000,83.5,83.5,72.0,4917.0,261.0,205690.0,83.5,34.0,84.0,10.0,84.5,27.0,85.0,26.0,88.0,10.0,81.5,28.0,80.5,10.0,80.0,10.0,79.5,23.0,79.0,2.0
2023-04-27 21:05:32.5,1682600732500000000,83.5,83.5,72.0,4917.0,261.0,205690.0,83.5,34.0,84.0,10.0,84.5,27.0,85.0,16.0,86.0,10.0,81.5,28.0,80.5,10.0,80.0,10.0,79.5,33.0,79.0,2.0
2023-04-27 21:05:33.5,1682600733500000000,83.5,83.5,72.0,4917.0,261.0,205690.0,83.5,34.0,84.0,28.0,84.5,9.0,85.0,16.0,86.0,10.0,81.5,10.0,81.0,18.0,80.5,10.0,80.0,10.0,79.5,32.0
2023-04-27 21:05:33.75,1682600733750000000,83.5,83.5,72.0,4917.0,261.0,205690.0,83.5,34.0,84.0,28.0,84.5,9.0,85.0,16.0,86.0,10.0,81.5,28.0,80.5,10.0,80.0,10.0,79.5,32.0,79.0,2.0
2023-04-27 21:05:38.25,1682600738250000000,83.5,83.5,72.0,4917.0,261.0,205690.0,83.5,52.0,84.0,10.0,84.5,9.0,85.0,16.0,86.0,10.0,81.5,10.0,81.0,18.0,80.5,10.0,80.0,10.0,79.5,32.0
2023-04-27 21:05:38.75,1682600738750000000,83.5,83.5,72.0,4917.0,261.0,205690.0,83.0,10.0,83.5,52.0,84.5,9.0,85.0,16.0,86.0,10.0,81.5,10.0,81.0,18.0,80.5,10.0,80.0,10.0,79.5,32.0
2023-04-27 21:05:40.25,1682600740250000000,83.5,83.5,72.0,4917.0,261.0,205690.0,83.0,10.0,83.5,34.0,84.0,18.0,84.5,9.0,85.0,16.0,81.5,28.0,80.5,10.0,80.0,10.0,79.5,32.0,79.0,2.0
2023-04-27 21:05:41.0,1682600741000000000,83.5,83.0,72.0,4911.0,267.0,210670.0,83.0,4.0,83.5,34.0,84.0,18.0,84.5,9.0,85.0,16.0,81.5,28.0,80.5,10.0,80.0,10.0,79.5,32.0,79.0,2.0
2023-04-27 21:05:41.25,1682600741250000000,83.5,83.0,72.0,4911.0,267.0,210670.0,83.5,44.0,84.0,18.0,84.5,9.0,85.0,16.0,86.0,10.0,81.5,28.0,80.5,10.0,80.0,10.0,79.5,32.0,79.0,2.0
2023-04-27 21:05:43.5,1682600743500000000,83.5,83.0,72.0,4911.0,267.0,210670.0,83.5,44.0,84.0,18.0,84.5,9.0,85.0,16.0,86.0,10.0,82.0,2.0,81.5,28.0,80.5,10.0,80.0,10.0,79.5,32.0
2023-04-27 21:05:44.0,1682600744000000000,83.5,83.0,72.0,4911.0,267.0,210670.0,83.5,34.0,84.0,28.0,84.5,9.0,85.0,16.0,86.0,10.0,82.0,12.0,81.5,18.0,80.5,10.0,80.0,10.0,79.5,32.0
2023-04-27 21:05:44.25,1682600744250000000,83.5,83.0,72.0,4911.0,267.0,210670.0,83.5,34.0,84.0,10.0,84.5,27.0,85.0,16.0,86.0,10.0,82.0,30.0,80.5,10.0,80.0,10.0,79.5,32.0,79.0,2.0
2023-04-27 21:05:44.75,1682600744750000000,83.5,83.0,72.0,4911.0,267.0,210670.0,83.5,34.0,84.0,10.0,84.5,9.0,85.0,34.0,86.0,10.0,82.0,30.0,80.5,10.0,80.0,10.0,79.5,32.0,79.0,2.0
2023-04-27 21:05:45.25,1682600745250000000,83.5,83.0,72.0,4911.0,267.0,210670.0,84.0,10.0,84.5,9.0,85.0,34.0,86.0,10.0,88.0,10.0,82.0,30.0,80.5,10.0,80.0,10.0,79.5,32.0,79.0,2.0
2023-04-27 21:05:45.75,1682600745750000000,83.5,83.0,72.0,4911.0,267.0,210670.0,84.5,19.0,85.0,34.0,86.0,10.0,88.0,10.0,89.5,15.0,82.0,30.0,80.5,10.0,80.0,10.0,79.5,32.0,79.0,2.0
2023-04-27 21:05:46.0,1682600746000000000,83.5,83.0,72.0,4911.0,267.0,210670.0,84.5,19.0,85.0,34.0,86.0,10.0,88.0,10.0,90.0,2.0,82.0,30.0,80.5,10.0,80.0,10.0,79.5,32.0,79.0,2.0
2023-04-27 21:05:46.5,1682600746500000000,83.5,83.0,72.0,4911.0,267.0,210670.0,84.5,37.0,85.0,16.0,86.0,10.0,88.0,10.0,90.0,2.0,82.0,30.0,80.5,10.0,80.0,10.0,79.5,32.0,79.0,2.0
2023-04-27 21:05:48.75,1682600748750000000,83.5,83.0,72.0,4911.0,267.0,210670.0,84.5,37.0,85.0,16.0,86.0,10.0,88.0,10.0,88.5,15.0,82.0,30.0,80.5,10.0,80.0,10.0,79.5,32.0,79.0,2.0
2023-04-27 21:05:49.5,1682600749500000000,83.5,83.0,72.0,4911.0,267.0,210670.0,84.5,37.0,85.0,16.0,86.0,10.0,88.0,10.0,88.5,15.0,82.5,1.0,82.0,30.0,80.5,10.0,80.0,10.0,79.5,32.0
2023-04-27 21:05:49.75,1682600749750000000,83.5,82.5,72.0,4912.0,268.0,211495.0,84.5,37.0,85.0,16.0,86.0,10.0,88.0,10.0,88.5,15.0,82.0,30.0,80.5,10.0,80.0,10.0,79.5,32.0,79.0,2.0
2023-04-27 21:05:51.75,1682600751750000000,83.5,82.5,72.0,4912.0,268.0,211495.0,84.5,37.0,85.0,16.0,86.0,10.0,88.0,10.0,90.0,17.0,82.0,30.0,80.5,10.0,80.0,10.0,79.5,32.0,79.0,2.0
2023-04-27 21:05:55.0,1682600755000000000,83.5,82.5,72.0,4912.0,268.0,211495.0,84.5,37.0,85.0,16.0,86.0,10.0,88.0,10.0,90.0,17.0,83.0,1.0,82.0,30.0,80.5,10.0,80.0,10.0,79.5,32.0
2023-04-27 21:05:55.25,1682600755250000000,83.5,83.0,72.0,4913.0,269.0,212325.0,84.5,37.0,85.0,16.0,86.0,10.0,88.0,10.0,90.0,17.0,82.0,30.0,80.5,10.0,80.0,10.0,79.5,32.0,79.0,2.0
2023-04-27 21:05:56.25,1682600756250000000,83.5,83.0,72.0,4913.0,269.0,212325.0,84.0,10.0,84.5,27.0,85.0,16.0,86.0,10.0,88.0,10.0,82.0,20.0,81.5,10.0,80.5,10.0,80.0,10.0,79.5,32.0
2023-04-27 21:05:56.5,1682600756500000000,83.5,83.0,72.0,4913.0,269.0,212325.0,84.0,28.0,84.5,9.0,85.0,16.0,86.0,10.0,88.0,10.0,82.0,2.0,81.5,28.0,80.5,10.0,80.0,10.0,79.5,32.0
2023-04-27 21:05:58.75,1682600758750000000,83.5,83.0,72.0,4913.0,269.0,212325.0,84.0,28.0,84.5,9.0,85.0,26.0,88.0,10.0,90.0,17.0,82.0,2.0,81.5,10.0,80.5,28.0,80.0,10.0,79.5,22.0
2023-04-27 21:05:59.75,1682600759750000000,83.5,83.0,72.0,4913.0,269.0,212325.0,84.0,28.0,84.5,9.0,85.0,26.0,88.0,10.0,90.0,17.0,83.5,1.0,82.0,2.0,81.5,10.0,80.5,28.0,80.0,10.0
2023-04-27 21:06:00.0,1682600760000000000,83.5,83.5,72.0,4914.0,270.0,213160.0,84.0,18.0,84.5,19.0,85.0,26.0,88.0,10.0,90.0,17.0,82.5,10.0,82.0,2.0,80.5,28.0,80.0,10.0,79.5,22.0
2023-04-27 21:06:00.25,1682600760250000000,83.5,83.5,72.0,4914.0,270.0,213160.0,83.5,20.0,84.0,10.0,84.5,27.0,85.0,26.0,88.0,10.0,82.0,2.0,81.5,10.0,81.0,18.0,80.5,10.0,80.0,10.0
2023-04-27 21:06:00.5,1682600760500000000,83.5,83.5,72.0,4914.0,270.0,213160.0,83.5,38.0,84.0,10.0,84.5,9.0,85.0,26.0,88.0,10.0,82.0,2.0,81.5,10.0,81.0,18.0,80.5,10.0,80.0,10.0
2023-04-27 21:06:01.0,1682600761000000000,83.5,83.5,72.0,4914.0,270.0,213160.0,83.0,10.0,83.5,38.0,84.5,9.0,85.0,26.0,88.0,10.0,82.0,2.0,81.5,10.0,81.0,18.0,80.5,10.0,80.0,10.0
2023-04-27 21:06:01.25,1682600761250000000,83.5,83.5,72.0,4914.0,270.0,213160.0,83.0,28.0,83.5,20.0,84.5,9.0,85.0,26.0,88.0,10.0,82.0,2.0,81.5,10.0,81.0,18.0,80.5,10.0,80.0,10.0
2023-04-27 21:06:02.5,1682600762500000000,83.5,83.5,72.0,4916.0,272.0,214830.0,83.0,26.0,83.5,20.0,84.5,9.0,85.0,26.0,88.0,10.0,82.0,2.0,81.5,10.0,81.0,18.0,80.5,10.0,80.0,10.0
2023-04-27 21:06:02.75,1682600762750000000,83.5,83.5,72.0,4916.0,272.0,214830.0,83.0,8.0,83.5,38.0,84.5,9.0,85.0,26.0,88.0,10.0,82.0,2.0,81.5,10.0,80.5,28.0,80.0,10.0,79.5,22.0
2023-04-27 21:06:08.5,1682600768500000000,83.5,82.0,72.0,4918.0,274.0,216470.0,83.0,8.0,83.5,38.0,84.5,9.0,85.0,26.0,88.0,10.0,81.5,10.0,80.5,10.0,80.0,28.0,79.5,22.0,79.0,2.0
2023-04-27 21:06:09.0,1682600769000000000,83.5,83.0,72.0,4919.0,275.0,217300.0,83.0,9.0,83.5,38.0,84.5,9.0,85.0,26.0,88.0,10.0,80.5,20.0,80.0,28.0,79.5,22.0,79.0,2.0,78.0,31.0
2023-04-27 21:06:09.25,1682600769250000000,83.5,83.0,72.0,4919.0,275.0,217300.0,83.0,9.0,83.5,38.0,84.5,9.0,85.0,26.0,85.5,10.0,80.5,20.0,80.0,18.0,79.5,22.0,79.0,2.0,78.0,41.0
2023-04-27 21:06:09.5,1682600769500000000,83.5,83.0,72.0,4919.0,275.0,217300.0,83.0,10.0,83.5,38.0,84.5,9.0,85.0,26.0,85.5,10.0,80.5,10.0,80.0,28.0,79.5,22.0,79.0,2.0,78.0,41.0
2023-04-27 21:06:09.75,1682600769750000000,83.5,83.0,72.0,4919.0,275.0,217300.0,83.0,48.0,83.5,10.0,84.5,9.0,85.0,16.0,85.5,10.0,80.5,10.0,80.0,10.0,79.5,40.0,79.0,2.0,78.0,31.0
2023-04-27 21:06:10.5,1682600770500000000,83.5,83.0,72.0,4919.0,275.0,217300.0,83.0,38.0,83.5,10.0,84.5,9.0,85.0,16.0,85.5,10.0,80.5,10.0,79.5,40.0,79.0,2.0,78.0,31.0,77.0,10.0
2023-04-27 21:06:12.0,1682600772000000000,83.5,83.0,72.0,4919.0,275.0,217300.0,83.0,38.0,83.5,10.0,84.5,9.0,85.0,16.0,85.5,10.0,80.5,10.0,80.0,18.0,79.5,22.0,79.0,2.0,78.0,31.0
2023-04-27 21:06:13.0,1682600773000000000,83.5,83.0,72.0,4920.0,276.0,218130.0,83.0,37.0,83.5,10.0,84.5,9.0,85.0,16.0,85.5,10.0,80.5,10.0,80.0,18.0,79.5,22.0,79.0,2.0,78.0,31.0
2023-04-27 21:06:14.0,1682600774000000000,83.5,83.0,72.0,4920.0,276.0,218130.0,83.0,37.0,83.5,10.0,84.5,9.0,85.0,16.0,85.5,10.0,82.0,1.0,80.5,28.0,79.5,22.0,79.0,2.0,78.0,31.0
2023-04-27 21:06:15.5,1682600775500000000,83.5,82.0,72.0,4921.0,277.0,218950.0,83.0,37.0,83.5,10.0,84.5,9.0,85.0,16.0,85.5,10.0,81.0,1.0,80.5,28.0,79.5,22.0,79.0,2.0,78.0,31.0
2023-04-27 21:06:15.75,1682600775750000000,83.5,82.0,72.0,4921.0,277.0,218950.0,83.0,37.0,83.5,10.0,84.5,9.0,85.0,16.0,85.5,10.0,81.0,1.0,80.5,28.0,79.5,22.0,79.0,2.0,78.0,23.0
2023-04-27 21:06:16.25,1682600776250000000,83.5,82.0,72.0,4921.0,277.0,218950.0,82.0,5.0,83.0,37.0,83.5,10.0,84.5,9.0,85.0,16.0,81.0,1.0,80.5,28.0,79.5,22.0,79.0,2.0,78.0,23.0
2023-04-27 21:06:18.5,1682600778500000000,83.5,80.5,72.0,4931.0,287.0,227005.0,82.0,5.0,83.0,37.0,83.5,10.0,84.5,9.0,85.0,16.0,80.5,19.0,79.5,22.0,79.0,2.0,78.0,23.0,77.0,10.0
2023-04-27 21:06:18.75,1682600778750000000,83.5,80.5,72.0,4931.0,287.0,227005.0,82.0,5.0,83.0,37.0,83.5,10.0,84.5,9.0,85.0,16.0,80.5,1.0,79.5,40.0,79.0,2.0,78.0,23.0,77.0,10.0
2023-04-27 21:06:19.0,1682600779000000000,83.5,80.5,72.0,4931.0,287.0,227005.0,82.0,5.0,83.0,19.0,83.5,10.0,84.5,9.0,85.0,16.0,80.5,21.0,80.0,9.0,79.5,1.0,79.0,2.0,78.0,23.0
2023-04-27 21:06:19.25,1682600779250000000,83.5,82.0,72.0,4926.0,292.0,231105.0,83.0,37.0,84.5,9.0,85.0,26.0,85.5,10.0,90.0,2.0,80.5,21.0,80.0,27.0,79.5,1.0,79.0,2.0,78.0,33.0
2023-04-27 21:06:19.5,1682600779500000000,83.5,82.0,72.0,4926.0,292.0,231105.0,83.0,37.0,84.5,9.0,85.0,26.0,85.5,10.0,90.0,2.0,80.5,39.0,80.0,9.0,79.5,1.0,79.0,2.0,78.0,33.0
2023-04-27 21:06:24.5,1682600784500000000,83.5,82.0,72.0,4926.0,292.0,231105.0,83.0,37.0,84.5,9.0,85.0,26.0,85.5,10.0,90.0,2.0,81.0,1.0,80.5,39.0,80.0,9.0,79.5,1.0,79.0,2.0
2023-04-27 21:06:25.5,1682600785500000000,83.5,83.0,72.0,4931.0,297.0,235255.0,83.0,32.0,84.5,9.0,85.0,26.0,85.5,10.0,90.0,2.0,81.0,1.0,80.5,39.0,80.0,9.0,79.5,1.0,79.0,2.0
2023-04-27 21:06:29.25,1682600789250000000,83.5,83.0,72.0,4931.0,297.0,235255.0,83.0,18.0,84.5,9.0,85.0,26.0,85.5,10.0,90.0,2.0,81.0,1.0,80.5,39.0,80.0,9.0,79.5,1.0,79.0,2.0
2023-04-27 21:06:29.5,1682600789500000000,83.5,83.0,72.0,4931.0,297.0,235255.0,84.5,9.0,85.0,44.0,85.5,10.0,90.0,2.0,92.0,16.0,81.0,1.0,80.5,39.0,80.0,9.0,79.5,1.0,79.0,2.0
2023-04-27 21:06:31.75,1682600791750000000,83.5,83.0,72.0,4931.0,297.0,235255.0,84.5,9.0,85.0,44.0,85.5,10.0,90.0,2.0,92.0,16.0,81.0,1.0,80.5,40.0,80.0,9.0,79.5,1.0,79.0,2.0
2023-04-27 21:06:33.0,1682600793000000000,83.5,83.0,72.0,4931.0,297.0,235255.0,84.5,9.0,85.0,44.0,85.5,10.0,90.0,2.0,92.0,1.0,81.0,1.0,80.5,40.0,80.0,9.0,79.5,1.0,79.0,2.0
2023-04-27 21:06:34.0,1682600794000000000,83.5,83.0,72.0,4931.0,297.0,235255.0,84.5,9.0,85.0,44.0,85.5,10.0,90.0,2.0,91.5,15.0,81.0,1.0,80.5,40.0,80.0,9.0,79.5,1.0,79.0,2.0
2023-04-27 21:06:36.75,1682600796750000000,83.5,83.0,72.0,4931.0,297.0,235255.0,84.5,9.0,85.0,44.0,85.5,10.0,90.0,17.0,92.0,1.0,81.0,1.0,80.5,40.0,80.0,9.0,79.5,1.0,79.0,2.0
2023-04-27 21:06:39.75,1682600799750000000,83.5,83.0,72.0,4931.0,297.0,235255.0,84.0,1.0,84.5,9.0,85.0,44.0,85.5,10.0,90.0,17.0,81.0,1.0,80.5,40.0,80.0,9.0,79.5,1.0,79.0,2.0
2023-04-27 21:06:40.5,1682600800500000000,83.5,83.0,72.0,4931.0,297.0,235255.0,84.0,1.0,84.5,9.0,85.0,44.0,85.5,10.0,90.0,2.0,81.0,1.0,80.5,40.0,80.0,9.0,79.5,1.0,79.0,2.0
2023-04-27 21:06:41.0,1682600801000000000,83.5,83.0,72.0,4931.0,297.0,235255.0,84.0,1.0,84.5,9.0,85.0,44.0,85.5,10.0,90.0,17.0,81.0,1.0,80.5,40.0,80.0,9.0,79.5,1.0,79.0,2.0
2023-04-27 21:06:42.75,1682600802750000000,83.5,83.0,72.0,4931.0,297.0,235255.0,84.0,1.0,84.5,9.0,85.0,44.0,85.5,10.0,90.0,2.0,81.0,1.0,80.5,40.0,80.0,9.0,79.5,1.0,79.0,2.0
2023-04-27 21:06:43.0,1682600803000000000,83.5,83.0,72.0,4931.0,297.0,235255.0,84.0,1.0,84.5,9.0,85.0,44.0,85.5,10.0,90.0,2.0,81.0,2.0,80.5,40.0,80.0,9.0,79.5,1.0,79.0,2.0
2023-04-27 21:06:43.5,1682600803500000000,83.5,83.0,72.0,4931.0,297.0,235255.0,84.0,11.0,84.5,9.0,85.0,44.0,85.5,10.0,90.0,2.0,81.0,12.0,80.5,40.0,80.0,9.0,79.5,1.0,79.0,2.0
2023-04-27 21:06:43.75,1682600803750000000,83.5,83.0,72.0,4931.0,297.0,235255.0,84.0,29.0,84.5,9.0,85.0,26.0,85.5,10.0,90.0,2.0,81.0,12.0,80.5,40.0,80.0,9.0,79.5,1.0,79.0,2.0
2023-04-27 21:06:44.0,1682600804000000000,83.5,83.0,72.0,4931.0,297.0,235255.0,84.0,29.0,84.5,9.0,85.0,26.0,85.5,10.0,90.0,17.0,81.0,12.0,80.5,40.0,80.0,9.0,79.5,1.0,79.0,2.0
2023-04-27 21:06:46.5,1682600806500000000,83.5,83.0,72.0,4931.0,297.0,235255.0,84.0,29.0,84.5,9.0,85.0,26.0,85.5,10.0,90.0,17.0,81.0,2.0,80.5,50.0,80.0,9.0,79.5,1.0,79.0,2.0
2023-04-27 21:06:48.0,1682600808000000000,83.5,83.0,72.0,4931.0,297.0,235255.0,84.0,29.0,84.5,9.0,85.0,26.0,85.5,10.0,90.0,17.0,81.0,2.0,80.5,50.0,80.0,9.0,79.5,1.0,79.0,3.0
2023-04-27 21:06:50.0,1682600810000000000,83.5,83.0,72.0,4931.0,297.0,235255.0,84.0,29.0,84.5,9.0,85.0,26.0,85.5,10.0,90.0,17.0,81.0,2.0,80.5,51.0,80.0,9.0,79.5,1.0,79.0,3.0
2023-04-27 21:06:52.5,1682600812500000000,83.5,83.0,72.0,4931.0,297.0,235255.0,84.0,29.0,84.5,9.0,85.0,26.0,85.5,10.0,90.0,17.0,81.0,3.0,80.5,51.0,80.0,9.0,79.5,1.0,79.0,3.0
2023-04-27 21:06:57.0,1682600817000000000,83.5,83.0,72.0,4931.0,297.0,235255.0,84.0,29.0,84.5,9.0,85.0,26.0,85.5,10.0,90.0,17.0,81.0,3.0,80.5,52.0,80.0,9.0,79.5,1.0,79.0,3.0
2023-04-27 21:06:57.5,1682600817500000000,84.0,84.0,72.0,4935.0,302.0,239455.0,84.0,24.0,84.5,9.0,85.0,26.0,85.5,10.0,90.0,17.0,81.0,3.0,80.5,52.0,80.0,9.0,79.5,1.0,79.0,3.0
2023-04-27 21:06:57.75,1682600817750000000,84.0,84.0,72.0,4935.0,302.0,239455.0,84.0,46.0,84.5,9.0,85.0,26.0,85.5,10.0,90.0,17.0,81.0,3.0,80.5,52.0,80.0,9.0,79.5,1.0,79.0,3.0
2023-04-27 21:06:59.75,1682600819750000000,84.0,84.0,72.0,4935.0,302.0,239455.0,84.0,56.0,84.5,9.0,85.0,26.0,85.5,10.0,90.0,17.0,81.0,3.0,80.5,62.0,80.0,9.0,79.5,1.0,79.0,3.0
2023-04-27 21:07:01.5,1682600821500000000,84.0,84.0,72.0,4935.0,302.0,239455.0,83.5,9.0,84.0,56.0,84.5,9.0,85.0,26.0,85.5,10.0,81.0,3.0,80.5,62.0,80.0,9.0,79.5,1.0,79.0,3.0
2023-04-27 21:07:01.75,1682600821750000000,84.0,84.0,72.0,4936.0,303.0,240295.0,83.5,30.0,84.0,34.0,84.5,9.0,85.0,26.0,85.5,10.0,81.0,3.0,80.5,62.0,80.0,9.0,79.5,1.0,79.0,3.0
2023-04-27 21:07:02.0,1682600822000000000,84.0,84.0,72.0,4936.0,303.0,240295.0,83.5,58.0,84.0,10.0,84.5,9.0,85.0,26.0,85.5,10.0,81.0,3.0,80.5,44.0,80.0,27.0,79.5,1.0,79.0,3.0
2023-04-27 21:07:02.5,1682600822500000000,84.0,84.0,72.0,4936.0,303.0,240295.0,83.0,10.0,83.5,58.0,84.5,9.0,85.0,26.0,85.5,10.0,81.0,3.0,80.5,62.0,80.0,9.0,79.5,1.0,79.0,3.0
2023-04-27 21:07:02.75,1682600822750000000,84.0,84.0,72.0,4936.0,303.0,240295.0,83.0,28.0,83.5,40.0,84.5,9.0,85.0,26.0,85.5,10.0,81.0,3.0,80.5,62.0,80.0,9.0,79.5,1.0,79.0,3.0
2023-04-27 21:07:03.0,1682600823000000000,84.0,84.0,72.0,4936.0,303.0,240295.0,83.0,38.0,83.5,30.0,84.5,9.0,85.0,26.0,85.5,10.0,81.0,3.0,80.5,62.0,80.0,9.0,79.5,1.0,79.0,3.0
2023-04-27 21:07:08.0,1682600828000000000,84.0,84.0,72.0,4936.0,303.0,240295.0,83.0,38.0,83.5,30.0,84.5,9.0,85.0,26.0,85.5,10.0,81.0,3.0,80.5,63.0,80.0,9.0,79.5,1.0,79.0,3.0
2023-04-27 21:07:08.5,1682600828500000000,84.0,84.0,72.0,4936.0,303.0,240295.0,83.0,38.0,83.5,30.0,84.5,9.0,85.0,26.0,85.5,10.0,81.0,2.0,80.5,63.0,80.0,9.0,79.5,1.0,79.0,3.0
2023-04-27 21:07:11.0,1682600831000000000,84.0,83.0,72.0,4940.0,307.0,243615.0,83.0,34.0,83.5,30.0,84.5,9.0,85.0,26.0,85.5,10.0,81.0,2.0,80.5,63.0,80.0,9.0,79.5,1.0,79.0,3.0
2023-04-27 21:07:11.25,1682600831250000000,84.0,83.0,72.0,4940.0,307.0,243615.0,83.0,34.0,83.5,40.0,84.5,9.0,85.0,26.0,85.5,10.0,81.0,2.0,80.5,63.0,80.0,9.0,79.5,1.0,79.0,3.0
2023-04-27 21:07:11.5,1682600831500000000,84.0,83.0,72.0,4940.0,307.0,243615.0,83.0,34.0,83.5,40.0,84.5,9.0,85.0,26.0,85.5,10.0,81.0,2.0,80.5,63.0,80.0,9.0,79.5,11.0,79.0,3.0
2023-04-27 21:07:12.0,1682600832000000000,84.0,83.0,72.0,4940.0,307.0,243615.0,83.0,34.0,83.5,50.0,84.5,9.0,85.0,26.0,85.5,10.0,81.0,2.0,80.5,73.0,80.0,9.0,79.5,11.0,79.0,3.0
2023-04-27 21:07:12.5,1682600832500000000,84.0,83.0,72.0,4941.0,308.0,244445.0,83.0,33.0,83.5,50.0,84.5,9.0,85.0,26.0,85.5,10.0,81.0,2.0,80.5,73.0,80.0,9.0,79.5,11.0,79.0,3.0
2023-04-27 21:07:13.0,1682600833000000000,84.0,83.0,72.0,4941.0,308.0,244445.0,83.0,33.0,83.5,40.0,84.0,10.0,84.5,9.0,85.0,26.0,81.0,2.0,80.5,73.0,80.0,9.0,79.5,11.0,79.0,3.0
2023-04-27 21:07:14.25,1682600834250000000,84.0,83.0,72.0,4941.0,308.0,244445.0,83.0,43.0,83.5,40.0,84.0,10.0,84.5,9.0,85.0,16.0,81.0,2.0,80.5,73.0,80.0,9.0,79.5,11.0,79.0,13.0
2023-04-27 21:07:15.5,1682600835500000000,84.0,83.0,72.0,4941.0,308.0,244445.0,83.0,43.0,83.5,40.0,84.0,20.0,84.5,9.0,85.0,16.0,81.0,2.0,80.5,73.0,80.0,9.0,79.5,21.0,79.0,13.0
2023-04-27 21:07:16.25,1682600836250000000,84.0,83.0,72.0,4941.0,308.0,244445.0,83.0,43.0,83.5,40.0,84.0,20.0,84.5,9.0,85.0,16.0,81.0,3.0,80.5,73.0,80.0,9.0,79.5,21.0,79.0,13.0
2023-04-27 21:07:18.75,1682600838750000000,84.0,83.0,72.0,4941.0,308.0,244445.0,83.0,43.0,83.5,40.0,84.0,20.0,84.5,9.0,85.0,16.0,81.0,3.0,80.5,75.0,80.0,9.0,79.5,21.0,79.0,13.0
2023-04-27 21:07:19.0,1682600839000000000,84.0,83.0,72.0,4941.0,308.0,244445.0,83.0,43.0,83.5,40.0,84.0,20.0,84.5,9.0,85.0,16.0,81.0,4.0,80.5,75.0,80.0,9.0,79.5,21.0,79.0,13.0
2023-04-27 21:07:20.25,1682600840250000000,84.0,83.0,72.0,4941.0,308.0,244445.0,83.0,43.0,83.5,40.0,84.0,20.0,84.5,9.0,85.0,16.0,82.0,2.0,81.0,4.0,80.5,75.0,80.0,9.0,79.5,21.0
2023-04-27 21:07:20.5,1682600840500000000,84.0,83.0,72.0,4941.0,308.0,244445.0,82.5,10.0,83.0,38.0,83.5,40.0,84.0,10.0,84.5,9.0,82.0,2.0,81.5,20.0,81.0,4.0,80.5,55.0,80.0,9.0
2023-04-27 21:07:20.75,1682600840750000000,84.0,83.0,72.0,4941.0,308.0,244445.0,82.5,28.0,83.0,20.0,83.5,40.0,84.0,10.0,84.5,9.0,82.0,2.0,81.5,20.0,81.0,4.0,80.5,55.0,80.0,9.0
2023-04-27 21:07:21.0,1682600841000000000,84.0,83.0,72.0,4941.0,308.0,244445.0,82.5,28.0,83.0,30.0,83.5,30.0,84.0,10.0,84.5,9.0,82.0,2.0,81.5,10.0,81.0,14.0,80.5,55.0,80.0,9.0
2023-04-27 21:07:22.5,1682600842500000000,84.0,83.0,72.0,4941.0,308.0,244445.0,82.5,28.0,83.0,30.0,83.5,30.0,84.0,10.0,84.5,9.0,82.0,2.0,81.5,10.0,81.0,32.0,80.5,37.0,80.0,9.0
2023-04-27 21:07:22.75,1682600842750000000,84.0,83.0,72.0,4941.0,308.0,244445.0,82.5,18.0,83.0,40.0,83.5,30.0,84.0,10.0,84.5,9.0,82.0,2.0,81.5,10.0,81.0,32.0,80.5,37.0,80.0,9.0
2023-04-27 21:07:23.0,1682600843000000000,84.0,83.0,72.0,4941.0,308.0,244445.0,83.0,58.0,83.5,30.0,84.0,10.0,84.5,9.0,85.0,16.0,82.0,2.0,81.5,10.0,81.0,32.0,80.5,37.0,80.0,9.0
2023-04-27 21:07:23.5,1682600843500000000,84.0,83.0,72.0,4941.0,308.0,244445.0,83.0,48.0,83.5,40.0,84.0,10.0,84.5,9.0,85.0,16.0,82.0,2.0,81.5,20.0,81.0,22.0,80.5,37.0,80.0,9.0
2023-04-27 21:07:27.5,1682600847500000000,84.0,83.0,72.0,4941.0,309.0,245275.0,83.0,38.0,83.5,50.0,84.0,10.0,84.5,9.0,85.0,16.0,82.0,2.0,81.5,20.0,81.0,22.0,80.5,37.0,80.0,9.0
2023-04-27 21:07:29.5,1682600849500000000,84.0,83.0,72.0,4941.0,309.0,245275.0,83.0,38.0,83.5,50.0,84.0,10.0,84.5,9.0,85.0,16.0,82.0,2.0,81.5,30.0,81.0,22.0,80.5,27.0,80.0,9.0
2023-04-27 21:07:30.5,1682600850500000000,84.0,83.0,72.0,4941.0,309.0,245275.0,83.0,38.0,83.5,50.0,84.5,9.0,85.0,26.0,85.5,10.0,82.0,2.0,81.5,30.0,81.0,22.0,80.5,27.0,80.0,19.0
2023-04-27 21:07:34.0,1682600854000000000,84.0,83.0,72.0,4941.0,309.0,245275.0,83.0,39.0,83.5,50.0,84.5,9.0,85.0,26.0,85.5,10.0,82.0,2.0,81.5,30.0,81.0,22.0,80.5,27.0,80.0,19.0
2023-04-27 21:07:36.0,1682600856000000000,84.0,83.0,72.0,4941.0,309.0,245275.0,83.0,39.0,83.5,50.0,84.5,9.0,85.0,26.0,85.5,10.0,82.0,2.0,81.5,30.0,81.0,31.0,80.5,27.0,80.0,19.0
2023-04-27 21:07:38.5,1682600858500000000,84.0,83.0,72.0,4942.0,310.0,246105.0,83.0,38.0,83.5,50.0,84.5,9.0,85.0,26.0,85.5,10.0,82.0,2.0,81.5,30.0,81.0,31.0,80.5,27.0,80.0,19.0
2023-04-27 21:07:38.75,1682600858750000000,84.0,83.0,72.0,4942.0,310.0,246105.0,83.0,38.0,83.5,50.0,84.0,10.0,84.5,9.0,85.0,16.0,82.0,2.0,81.5,30.0,81.0,31.0,80.5,27.0,80.0,9.0
2023-04-27 21:07:39.0,1682600859000000000,84.0,83.0,72.0,4942.0,310.0,246105.0,83.0,38.0,83.5,50.0,84.0,10.0,84.5,9.0,85.0,16.0,82.0,2.0,81.5,30.0,81.0,13.0,80.5,45.0,80.0,9.0
2023-04-27 21:07:40.0,1682600860000000000,84.0,83.0,72.0,4942.0,310.0,246105.0,82.5,10.0,83.0,38.0,83.5,40.0,84.0,10.0,84.5,9.0,82.0,2.0,81.5,30.0,81.0,13.0,80.5,45.0,80.0,9.0
2023-04-27 21:07:40.25,1682600860250000000,84.0,83.0,72.0,4942.0,310.0,246105.0,82.5,28.0,83.0,20.0,83.5,40.0,84.0,10.0,84.5,9.0,82.0,2.0,81.5,30.0,81.0,13.0,80.5,45.0,80.0,9.0
2023-04-27 21:07:40.5,1682600860500000000,84.0,83.0,72.0,4942.0,310.0,246105.0,82.5,28.0,83.0,30.0,83.5,30.0,84.0,10.0,84.5,9.0,82.0,2.0,81.5,20.0,81.0,23.0,80.5,45.0,80.0,9.0
2023-04-27 21:07:40.75,1682600860750000000,84.0,83.0,72.0,4942.0,310.0,246105.0,82.5,28.0,83.0,20.0,83.5,30.0,84.0,10.0,84.5,9.0,82.0,2.0,81.5,10.0,81.0,23.0,80.5,45.0,80.0,9.0
2023-04-27 21:07:41.0,1682600861000000000,84.0,83.0,72.0,4942.0,310.0,246105.0,82.5,28.0,83.0,30.0,83.5,30.0,84.0,10.0,84.5,9.0,82.0,2.0,81.5,10.0,81.0,33.0,80.5,45.0,80.0,9.0
2023-04-27 21:07:43.5,1682600863500000000,84.0,82.5,72.0,4942.0,311.0,246930.0,82.5,18.0,83.0,30.0,83.5,40.0,84.0,10.0,84.5,9.0,82.0,2.0,81.5,10.0,81.0,33.0,80.5,45.0,80.0,9.0
2023-04-27 21:07:43.75,1682600863750000000,84.0,82.5,72.0,4942.0,311.0,246930.0,83.0,48.0,83.5,40.0,84.0,10.0,84.5,9.0,85.0,16.0,82.0,2.0,81.5,10.0,81.0,33.0,80.5,45.0,80.0,9.0
2023-04-27 21:07:44.0,1682600864000000000,84.0,82.5,72.0,4942.0,311.0,246930.0,83.0,38.0,83.5,50.0,84.0,10.0,84.5,9.0,85.0,16.0,82.0,2.0,81.5,20.0,81.0,23.0,80.5,45.0,80.0,9.0
2023-04-27 21:07:46.0,1682600866000000000,84.0,82.0,72.0,4942.0,312.0,247750.0,83.0,38.0,83.5,50.0,84.0,10.0,84.5,9.0,85.0,16.0,82.0,1.0,81.5,20.0,81.0,23.0,80.5,45.0,80.0,9.0
2023-04-27 21:07:46.75,1682600866750000000,84.0,82.0,72.0,4942.0,312.0,247750.0,82.5,10.0,83.0,28.0,83.5,50.0,84.0,10.0,84.5,9.0,82.0,1.0,81.5,20.0,81.0,23.0,80.5,45.0,80.0,9.0
2023-04-27 21:07:47.0,1682600867000000000,84.0,82.0,72.0,4942.0,312.0,247750.0,82.5,28.0,83.0,21.0,83.5,40.0,84.0,10.0,84.5,9.0,82.0,1.0,81.0,43.0,80.5,27.0,80.0,27.0,79.5,11.0
2023-04-27 21:07:47.25,1682600867250000000,84.0,82.0,72.0,4942.0,312.0,247750.0,82.5,28.0,83.0,21.0,83.5,40.0,84.0,10.0,84.5,9.0,82.0,1.0,81.0,43.0,80.5,45.0,80.0,9.0,79.5,11.0
2023-04-27 21:07:48.25,1682600868250000000,84.0,82.0,72.0,4942.0,312.0,247750.0,82.5,28.0,83.0,21.0,83.5,40.0,84.0,10.0,84.5,9.0,82.0,1.0,81.0,43.0,80.5,27.0,80.0,27.0,79.5,11.0
2023-04-27 21:07:49.75,1682600869750000000,84.0,82.0,72.0,4942.0,312.0,247750.0,82.5,28.0,83.0,21.0,83.5,40.0,84.0,10.0,84.5,9.0,82.0,1.0,81.0,43.0,80.5,45.0,80.0,9.0,79.5,11.0
2023-04-27 21:07:50.0,1682600870000000000,84.0,82.0,72.0,4942.0,312.0,247750.0,82.5,29.0,83.0,21.0,83.5,40.0,84.0,10.0,84.5,9.0,82.0,1.0,81.0,43.0,80.5,45.0,80.0,9.0,79.5,11.0
2023-04-27 21:07:51.0,1682600871000000000,84.0,82.0,72.0,4942.0,312.0,247750.0,82.5,19.0,83.0,21.0,83.5,50.0,84.0,10.0,84.5,9.0,82.0,1.0,81.0,43.0,80.5,45.0,80.0,9.0,79.5,11.0
2023-04-27 21:07:51.25,1682600871250000000,84.0,82.0,72.0,4942.0,312.0,247750.0,82.5,1.0,83.0,39.0,83.5,50.0,84.0,10.0,84.5,9.0,82.0,1.0,81.0,61.0,80.5,27.0,80.0,9.0,79.5,11.0
2023-04-27 21:07:52.0,1682600872000000000,84.0,82.0,72.0,4942.0,312.0,247750.0,82.5,1.0,83.0,39.0,83.5,50.0,84.0,10.0,84.5,9.0,82.0,3.0,81.0,61.0,80.5,27.0,80.0,9.0,79.5,11.0
2023-04-27 21:07:53.5,1682600873500000000,84.0,82.0,72.0,4942.0,312.0,247750.0,82.5,1.0,83.0,39.0,83.5,28.0,84.0,10.0,84.5,9.0,82.0,3.0,81.0,61.0,80.5,27.0,80.0,9.0,79.5,11.0
2023-04-27 21:07:54.0,1682600874000000000,84.0,82.5,72.0,4942.0,313.0,248575.0,83.0,39.0,83.5,28.0,84.0,10.0,84.5,9.0,85.0,16.0,82.0,3.0,81.0,61.0,80.5,27.0,80.0,9.0,79.5,11.0
2023-04-27 21:07:54.5,1682600874500000000,84.0,82.5,72.0,4942.0,313.0,248575.0,83.0,29.0,83.5,38.0,84.0,10.0,84.5,9.0,85.0,16.0,82.0,3.0,81.5,10.0,81.0,51.0,80.5,27.0,80.0,9.0
2023-04-27 21:07:56.0,1682600876000000000,84.0,83.0,72.0,4947.0,319.0,253555.0,83.0,23.0,83.5,38.0,84.0,10.0,84.5,9.0,85.0,16.0,82.0,3.0,81.5,10.0,81.0,51.0,80.5,27.0,80.0,9.0
2023-04-27 21:07:56.25,1682600876250000000,84.0,83.0,72.0,4953.0,325.0,258535.0,83.5,66.0,84.0,10.0,84.5,9.0,85.0,16.0,85.5,10.0,82.0,13.0,81.5,28.0,81.0,23.0,80.5,27.0,80.0,9.0
2023-04-27 21:07:56.75,1682600876750000000,84.0,83.0,72.0,4953.0,325.0,258535.0,83.5,66.0,84.0,10.0,84.5,9.0,85.0,16.0,85.5,10.0,82.0,13.0,81.5,38.0,81.0,13.0,80.5,27.0,80.0,9.0
2023-04-27 21:07:57.25,1682600877250000000,84.0,83.0,72.0,4953.0,325.0,258535.0,83.5,56.0,84.0,20.0,84.5,9.0,85.0,16.0,85.5,10.0,82.0,13.0,81.5,38.0,81.0,12.0,80.5,27.0,80.0,9.0
2023-04-27 21:07:57.75,1682600877750000000,84.0,83.0,72.0,4953.0,325.0,258535.0,83.5,56.0,84.0,10.0,84.5,9.0,85.0,26.0,85.5,10.0,82.0,13.0,81.5,38.0,81.0,12.0,80.5,27.0,80.0,19.0
2023-04-27 21:07:58.25,1682600878250000000,84.0,83.0,72.0,4953.0,325.0,258535.0,83.5,56.0,84.0,10.0,84.5,9.0,85.0,26.0,85.5,10.0,82.0,31.0,81.5,20.0,81.0,12.0,80.5,27.0,80.0,19.0
2023-04-27 21:07:58.5,1682600878500000000,84.0,83.0,72.0,4953.0,325.0,258535.0,83.5,56.0,84.0,10.0,84.5,9.0,85.0,26.0,85.5,10.0,82.0,13.0,81.5,38.0,81.0,12.0,80.5,27.0,80.0,19.0
2023-04-27 21:07:59.0,1682600879000000000,84.0,83.0,72.0,4953.0,325.0,258535.0,83.5,46.0,84.0,10.0,84.5,9.0,85.0,26.0,85.5,10.0,82.0,13.0,81.5,28.0,81.0,12.0,80.5,27.0,80.0,19.0
2023-04-27 21:08:00.5,1682600880500000000,84.0,83.0,72.0,4953.0,325.0,258535.0,83.5,46.0,84.0,20.0,84.5,9.0,85.0,26.0,85.5,10.0,82.0,13.0,81.5,38.0,81.0,12.0,80.5,27.0,80.0,19.0
2023-04-27 21:08:01.25,1682600881250000000,84.0,83.0,72.0,4953.0,325.0,258535.0,83.5,36.0,84.0,30.0,84.5,9.0,85.0,36.0,85.5,10.0,82.0,13.0,81.5,38.0,81.0,12.0,80.5,27.0,80.0,39.0
2023-04-27 21:08:01.75,1682600881750000000,84.0,83.0,72.0,4953.0,325.0,258535.0,83.5,28.0,84.0,30.0,84.5,9.0,85.0,36.0,85.5,10.0,82.0,13.0,81.5,38.0,81.0,12.0,80.5,27.0,80.0,39.0
2023-04-27 21:08:02.75,1682600882750000000,84.0,83.0,72.0,4953.0,325.0,258535.0,83.5,28.0,84.0,30.0,84.5,9.0,85.0,36.0,85.5,10.0,82.0,31.0,81.5,20.0,81.0,12.0,80.5,27.0,80.0,39.0
2023-04-27 21:08:07.25,1682600887250000000,84.0,83.0,72.0,4953.0,325.0,258535.0,83.5,28.0,84.0,30.0,84.5,9.0,85.0,36.0,85.5,10.0,82.0,13.0,81.5,38.0,81.0,12.0,80.5,27.0,80.0,39.0
2023-04-27 21:08:10.5,1682600890500000000,84.0,83.0,72.0,4953.0,325.0,258535.0,83.0,10.0,83.5,28.0,84.0,20.0,84.5,9.0,85.0,36.0,82.0,13.0,81.5,38.0,81.0,12.0,80.5,27.0,80.0,29.0
2023-04-27 21:08:10.75,1682600890750000000,84.0,83.0,72.0,4953.0,325.0,258535.0,83.0,10.0,83.5,10.0,84.0,20.0,84.5,9.0,85.0,36.0,82.0,13.0,81.5,20.0,81.0,12.0,80.5,27.0,80.0,29.0
2023-04-27 21:08:11.0,1682600891000000000,84.0,83.0,72.0,4953.0,325.0,258535.0,83.0,20.0,83.5,10.0,84.0,20.0,84.5,9.0,85.0,26.0,82.0,13.0,81.5,20.0,81.0,12.0,80.5,27.0,80.0,19.0
2023-04-27 21:08:11.75,1682600891750000000,84.0,83.0,72.0,4953.0,325.0,258535.0,83.0,20.0,83.5,10.0,84.0,20.0,84.5,9.0,85.0,26.0,82.5,10.0,82.0,13.0,81.5,20.0,81.0,12.0,80.5,27.0
2023-04-27 21:08:12.0,1682600892000000000,84.0,83.0,72.0,4953.0,325.0,258535.0,83.0,20.0,83.5,20.0,84.0,10.0,84.5,9.0,85.0,26.0,82.5,10.0,82.0,23.0,81.5,10.0,81.0,12.0,80.5,27.0
2023-04-27 21:08:12.75,1682600892750000000,84.0,83.0,72.0,4953.0,325.0,258535.0,83.0,38.0,83.5,20.0,84.0,10.0,84.5,9.0,85.0,26.0,82.5,10.0,82.0,23.0,81.5,10.0,81.0,30.0,80.5,27.0
2023-04-27 21:08:13.25,1682600893250000000,84.0,83.0,72.0,4953.0,325.0,258535.0,83.0,28.0,83.5,30.0,84.0,10.0,84.5,9.0,85.0,26.0,82.5,10.0,82.0,23.0,81.5,10.0,81.0,30.0,80.5,27.0
2023-04-27 21:08:13.5,1682600893500000000,84.0,83.0,72.0,4953.0,325.0,258535.0,83.0,28.0,83.5,30.0,84.0,10.0,84.5,9.0,85.0,26.0,82.5,10.0,82.0,23.0,81.5,28.0,81.0,12.0,80.5,27.0
2023-04-27 21:08:13.75,1682600893750000000,84.0,83.0,72.0,4953.0,331.0,263515.0,83.0,18.0,83.5,30.0,84.0,20.0,84.5,9.0,85.0,26.0,82.5,10.0,82.0,23.0,81.5,28.0,81.0,12.0,80.5,27.0
2023-04-27 21:08:14.0,1682600894000000000,84.0,83.0,72.0,4953.0,331.0,263515.0,83.5,48.0,84.0,20.0,84.5,9.0,85.0,26.0,85.5,10.0,82.5,10.0,82.0,23.0,81.5,28.0,81.0,12.0,80.5,27.0
2023-04-27 21:08:14.5,1682600894500000000,84.0,83.0,72.0,4953.0,331.0,263515.0,83.5,28.0,84.0,40.0,84.5,9.0,85.0,26.0,85.5,10.0,82.5,20.0,82.0,41.0,81.0,12.0,80.5,27.0,80.0,19.0
2023-04-27 21:08:14.75,1682600894750000000,84.0,83.0,72.0,4953.0,331.0,263515.0,84.0,50.0,84.5,9.0,85.0,26.0,85.5,10.0,87.0,15.0,82.5,20.0,82.0,23.0,81.0,12.0,80.5,27.0,80.0,19.0
2023-04-27 21:08:15.0,1682600895000000000,84.0,82.5,72.0,4943.0,351.0,280015.0,84.0,68.0,84.5,9.0,85.0,26.0,85.5,10.0,87.0,15.0,82.0,41.0,81.0,12.0,80.5,27.0,80.0,19.0,79.5,21.0
2023-04-27 21:08:15.25,1682600895250000000,84.0,82.5,72.0,4943.0,351.0,280015.0,84.0,48.0,84.5,19.0,85.0,36.0,85.5,10.0,87.0,15.0,82.5,10.0,82.0,31.0,81.5,10.0,81.0,12.0,80.5,27.0
2023-04-27 21:08:18.25,1682600898250000000,84.0,82.5,72.0,4943.0,351.0,280015.0,83.5,18.0,84.0,30.0,84.5,19.0,85.0,36.0,85.5,10.0,82.5,10.0,82.0,31.0,81.5,10.0,81.0,12.0,80.5,27.0
2023-04-27 21:08:18.5,1682600898500000000,84.0,82.5,72.0,4943.0,351.0,280015.0,83.5,18.0,84.0,40.0,84.5,9.0,85.0,36.0,85.5,10.0,82.5,10.0,82.0,41.0,81.0,12.0,80.5,27.0,80.0,29.0
2023-04-27 21:08:18.75,1682600898750000000,84.0,82.5,72.0,4943.0,351.0,280015.0,84.0,58.0,84.5,9.0,85.0,36.0,85.5,10.0,87.0,15.0,82.5,10.0,82.0,41.0,81.0,12.0,80.5,27.0,80.0,29.0
2023-04-27 21:08:19.0,1682600899000000000,84.0,82.5,72.0,4943.0,351.0,280015.0,83.5,18.0,84.0,40.0,84.5,9.0,85.0,36.0,85.5,10.0,82.5,28.0,82.0,23.0,81.0,12.0,80.5,27.0,80.0,29.0
2023-04-27 21:08:19.25,1682600899250000000,84.0,83.5,72.0,4945.0,353.0,281685.0,83.5,16.0,84.0,40.0,84.5,9.0,85.0,36.0,85.5,10.0,82.5,28.0,82.0,23.0,81.0,12.0,80.5,27.0,80.0,29.0
2023-04-27 21:08:19.5,1682600899500000000,84.0,83.5,72.0,4945.0,353.0,281685.0,84.0,58.0,84.5,9.0,85.0,36.0,85.5,10.0,87.0,15.0,82.5,28.0,82.0,23.0,81.0,12.0,80.5,27.0,80.0,29.0
2023-04-27 21:08:20.25,1682600900250000000,84.0,83.5,72.0,4945.0,353.0,281685.0,84.0,48.0,84.5,19.0,85.0,36.0,85.5,10.0,87.0,15.0,82.5,28.0,82.0,23.0,81.0,12.0,80.5,37.0,80.0,29.0
2023-04-27 21:08:20.75,1682600900750000000,84.0,83.5,72.0,4945.0,353.0,281685.0,84.0,48.0,84.5,19.0,85.0,36.0,85.5,10.0,87.0,15.0,82.5,28.0,82.0,23.0,81.0,12.0,80.5,37.0,80.0,39.0
2023-04-27 21:08:22.75,1682600902750000000,84.0,83.5,72.0,4945.0,353.0,281685.0,84.0,30.0,84.5,19.0,85.0,36.0,85.5,10.0,87.0,15.0,82.5,10.0,82.0,23.0,81.0,12.0,80.5,37.0,80.0,39.0
2023-04-27 21:08:23.0,1682600903000000000,84.0,83.5,72.0,4945.0,353.0,281685.0,84.0,38.0,84.5,19.0,85.0,36.0,85.5,10.0,87.0,15.0,83.0,18.0,82.5,10.0,82.0,13.0,81.0,12.0,80.5,37.0
2023-04-27 21:08:23.25,1682600903250000000,84.0,83.5,72.0,4945.0,353.0,281685.0,84.0,20.0,84.5,47.0,85.0,36.0,85.5,10.0,87.0,15.0,83.0,18.0,82.5,20.0,82.0,13.0,81.0,12.0,80.5,37.0
2023-04-27 21:08:23.5,1682600903500000000,84.0,83.5,72.0,4945.0,353.0,281685.0,84.0,10.0,84.5,57.0,85.0,26.0,85.5,20.0,87.0,15.0,83.0,18.0,82.5,30.0,82.0,3.0,81.0,22.0,80.5,37.0
2023-04-27 21:08:24.0,1682600904000000000,84.0,83.5,72.0,4945.0,353.0,281685.0,84.0,10.0,84.5,57.0,85.0,26.0,85.5,20.0,87.0,15.0,83.0,18.0,82.5,30.0,82.0,1.0,81.0,22.0,80.5,37.0
2023-04-27 21:08:24.75,1682600904750000000,84.0,83.5,72.0,4945.0,353.0,281685.0,84.5,49.0,85.0,2.0,85.5,30.0,87.0,15.0,90.0,2.0,83.0,11.0,82.5,20.0,82.0,10.0,81.0,32.0,80.5,47.0
2023-04-27 21:08:25.0,1682600905000000000,84.0,83.5,72.0,4945.0,353.0,281685.0,84.5,39.0,85.0,2.0,85.5,30.0,87.0,15.0,90.0,2.0,83.0,11.0,82.5,10.0,82.0,10.0,81.0,32.0,80.5,47.0
2023-04-27 21:08:25.25,1682600905250000000,84.0,83.5,72.0,4945.0,353.0,281685.0,84.5,39.0,85.0,12.0,85.5,30.0,87.0,15.0,90.0,2.0,83.0,11.0,82.5,10.0,82.0,20.0,81.0,32.0,80.5,37.0
2023-04-27 21:08:25.75,1682600905750000000,84.0,83.5,72.0,4945.0,353.0,281685.0,84.5,29.0,85.0,22.0,85.5,30.0,87.0,15.0,90.0,2.0,83.0,11.0,82.5,10.0,82.0,20.0,81.0,32.0,80.5,37.0
2023-04-27 21:08:27.0,1682600907000000000,84.0,83.5,72.0,4945.0,353.0,281685.0,84.5,47.0,85.0,22.0,85.5,30.0,87.0,15.0,90.0,2.0,83.0,29.0,82.5,10.0,82.0,20.0,81.0,32.0,80.5,37.0
2023-04-27 21:08:27.75,1682600907750000000,84.0,83.5,72.0,4945.0,353.0,281685.0,84.5,47.0,85.0,22.0,85.5,30.0,87.0,15.0,90.0,2.0,83.0,30.0,82.5,10.0,82.0,20.0,81.0,32.0,80.5,37.0
2023-04-27 21:08:28.75,1682600908750000000,84.0,83.5,72.0,4945.0,353.0,281685.0,84.5,29.0,85.0,40.0,85.5,30.0,87.0,15.0,90.0,2.0,83.0,30.0,82.5,10.0,82.0,20.0,81.0,32.0,80.5,37.0
2023-04-27 21:08:29.25,1682600909250000000,84.0,83.5,72.0,4945.0,353.0,281685.0,84.5,19.0,85.0,40.0,85.5,55.0,90.0,2.0,92.0,16.0,83.0,30.0,82.5,25.0,82.0,20.0,81.0,42.0,80.5,27.0
2023-04-27 21:08:30.0,1682600910000000000,84.0,83.5,72.0,4945.0,353.0,281685.0,84.5,19.0,85.0,40.0,85.5,55.0,90.0,2.0,92.0,16.0,83.5,18.0,83.0,12.0,82.5,25.0,82.0,20.0,81.0,42.0
2023-04-27 21:08:30.5,1682600910500000000,84.0,83.5,72.0,4945.0,353.0,281685.0,84.5,9.0,85.0,50.0,85.5,55.0,90.0,2.0,92.0,16.0,83.5,18.0,83.0,22.0,82.5,15.0,82.0,20.0,81.0,42.0
2023-04-27 21:08:30.75,1682600910750000000,84.0,83.5,72.0,4945.0,353.0,281685.0,84.5,9.0,85.0,32.0,85.5,55.0,90.0,2.0,92.0,16.0,83.0,22.0,82.5,15.0,82.0,20.0,81.0,42.0,80.5,27.0
2023-04-27 21:08:31.0,1682600911000000000,84.0,83.5,72.0,4945.0,353.0,281685.0,84.5,19.0,85.0,40.0,85.5,55.0,90.0,2.0,92.0,16.0,83.5,18.0,83.0,12.0,82.5,25.0,82.0,20.0,81.0,42.0
2023-04-27 21:08:31.25,1682600911250000000,84.0,83.5,72.0,4945.0,353.0,281685.0,84.5,37.0,85.0,22.0,85.5,55.0,90.0,2.0,92.0,16.0,83.0,30.0,82.5,25.0,82.0,20.0,81.0,42.0,80.5,27.0
2023-04-27 21:08:31.5,1682600911500000000,84.0,83.5,72.0,4945.0,353.0,281685.0,84.5,19.0,85.0,40.0,85.5,55.0,90.0,2.0,92.0,16.0,83.0,30.0,82.5,25.0,82.0,20.0,81.0,42.0,80.5,27.0
2023-04-27 21:08:31.75,1682600911750000000,84.0,83.5,72.0,4945.0,353.0,281685.0,84.5,37.0,85.0,22.0,85.5,55.0,90.0,2.0,92.0,16.0,83.0,30.0,82.5,25.0,82.0,20.0,81.0,42.0,80.5,27.0
2023-04-27 21:08:33.5,1682600913500000000,84.0,83.5,72.0,4945.0,353.0,281685.0,84.5,19.0,85.0,22.0,85.5,55.0,90.0,2.0,92.0,16.0,83.0,12.0,82.5,25.0,82.0,20.0,81.0,42.0,80.5,27.0
2023-04-27 21:08:33.75,1682600913750000000,84.0,83.5,72.0,4945.0,353.0,281685.0,84.5,19.0,85.0,40.0,85.5,55.0,90.0,2.0,92.0,16.0,83.5,18.0,83.0,12.0,82.5,25.0,82.0,20.0,81.0,42.0
2023-04-27 21:08:34.0,1682600914000000000,84.0,83.5,72.0,4945.0,353.0,281685.0,84.5,9.0,85.0,32.0,85.5,55.0,90.0,2.0,92.0,16.0,83.0,22.0,82.5,15.0,82.0,20.0,81.0,42.0,80.5,27.0
2023-04-27 21:08:34.25,1682600914250000000,84.0,83.5,72.0,4945.0,353.0,281685.0,84.5,27.0,85.0,32.0,85.5,55.0,90.0,2.0,92.0,16.0,83.0,40.0,82.5,15.0,82.0,20.0,81.0,42.0,80.5,27.0
2023-04-27 21:08:34.5,1682600914500000000,84.0,83.5,72.0,4945.0,353.0,281685.0,84.0,18.0,84.5,19.0,85.0,22.0,85.5,55.0,90.0,2.0,83.0,12.0,82.5,43.0,82.0,20.0,81.0,42.0,80.5,27.0
2023-04-27 21:08:36.75,1682600916750000000,84.0,83.5,72.0,4945.0,353.0,281685.0,84.5,37.0,85.0,22.0,85.5,55.0,90.0,2.0,92.0,16.0,83.0,12.0,82.5,43.0,82.0,20.0,81.0,42.0,80.5,27.0
2023-04-27 21:08:37.75,1682600917750000000,84.0,83.5,72.0,4945.0,353.0,281685.0,84.0,18.0,84.5,19.0,85.0,22.0,85.5,55.0,90.0,2.0,83.0,12.0,82.5,43.0,82.0,20.0,81.0,42.0,80.5,27.0
2023-04-27 21:08:41.75,1682600921750000000,84.0,83.5,72.0,4945.0,353.0,281685.0,84.5,37.0,85.0,22.0,85.5,55.0,90.0,2.0,92.0,16.0,83.0,30.0,82.5,25.0,82.0,20.0,81.0,42.0,80.5,27.0
2023-04-27 21:08:42.25,1682600922250000000,84.0,83.5,72.0,4945.0,353.0,281685.0,84.5,37.0,85.0,22.0,85.5,55.0,90.0,2.0,92.0,16.0,84.0,20.0,83.0,12.0,82.5,43.0,82.0,20.0,81.0,42.0
2023-04-27 21:08:42.5,1682600922500000000,84.0,83.5,72.0,4945.0,353.0,281685.0,84.5,27.0,85.0,22.0,85.5,65.0,90.0,2.0,92.0,16.0,84.0,20.0,83.0,50.0,82.5,15.0,82.0,10.0,81.0,42.0
2023-04-27 21:08:42.75,1682600922750000000,84.0,83.5,72.0,4945.0,353.0,281685.0,84.5,27.0,85.0,32.0,85.5,55.0,90.0,2.0,92.0,16.0,84.0,20.0,83.0,50.0,82.5,15.0,82.0,10.0,81.0,42.0
2023-04-27 21:08:44.25,1682600924250000000,84.0,83.5,72.0,4945.0,353.0,281685.0,84.5,9.0,85.0,50.0,85.5,55.0,90.0,2.0,92.0,16.0,84.0,20.0,83.0,50.0,82.5,15.0,82.0,10.0,81.0,42.0
2023-04-27 21:08:46.0,1682600926000000000,84.0,83.5,72.0,4945.0,353.0,281685.0,84.5,9.0,85.0,32.0,85.5,55.0,90.0,2.0,92.0,16.0,84.0,20.0,83.0,32.0,82.5,15.0,82.0,10.0,81.0,42.0
2023-04-27 21:08:46.25,1682600926250000000,84.0,83.5,72.0,4945.0,353.0,281685.0,84.5,9.0,85.0,50.0,85.5,55.0,90.0,2.0,92.0,16.0,84.0,20.0,83.0,50.0,82.5,15.0,82.0,10.0,81.0,42.0
2023-04-27 21:08:48.5,1682600928500000000,84.0,83.5,72.0,4945.0,353.0,281685.0,84.5,9.0,85.0,50.0,85.5,55.0,90.0,2.0,92.0,16.0,84.0,20.0,83.5,18.0,83.0,32.0,82.5,15.0,82.0,10.0
2023-04-27 21:08:49.25,1682600929250000000,84.0,83.5,72.0,4945.0,353.0,281685.0,84.5,9.0,85.0,50.0,85.5,55.0,90.0,2.0,92.0,16.0,84.0,20.0,83.0,50.0,82.5,15.0,82.0,10.0,81.0,42.0
2023-04-27 21:08:49.5,1682600929500000000,84.0,83.5,72.0,4945.0,353.0,281685.0,84.5,27.0,85.0,32.0,85.5,55.0,90.0,2.0,92.0,16.0,84.0,20.0,83.0,50.0,82.5,15.0,82.0,10.0,81.0,42.0
2023-04-27 21:08:49.75,1682600929750000000,84.0,83.5,72.0,4945.0,353.0,281685.0,84.5,9.0,85.0,50.0,85.5,55.0,90.0,2.0,92.0,16.0,84.0,20.0,83.0,50.0,82.5,15.0,82.0,10.0,81.0,42.0
2023-04-27 21:08:50.25,1682600930250000000,84.0,83.5,72.0,4945.0,353.0,281685.0,84.5,9.0,85.0,32.0,85.5,55.0,90.0,2.0,92.0,16.0,84.0,20.0,83.0,32.0,82.5,15.0,82.0,10.0,81.0,42.0
2023-04-27 21:08:50.5,1682600930500000000,84.0,83.5,72.0,4945.0,353.0,281685.0,84.5,9.0,85.0,50.0,85.5,55.0,90.0,2.0,92.0,16.0,84.0,20.0,83.5,18.0,83.0,32.0,82.5,15.0,82.0,10.0
2023-04-27 21:08:51.75,1682600931750000000,84.0,83.5,72.0,4945.0,353.0,281685.0,84.5,9.0,85.0,32.0,85.5,55.0,90.0,2.0,92.0,16.0,84.0,20.0,83.0,32.0,82.5,15.0,82.0,10.0,81.0,42.0
2023-04-27 21:08:52.0,1682600932000000000,84.0,83.5,72.0,4945.0,353.0,281685.0,85.0,50.0,85.5,55.0,86.0,9.0,90.0,2.0,92.0,16.0,84.0,20.0,83.5,18.0,83.0,32.0,82.5,15.0,82.0,10.0
2023-04-27 21:08:52.25,1682600932250000000,84.0,83.5,72.0,4945.0,353.0,281685.0,85.0,50.0,85.5,45.0,86.0,9.0,88.5,10.0,90.0,2.0,84.0,20.0,83.5,18.0,83.0,32.0,82.5,15.0,82.0,10.0
2023-04-27 21:08:52.5,1682600932500000000,84.0,83.5,72.0,4945.0,353.0,281685.0,85.0,30.0,85.5,40.0,86.0,9.0,86.5,15.0,88.5,10.0,84.0,30.0,83.5,28.0,83.0,2.0,82.5,15.0,82.0,10.0
2023-04-27 21:08:53.0,1682600933000000000,84.0,83.5,72.0,4945.0,353.0,281685.0,85.0,12.0,85.5,73.0,86.0,9.0,88.5,10.0,90.0,2.0,84.0,48.0,83.5,10.0,83.0,2.0,82.5,15.0,82.0,10.0
2023-04-27 21:08:53.25,1682600933250000000,84.0,83.5,72.0,4945.0,353.0,281685.0,85.0,12.0,85.5,63.0,86.0,9.0,86.5,10.0,88.5,10.0,84.0,48.0,83.5,10.0,83.0,2.0,82.5,15.0,82.0,10.0
2023-04-27 21:08:53.5,1682600933500000000,84.0,83.5,72.0,4945.0,353.0,281685.0,85.0,2.0,85.5,73.0,86.0,9.0,86.5,10.0,88.5,10.0,84.0,48.0,83.5,10.0,83.0,2.0,82.5,15.0,82.0,10.0
2023-04-27 21:08:54.0,1682600934000000000,84.0,83.5,72.0,4945.0,353.0,281685.0,85.0,2.0,85.5,63.0,86.0,9.0,86.5,20.0,88.5,10.0,84.0,48.0,83.5,10.0,83.0,2.0,82.5,15.0,82.0,10.0
2023-04-27 21:08:54.25,1682600934250000000,84.0,83.5,72.0,4945.0,353.0,281685.0,85.0,2.0,85.5,63.0,86.0,9.0,86.5,20.0,88.5,10.0,84.0,48.0,83.5,10.0,83.0,11.0,82.5,15.0,82.0,10.0
2023-04-27 21:08:54.75,1682600934750000000,84.0,83.5,72.0,4945.0,353.0,281685.0,85.0,12.0,85.5,53.0,86.0,9.0,86.5,20.0,88.5,10.0,84.0,38.0,83.5,20.0,83.0,11.0,82.5,15.0,82.0,10.0
2023-04-27 21:08:56.25,1682600936250000000,84.0,83.5,72.0,4945.0,353.0,281685.0,85.0,12.0,85.5,62.0,86.0,9.0,86.5,20.0,88.5,10.0,84.0,20.0,83.5,38.0,83.0,11.0,82.5,15.0,82.0,10.0
2023-04-27 21:08:56.5,1682600936500000000,84.0,83.5,72.0,4945.0,353.0,281685.0,85.0,12.0,85.5,62.0,86.0,9.0,86.5,20.0,88.5,10.0,84.0,38.0,83.5,20.0,83.0,11.0,82.5,15.0,82.0,10.0
2023-04-27 21:08:56.75,1682600936750000000,84.0,83.5,72.0,4945.0,353.0,281685.0,85.0,12.0,85.5,62.0,86.0,9.0,86.5,20.0,88.5,10.0,84.0,22.0,83.5,38.0,83.0,11.0,82.5,15.0,82.0,10.0
2023-04-27 21:08:58.5,1682600938500000000,84.0,83.5,72.0,4945.0,353.0,281685.0,85.0,12.0,85.5,62.0,86.0,9.0,86.5,20.0,88.5,10.0,84.0,40.0,83.5,20.0,83.0,11.0,82.5,15.0,82.0,10.0
2023-04-27 21:08:58.75,1682600938750000000,84.0,83.5,72.0,4945.0,353.0,281685.0,85.0,12.0,85.5,62.0,86.0,9.0,86.5,20.0,88.5,10.0,84.0,22.0,83.5,38.0,83.0,11.0,82.5,15.0,82.0,10.0
2023-04-27 21:08:59.0,1682600939000000000,84.0,83.5,72.0,4945.0,353.0,281685.0,85.0,30.0,85.5,44.0,86.0,9.0,86.5,20.0,88.5,10.0,84.0,22.0,83.5,38.0,83.0,11.0,82.5,15.0,82.0,10.0
2023-04-27 21:08:59.25,1682600939250000000,84.0,83.5,72.0,4945.0,353.0,281685.0,85.0,30.0,85.5,64.0,86.0,9.0,88.5,10.0,90.0,2.0,84.0,22.0,83.5,38.0,83.0,11.0,82.5,15.0,82.0,10.0
2023-04-27 21:09:00.25,1682600940250000000,84.0,83.5,72.0,4945.0,353.0,281685.0,84.5,18.0,85.0,12.0,85.5,64.0,86.0,9.0,88.5,10.0,84.0,22.0,83.5,20.0,83.0,29.0,82.5,15.0,82.0,10.0
2023-04-27 21:09:00.5,1682600940500000000,84.0,84.0,72.0,4955.0,363.0,290085.0,84.5,10.0,85.0,22.0,85.5,44.0,86.0,9.0,88.5,10.0,84.0,12.0,83.5,10.0,83.0,21.0,82.5,15.0,82.0,10.0
2023-04-27 21:09:01.5,1682600941500000000,84.0,84.0,72.0,4955.0,363.0,290085.0,84.5,13.0,85.0,22.0,85.5,44.0,86.0,9.0,88.5,10.0,84.0,12.0,83.5,10.0,83.0,21.0,82.5,15.0,82.0,10.0
2023-04-27 21:09:02.25,1682600942250000000,84.0,84.0,72.0,4955.0,363.0,290085.0,84.5,14.0,85.0,22.0,85.5,44.0,86.0,27.0,88.5,10.0,84.0,12.0,83.5,28.0,83.0,21.0,82.5,15.0,82.0,10.0
2023-04-27 21:09:03.0,1682600943000000000,84.0,84.0,72.0,4955.0,363.0,290085.0,84.5,14.0,85.0,22.0,85.5,44.0,86.0,27.0,87.0,2.0,84.0,12.0,83.5,28.0,83.0,21.0,82.5,15.0,82.0,10.0
2023-04-27 21:09:03.5,1682600943500000000,84.5,84.5,72.0,4955.0,364.0,290930.0,84.5,4.0,85.0,32.0,85.5,44.0,86.0,27.0,87.0,2.0,84.0,12.0,83.5,28.0,83.0,21.0,82.5,15.0,82.0,10.0
2023-04-27 21:09:04.5,1682600944500000000,84.5,84.0,72.0,4967.0,376.0,301010.0,84.5,4.0,85.0,32.0,85.5,44.0,86.0,27.0,87.0,2.0,83.5,10.0,83.0,39.0,82.5,15.0,82.0,10.0,81.0,33.0
2023-04-27 21:09:05.0,1682600945000000000,84.5,84.0,72.0,4967.0,376.0,301010.0,84.5,14.0,85.0,37.0,85.5,29.0,86.0,27.0,87.0,2.0,83.0,49.0,82.0,25.0,81.0,33.0,80.5,37.0,79.5,11.0
2023-04-27 21:09:05.25,1682600945250000000,84.5,84.0,72.0,4967.0,376.0,301010.0,84.5,14.0,85.0,37.0,85.5,47.0,86.0,9.0,87.0,2.0,83.0,31.0,82.5,18.0,82.0,25.0,81.0,33.0,80.5,37.0
2023-04-27 21:09:05.5,1682600945500000000,84.5,84.0,72.0,4967.0,376.0,301010.0,84.5,25.0,85.0,27.0,85.5,47.0,86.0,9.0,87.0,2.0,83.0,21.0,82.5,28.0,82.0,25.0,81.0,33.0,80.5,37.0
2023-04-27 21:09:05.75,1682600945750000000,84.5,84.0,72.0,4967.0,376.0,301010.0,84.5,25.0,85.0,27.0,85.5,29.0,86.0,9.0,87.0,2.0,83.0,21.0,82.5,10.0,82.0,25.0,81.0,33.0,80.5,37.0
2023-04-27 21:09:06.0,1682600946000000000,84.5,84.0,72.0,4967.0,376.0,301010.0,84.5,25.0,85.0,12.0,85.5,44.0,86.0,9.0,86.5,18.0,83.5,18.0,83.0,21.0,82.5,25.0,82.0,10.0,81.0,33.0
2023-04-27 21:09:06.5,1682600946500000000,84.5,84.0,72.0,4967.0,376.0,301010.0,84.5,15.0,85.0,22.0,85.5,44.0,86.0,9.0,87.0,2.0,83.0,31.0,82.5,15.0,82.0,10.0,81.0,33.0,80.5,37.0
2023-04-27 21:09:06.75,1682600946750000000,84.5,84.0,72.0,4967.0,376.0,301010.0,84.5,15.0,85.0,37.0,85.5,29.0,86.0,9.0,87.0,2.0,83.0,31.0,82.0,25.0,81.0,33.0,80.5,37.0,79.5,11.0
2023-04-27 21:09:07.0,1682600947000000000,84.5,84.0,72.0,4967.0,376.0,301010.0,84.0,18.0,84.5,25.0,85.0,27.0,85.5,29.0,86.0,9.0,83.0,11.0,82.5,38.0,82.0,25.0,81.0,33.0,80.5,37.0
2023-04-27 21:09:08.25,1682600948250000000,84.5,84.0,72.0,4967.0,376.0,301010.0,84.5,43.0,85.0,27.0,85.5,29.0,86.0,9.0,87.0,2.0,84.0,2.0,83.0,11.0,82.5,38.0,82.0,25.0,81.0,33.0
2023-04-27 21:09:08.5,1682600948500000000,84.5,84.0,72.0,4967.0,376.0,301010.0,84.5,33.0,85.0,37.0,85.5,29.0,86.0,9.0,87.0,2.0,84.0,2.0,83.0,39.0,82.5,10.0,82.0,25.0,81.0,33.0
2023-04-27 21:09:08.75,1682600948750000000,84.5,84.0,72.0,4967.0,376.0,301010.0,84.5,33.0,85.0,37.0,85.5,29.0,86.0,9.0,87.0,2.0,84.0,2.0,83.5,10.0,83.0,39.0,82.0,25.0,81.0,33.0
2023-04-27 21:09:09.25,1682600949250000000,84.5,84.0,72.0,4967.0,376.0,301010.0,84.5,15.0,85.0,37.0,85.5,29.0,86.0,9.0,87.0,2.0,84.0,2.0,83.5,10.0,83.0,21.0,82.0,25.0,81.0,33.0
2023-04-27 21:09:09.5,1682600949500000000,84.5,84.0,72.0,4967.0,376.0,301010.0,84.5,33.0,85.0,37.0,85.5,29.0,86.0,9.0,87.0,2.0,84.0,2.0,83.5,10.0,83.0,39.0,82.0,25.0,81.0,33.0
2023-04-27 21:09:11.5,1682600951500000000,84.5,84.0,72.0,4967.0,376.0,301010.0,84.5,5.0,85.0,65.0,85.5,29.0,86.0,9.0,87.0,2.0,84.0,2.0,83.5,10.0,83.0,39.0,82.0,25.0,81.0,33.0
2023-04-27 21:09:12.0,1682600952000000000,84.5,84.0,72.0,4967.0,376.0,301010.0,84.5,23.0,85.0,47.0,85.5,29.0,86.0,9.0,87.0,2.0,84.0,2.0,83.5,10.0,83.0,39.0,82.0,25.0,81.0,33.0
2023-04-27 21:09:12.25,1682600952250000000,84.5,84.0,72.0,4967.0,376.0,301010.0,84.5,38.0,85.0,32.0,85.5,29.0,86.0,9.0,87.0,2.0,84.0,2.0,83.5,10.0,83.0,39.0,82.0,10.0,81.5,15.0
2023-04-27 21:09:12.5,1682600952500000000,84.5,84.0,72.0,4967.0,376.0,301010.0,84.5,23.0,85.0,47.0,85.5,29.0,86.0,9.0,87.0,2.0,84.0,2.0,83.5,10.0,83.0,39.0,82.0,25.0,81.0,33.0
2023-04-27 21:09:13.75,1682600953750000000,84.5,84.0,72.0,4967.0,376.0,301010.0,84.5,23.0,85.0,47.0,85.5,29.0,86.0,9.0,87.0,2.0,84.0,2.0,83.5,10.0,83.0,39.0,82.0,35.0,81.0,33.0
2023-04-27 21:09:14.25,1682600954250000000,84.5,84.0,72.0,4967.0,376.0,301010.0,84.5,24.0,85.0,47.0,85.5,29.0,86.0,9.0,87.0,2.0,84.0,2.0,83.5,10.0,83.0,39.0,82.0,35.0,81.0,33.0
