datetime,datetime_nano,highest,last_price,lowest,open_interest,volume,amount,ask_price1,ask_volume1,ask_price2,ask_volume2,ask_price3,ask_volume3,ask_price4,ask_volume4,ask_price5,ask_volume5,bid_price1,bid_volume1,bid_price2,bid_volume2,bid_price3,bid_volume3,bid_price4,bid_volume4,bid_price5,bid_volume5
2023-04-27 20:55:58.5,1682600158500000000,,,,19480.0,0.0,0.0,,0.0,,0.0,,0.0,,0.0,,0.0,,0.0,,0.0,,0.0,,0.0,,0.0
2023-04-27 20:59:00.0,1682600340000000000,26.5,26.5,26.5,19480.0,2.0,530.0,27.0,1.0,33.5,7.0,40.0,2.0,50.0,55.0,60.0,2.0,24.0,2.0,22.0,10.0,20.0,2.0,18.0,5.0,16.5,1.0
2023-04-27 21:00:00.25,1682600400250000000,26.5,26.5,26.5,19480.0,2.0,530.0,27.0,1.0,32.0,20.0,33.5,7.0,40.0,2.0,50.0,55.0,24.0,2.0,22.0,10.0,20.0,2.0,18.0,5.0,16.5,1.0
2023-04-27 21:00:00.5,1682600400500000000,26.5,24.0,24.0,19480.0,4.0,1010.0,23.0,8.0,27.0,1.0,32.0,20.0,33.5,7.0,40.0,2.0,22.0,10.0,20.0,2.0,18.0,5.0,16.5,1.0,16.0,160.0
2023-04-27 21:00:01.25,1682600401250000000,26.5,24.0,24.0,19480.0,4.0,1010.0,23.0,8.0,27.0,1.0,29.0,24.0,32.0,20.0,33.5,7.0,22.0,10.0,20.0,26.0,18.0,5.0,16.5,1.0,16.0,160.0
2023-04-27 21:00:01.75,1682600401750000000,26.5,24.0,24.0,19480.0,4.0,1010.0,23.0,8.0,25.0,4.0,27.0,1.0,29.0,24.0,32.0,20.0,22.0,10.0,20.0,26.0,18.0,5.0,16.5,1.0,16.0,160.0
2023-04-27 21:00:02.0,1682600402000000000,26.5,24.0,24.0,19480.0,8.0,1970.0,23.0,4.0,25.0,4.0,27.0,1.0,29.0,24.0,32.0,20.0,22.0,10.0,20.0,26.0,18.0,5.0,16.5,1.0,16.0,160.0
2023-04-27 21:00:02.25,1682600402250000000,26.5,24.0,24.0,19480.0,11.0,2690.0,23.0,1.0,25.0,4.0,27.0,1.0,29.0,24.0,32.0,20.0,22.0,10.0,20.0,26.0,18.0,5.0,16.5,1.0,16.0,160.0
2023-04-27 21:00:02.5,1682600402500000000,26.5,24.0,24.0,19480.0,12.0,2930.0,25.0,4.0,27.0,1.0,29.0,24.0,32.0,20.0,33.5,7.0,22.0,10.0,20.0,26.0,18.0,5.0,16.5,1.0,16.0,160.0
2023-04-27 21:00:03.25,1682600403250000000,26.5,25.0,24.0,19482.0,14.0,3430.0,25.0,2.0,27.0,1.0,29.0,24.0,32.0,20.0,33.5,7.0,22.0,10.0,20.0,26.0,18.0,5.0,16.5,1.0,16.0,160.0
2023-04-27 21:00:04.25,1682600404250000000,26.5,25.0,24.0,19483.0,15.0,3680.0,25.0,1.0,27.0,1.0,29.0,24.0,32.0,20.0,33.5,7.0,22.0,10.0,20.0,26.0,18.0,5.0,16.5,1.0,16.0,160.0
2023-04-27 21:00:04.5,1682600404500000000,26.5,25.0,24.0,19483.0,15.0,3680.0,24.5,20.0,25.0,1.0,26.5,24.0,27.0,1.0,33.5,7.0,22.0,110.0,20.0,26.0,18.0,25.0,16.5,1.0,16.0,160.0
2023-04-27 21:00:04.75,1682600404750000000,26.5,25.0,24.0,19483.0,15.0,3680.0,25.0,1.0,26.5,24.0,27.0,1.0,32.5,20.0,33.5,7.0,22.0,110.0,20.0,26.0,18.0,5.0,16.5,1.0,16.0,160.0
2023-04-27 21:00:05.0,1682600405000000000,26.5,25.0,24.0,19483.0,15.0,3680.0,24.5,20.0,25.0,1.0,26.5,24.0,27.0,1.0,33.5,7.0,22.0,110.0,20.0,26.0,18.0,25.0,16.5,1.0,16.0,160.0
2023-04-27 21:00:05.25,1682600405250000000,26.5,25.0,24.0,19483.0,15.0,3680.0,25.0,1.0,26.5,24.0,27.0,1.0,33.0,20.0,33.5,7.0,22.0,110.0,20.0,2.0,18.0,5.0,16.5,1.0,16.0,160.0
2023-04-27 21:00:06.25,1682600406250000000,26.5,25.0,24.0,19484.0,16.0,3930.0,26.5,24.0,27.0,1.0,33.0,20.0,33.5,7.0,40.0,2.0,25.5,9.0,22.0,110.0,20.0,2.0,18.0,5.0,16.5,1.0
2023-04-27 21:00:06.5,1682600406500000000,26.5,25.5,24.0,19493.0,25.0,6225.0,26.5,24.0,27.0,1.0,33.0,20.0,33.5,7.0,40.0,2.0,22.0,110.0,20.0,2.0,18.0,5.0,16.5,1.0,16.0,160.0
2023-04-27 21:00:07.75,1682600407750000000,26.5,25.5,24.0,19493.0,25.0,6225.0,26.5,24.0,27.0,1.0,33.0,20.0,33.5,7.0,40.0,2.0,22.5,1.0,22.0,110.0,20.0,2.0,18.0,5.0,16.5,1.0
2023-04-27 21:00:08.0,1682600408000000000,26.5,22.5,22.5,19494.0,26.0,6450.0,26.5,24.0,27.0,1.0,33.0,20.0,33.5,7.0,40.0,2.0,22.0,110.0,20.0,2.0,18.0,5.0,16.5,1.0,16.0,160.0
2023-04-27 21:00:08.25,1682600408250000000,26.5,22.5,22.5,19494.0,26.0,6450.0,26.5,24.0,27.0,1.0,33.0,20.0,33.5,7.0,40.0,2.0,22.0,110.0,20.0,6.0,18.0,5.0,16.5,1.0,16.0,160.0
2023-04-27 21:00:08.5,1682600408500000000,26.5,22.5,22.5,19494.0,26.0,6450.0,26.5,24.0,27.0,19.0,33.0,20.0,33.5,7.0,40.0,2.0,23.0,18.0,22.0,110.0,20.0,6.0,18.0,5.0,16.5,1.0
2023-04-27 21:00:08.75,1682600408750000000,26.5,23.0,22.5,19512.0,44.0,10590.0,23.5,18.0,26.0,20.0,26.5,24.0,27.0,1.0,33.5,7.0,22.0,110.0,21.5,18.0,20.0,6.0,18.5,20.0,18.0,29.0
2023-04-27 21:00:09.25,1682600409250000000,26.5,23.0,22.5,19512.0,44.0,10590.0,26.5,24.0,27.0,1.0,33.5,7.0,34.0,20.0,40.0,2.0,22.0,110.0,20.0,6.0,18.0,29.0,16.5,1.0,16.0,160.0
2023-04-27 21:00:09.5,1682600409500000000,26.5,23.0,22.5,19512.0,44.0,10590.0,26.5,24.0,27.0,1.0,33.5,7.0,34.0,20.0,38.0,10.0,22.0,110.0,20.0,6.0,18.0,29.0,16.5,1.0,16.0,160.0
2023-04-27 21:00:10.25,1682600410250000000,26.5,23.0,22.5,19512.0,44.0,10590.0,27.0,1.0,33.5,7.0,34.0,20.0,38.0,10.0,40.0,2.0,22.0,110.0,20.0,6.0,18.0,5.0,16.5,1.0,16.0,160.0
2023-04-27 21:00:11.0,1682600411000000000,26.5,23.0,22.5,19512.0,44.0,10590.0,27.0,1.0,33.5,7.0,34.0,20.0,38.0,10.0,40.0,2.0,22.0,110.0,20.0,106.0,18.0,5.0,16.5,1.0,16.0,160.0
2023-04-27 21:00:11.5,1682600411500000000,26.5,23.0,22.5,19512.0,44.0,10590.0,27.0,17.0,33.5,7.0,34.0,20.0,38.0,10.0,40.0,2.0,22.0,110.0,20.0,106.0,18.0,5.0,16.5,1.0,16.0,176.0
2023-04-27 21:00:13.5,1682600413500000000,26.5,23.0,22.5,19512.0,44.0,10590.0,27.0,17.0,33.5,7.0,34.0,20.0,38.0,10.0,40.0,2.0,24.5,1.0,22.0,110.0,20.0,106.0,18.0,5.0,16.5,1.0
2023-04-27 21:00:13.75,1682600413750000000,26.5,24.5,22.5,19513.0,45.0,10835.0,27.0,17.0,33.5,7.0,34.0,20.0,38.0,10.0,40.0,2.0,22.0,110.0,20.0,106.0,18.0,5.0,16.5,1.0,16.0,176.0
2023-04-27 21:00:15.0,1682600415000000000,26.5,24.5,22.5,19513.0,45.0,10835.0,27.0,17.0,33.5,7.0,34.0,20.0,38.0,10.0,40.0,2.0,22.0,120.0,20.0,106.0,18.0,5.0,16.5,1.0,16.0,176.0
2023-04-27 21:00:15.75,1682600415750000000,26.5,24.5,22.5,19513.0,45.0,10835.0,27.0,17.0,33.5,7.0,34.0,20.0,38.0,10.0,40.0,2.0,22.5,7.0,22.0,120.0,20.0,106.0,18.0,5.0,16.5,1.0
2023-04-27 21:00:16.25,1682600416250000000,26.5,24.5,22.5,19513.0,45.0,10835.0,27.0,17.0,33.5,7.0,34.0,20.0,38.5,10.0,40.0,2.0,22.5,7.0,22.0,120.0,20.0,106.0,18.0,5.0,16.5,1.0
2023-04-27 21:00:17.0,1682600417000000000,27.0,27.0,22.5,19513.0,46.0,11105.0,27.0,16.0,33.5,7.0,34.0,20.0,38.5,10.0,40.0,2.0,22.5,7.0,22.0,120.0,20.0,106.0,18.0,5.0,16.5,1.0
2023-04-27 21:00:18.25,1682600418250000000,27.0,27.0,22.5,19513.0,46.0,11105.0,27.0,16.0,33.5,7.0,34.0,20.0,38.5,10.0,40.0,2.0,23.0,5.0,22.5,7.0,22.0,120.0,20.0,106.0,18.0,5.0
2023-04-27 21:00:18.75,1682600418750000000,27.0,27.0,22.5,19513.0,46.0,11105.0,27.0,16.0,33.5,7.0,34.0,20.0,38.5,10.0,40.0,2.0,23.5,1.0,23.0,5.0,22.5,7.0,22.0,120.0,20.0,106.0
2023-04-27 21:00:19.25,1682600419250000000,27.0,27.0,22.5,19513.0,46.0,11105.0,27.0,16.0,33.5,7.0,34.0,20.0,38.5,10.0,40.0,2.0,23.5,1.0,23.0,5.0,22.5,7.0,22.0,126.0,20.0,106.0
2023-04-27 21:00:19.75,1682600419750000000,27.0,23.5,22.5,19514.0,47.0,11340.0,27.0,16.0,33.5,7.0,34.0,20.0,38.5,10.0,40.0,2.0,23.0,5.0,22.5,7.0,22.0,126.0,20.0,106.0,18.0,5.0
2023-04-27 21:00:23.75,1682600423750000000,27.0,23.0,22.5,19519.0,52.0,12490.0,27.0,16.0,33.5,7.0,34.0,20.0,38.5,10.0,40.0,2.0,23.5,7.0,22.5,7.0,22.0,126.0,20.0,106.0,18.0,5.0
2023-04-27 21:00:24.0,1682600424000000000,27.0,23.5,22.5,19526.0,59.0,14135.0,27.0,16.0,33.5,7.0,34.0,20.0,38.5,10.0,40.0,2.0,22.5,7.0,22.0,126.0,20.0,106.0,18.0,5.0,16.5,1.0
2023-04-27 21:00:26.5,1682600426500000000,27.0,23.5,22.5,19526.0,59.0,14135.0,27.0,16.0,33.5,7.0,34.0,20.0,38.5,10.0,40.0,2.0,23.5,3.0,22.5,7.0,22.0,126.0,20.0,106.0,18.0,5.0
2023-04-27 21:00:29.5,1682600429500000000,27.0,23.5,22.5,19526.0,59.0,14135.0,27.0,16.0,33.5,7.0,34.0,20.0,38.5,10.0,40.0,2.0,24.0,1.0,23.5,3.0,22.5,7.0,22.0,126.0,20.0,106.0
2023-04-27 21:00:29.75,1682600429750000000,27.0,24.0,22.5,19527.0,60.0,14375.0,27.0,16.0,33.5,7.0,34.0,20.0,38.5,10.0,40.0,2.0,23.5,3.0,22.5,7.0,22.0,126.0,20.0,106.0,18.0,5.0
2023-04-27 21:00:31.0,1682600431000000000,27.0,24.0,22.5,19527.0,60.0,14375.0,27.0,16.0,33.5,7.0,34.0,20.0,38.5,10.0,40.0,2.0,25.0,1.0,23.5,3.0,22.5,7.0,22.0,126.0,20.0,106.0
2023-04-27 21:00:31.25,1682600431250000000,27.0,25.0,22.5,19528.0,61.0,14625.0,27.0,16.0,33.5,7.0,34.0,20.0,38.5,10.0,40.0,2.0,23.5,3.0,22.5,7.0,22.0,126.0,20.0,106.0,18.0,5.0
2023-04-27 21:00:33.5,1682600433500000000,27.0,25.0,22.5,19528.0,61.0,14625.0,27.0,16.0,33.5,7.0,34.0,20.0,38.5,10.0,40.0,2.0,23.5,3.0,23.0,3.0,22.5,7.0,22.0,126.0,20.0,106.0
2023-04-27 21:00:39.0,1682600439000000000,27.0,25.0,22.5,19528.0,61.0,14625.0,27.0,16.0,33.5,7.0,34.0,20.0,38.5,10.0,40.0,2.0,23.5,10.0,23.0,3.0,22.5,7.0,22.0,126.0,20.0,106.0
2023-04-27 21:00:39.75,1682600439750000000,27.0,25.0,22.5,19528.0,61.0,14625.0,27.0,16.0,33.5,7.0,34.0,20.0,39.0,10.0,40.0,2.0,23.5,10.0,23.0,3.0,22.5,7.0,22.0,126.0,20.0,106.0
2023-04-27 21:00:42.75,1682600442750000000,27.0,25.0,22.5,19528.0,61.0,14625.0,27.0,16.0,33.5,7.0,34.0,20.0,39.0,10.0,40.0,2.0,23.5,10.0,23.0,3.0,22.5,7.0,22.0,127.0,20.0,106.0
2023-04-27 21:00:44.0,1682600444000000000,27.0,25.0,22.5,19528.0,61.0,14625.0,27.0,16.0,33.5,7.0,34.0,20.0,39.0,10.0,40.0,2.0,23.5,20.0,23.0,3.0,22.5,7.0,22.0,127.0,20.0,106.0
2023-04-27 21:00:44.25,1682600444250000000,27.0,25.0,22.5,19528.0,61.0,14625.0,27.0,16.0,33.5,7.0,34.0,20.0,39.5,10.0,40.0,2.0,23.5,20.0,23.0,3.0,22.5,7.0,22.0,127.0,20.0,106.0
2023-04-27 21:00:46.75,1682600446750000000,27.0,25.0,22.5,19528.0,61.0,14625.0,27.0,16.0,33.5,7.0,34.0,20.0,39.5,10.0,40.0,2.0,24.0,40.0,23.5,20.0,23.0,3.0,22.5,7.0,22.0,127.0
2023-04-27 21:00:47.0,1682600447000000000,27.0,25.0,22.5,19528.0,61.0,14625.0,26.5,5.0,27.0,16.0,33.5,7.0,34.0,20.0,39.5,10.0,24.0,40.0,23.5,20.0,23.0,3.0,22.5,7.0,22.0,127.0
2023-04-27 21:00:49.75,1682600449750000000,27.0,24.0,22.5,19528.0,67.0,16065.0,26.5,5.0,27.0,16.0,33.5,7.0,34.0,20.0,39.5,10.0,24.0,34.0,23.5,20.0,23.0,3.0,22.5,7.0,22.0,127.0
2023-04-27 21:00:50.5,1682600450500000000,27.0,24.0,22.5,19528.0,67.0,16065.0,26.5,5.0,27.0,16.0,33.5,7.0,34.0,20.0,40.0,2.0,24.0,34.0,23.5,20.0,23.0,3.0,22.5,7.0,22.0,127.0
2023-04-27 21:00:50.75,1682600450750000000,27.0,24.0,22.5,19528.0,67.0,16065.0,26.5,5.0,27.0,16.0,33.5,7.0,34.0,20.0,40.0,12.0,24.0,34.0,23.5,20.0,23.0,3.0,22.5,7.0,22.0,127.0
2023-04-27 21:00:51.75,1682600451750000000,27.0,24.0,22.5,19528.0,67.0,16065.0,26.5,5.0,27.0,16.0,33.5,7.0,34.0,20.0,40.0,12.0,24.0,34.0,23.5,17.0,23.0,3.0,22.5,7.0,22.0,127.0
2023-04-27 21:00:52.0,1682600452000000000,27.0,24.0,22.5,19528.0,67.0,16065.0,26.5,5.0,27.0,16.0,33.5,7.0,34.0,20.0,40.0,12.0,24.0,37.0,23.5,17.0,23.0,3.0,22.5,7.0,22.0,127.0
2023-04-27 21:00:54.0,1682600454000000000,27.0,24.0,22.5,19528.0,67.0,16065.0,26.5,5.0,27.0,16.0,33.5,7.0,34.0,20.0,40.0,12.0,24.0,38.0,23.5,17.0,23.0,3.0,22.5,7.0,22.0,127.0
2023-04-27 21:00:54.25,1682600454250000000,27.0,26.5,22.5,19528.0,68.0,16330.0,26.5,4.0,27.0,16.0,33.5,7.0,34.0,20.0,40.0,12.0,24.5,3.0,24.0,35.0,23.5,17.0,23.0,3.0,22.5,7.0
2023-04-27 21:00:57.5,1682600457500000000,27.0,24.5,22.5,19531.0,71.0,17065.0,26.5,4.0,27.0,16.0,33.5,7.0,34.0,20.0,40.0,12.0,24.0,35.0,23.5,17.0,23.0,3.0,22.5,7.0,22.0,127.0
2023-04-27 21:00:58.25,1682600458250000000,27.0,24.5,22.5,19531.0,71.0,17065.0,26.5,4.0,27.0,16.0,33.5,7.0,34.0,20.0,40.0,12.0,24.5,20.0,24.0,35.0,23.5,17.0,23.0,3.0,22.5,7.0
2023-04-27 21:00:59.25,1682600459250000000,27.0,24.5,22.5,19531.0,71.0,17065.0,26.5,4.0,27.0,16.0,33.5,7.0,34.0,20.0,40.0,2.0,24.5,20.0,24.0,35.0,23.5,17.0,23.0,3.0,22.5,7.0
2023-04-27 21:00:59.75,1682600459750000000,27.0,24.5,22.5,19531.0,71.0,17065.0,26.5,4.0,27.0,16.0,33.5,7.0,34.0,20.0,40.0,2.0,24.5,20.0,24.0,35.0,23.5,30.0,23.0,3.0,22.5,7.0
2023-04-27 21:01:01.0,1682600461000000000,27.0,24.5,22.5,19531.0,71.0,17065.0,26.5,4.0,27.0,16.0,33.5,7.0,34.0,20.0,40.0,2.0,24.5,20.0,24.0,36.0,23.5,30.0,23.0,3.0,22.5,7.0
2023-04-27 21:01:03.0,1682600463000000000,27.0,24.5,22.5,19531.0,71.0,17065.0,26.5,4.0,27.0,16.0,33.5,7.0,34.0,20.0,40.0,2.0,24.5,20.0,24.0,37.0,23.5,30.0,23.0,3.0,22.5,7.0
2023-04-27 21:01:03.25,1682600463250000000,27.0,24.5,22.5,19531.0,71.0,17065.0,26.5,4.0,27.0,16.0,33.5,7.0,34.0,20.0,40.0,2.0,24.5,20.0,24.0,37.0,23.5,80.0,23.0,3.0,22.5,7.0
2023-04-27 21:01:03.75,1682600463750000000,27.0,24.5,22.5,19531.0,71.0,17065.0,26.5,4.0,27.0,16.0,33.5,7.0,34.0,20.0,40.0,2.0,24.5,20.0,24.0,36.0,23.5,80.0,23.0,3.0,22.5,7.0
2023-04-27 21:01:04.5,1682600464500000000,27.0,24.5,22.5,19531.0,71.0,17065.0,26.5,4.0,27.0,16.0,33.5,7.0,34.0,20.0,40.0,2.0,24.5,20.0,24.0,36.0,23.5,80.0,23.0,3.0,22.0,127.0
2023-04-27 21:01:05.5,1682600465500000000,27.0,24.5,22.5,19531.0,71.0,17065.0,26.0,9.0,26.5,4.0,27.0,16.0,33.5,7.0,34.0,20.0,24.5,20.0,24.0,36.0,23.5,89.0,23.0,3.0,22.0,127.0
2023-04-27 21:01:06.0,1682600466000000000,27.0,24.5,22.5,19531.0,91.0,21965.0,24.5,30.0,26.0,9.0,26.5,4.0,27.0,16.0,33.5,7.0,24.0,36.0,23.5,89.0,23.0,3.0,22.0,127.0,20.0,106.0
2023-04-27 21:01:06.25,1682600466250000000,27.0,24.5,22.5,19531.0,91.0,21965.0,24.5,30.0,25.0,9.0,26.0,9.0,26.5,4.0,27.0,16.0,24.0,36.0,23.5,89.0,23.0,3.0,22.0,127.0,20.0,106.0
2023-04-27 21:01:08.0,1682600468000000000,27.0,24.5,22.5,19531.0,91.0,21965.0,24.5,30.0,25.0,27.0,26.0,9.0,26.5,4.0,27.0,16.0,24.0,36.0,23.5,107.0,23.0,3.0,22.0,127.0,20.0,106.0
2023-04-27 21:01:08.75,1682600468750000000,27.0,24.5,22.5,19531.0,91.0,21965.0,24.5,30.0,25.0,27.0,25.5,20.0,26.0,9.0,26.5,4.0,24.0,36.0,23.5,107.0,23.0,3.0,22.0,127.0,20.0,106.0
2023-04-27 21:01:09.0,1682600469000000000,27.0,24.0,22.5,19537.0,97.0,23405.0,24.5,30.0,25.0,27.0,25.5,20.0,26.0,9.0,26.5,4.0,24.0,30.0,23.5,107.0,23.0,3.0,22.0,127.0,20.0,106.0
2023-04-27 21:01:09.25,1682600469250000000,27.0,24.0,22.5,19543.0,103.0,24845.0,24.5,30.0,25.0,27.0,26.0,9.0,26.5,4.0,27.0,16.0,24.0,24.0,23.5,107.0,23.0,3.0,22.0,127.0,20.0,106.0
2023-04-27 21:01:09.5,1682600469500000000,27.0,24.0,22.5,19543.0,103.0,24845.0,24.5,30.0,25.0,9.0,26.0,29.0,26.5,4.0,27.0,16.0,24.0,24.0,23.5,89.0,23.0,3.0,22.0,127.0,20.0,106.0
2023-04-27 21:01:09.75,1682600469750000000,27.0,24.5,22.5,19548.0,110.0,26530.0,24.5,29.0,25.0,9.0,26.0,9.0,26.5,4.0,27.0,16.0,24.0,17.0,23.5,89.0,23.0,3.0,22.0,127.0,20.0,106.0
2023-04-27 21:01:10.5,1682600470500000000,27.0,24.5,22.5,19548.0,139.0,33635.0,25.0,9.0,26.0,9.0,26.5,4.0,27.0,16.0,33.5,7.0,24.5,63.0,24.0,17.0,23.5,89.0,23.0,3.0,22.0,127.0
2023-04-27 21:01:12.25,1682600472250000000,27.0,24.5,22.5,19548.0,139.0,33635.0,25.0,9.0,26.0,9.0,26.5,4.0,27.0,16.0,33.5,7.0,24.5,63.0,24.0,17.0,23.5,80.0,23.0,3.0,22.0,127.0
2023-04-27 21:01:12.5,1682600472500000000,27.0,24.5,22.5,19548.0,139.0,33635.0,25.0,9.0,26.0,9.0,26.5,4.0,27.0,16.0,33.5,7.0,24.5,63.0,24.0,17.0,23.5,67.0,23.0,3.0,22.0,127.0
2023-04-27 21:01:16.75,1682600476750000000,27.0,24.5,22.5,19548.0,139.0,33635.0,25.0,9.0,26.0,9.0,26.5,4.0,27.0,16.0,33.5,7.0,24.5,83.0,24.0,17.0,23.5,67.0,23.0,3.0,22.0,127.0
2023-04-27 21:01:17.0,1682600477000000000,27.0,24.5,22.5,19548.0,139.0,33635.0,25.0,9.0,26.0,13.0,27.0,16.0,33.5,7.0,40.0,2.0,24.5,83.0,24.0,21.0,23.5,67.0,23.0,3.0,22.0,127.0
2023-04-27 21:01:19.5,1682600479500000000,27.0,24.5,22.5,19548.0,139.0,33635.0,25.0,9.0,26.0,13.0,27.0,16.0,33.5,7.0,40.0,2.0,24.5,20.0,24.0,21.0,23.5,67.0,23.0,3.0,22.0,127.0
2023-04-27 21:01:19.75,1682600479750000000,27.0,24.5,22.5,19568.0,159.0,38535.0,25.0,9.0,26.0,13.0,27.0,16.0,33.5,7.0,40.0,2.0,24.0,21.0,23.5,67.0,23.0,12.0,22.0,127.0,20.0,106.0
2023-04-27 21:01:22.0,1682600482000000000,27.0,24.5,22.5,19568.0,159.0,38535.0,25.0,9.0,26.0,13.0,27.0,16.0,33.5,7.0,40.0,12.0,24.0,21.0,23.5,67.0,23.0,12.0,22.0,127.0,20.0,106.0
2023-04-27 21:01:22.25,1682600482250000000,27.0,24.5,22.5,19568.0,159.0,38535.0,25.0,9.0,26.0,13.0,27.0,16.0,33.5,7.0,40.0,12.0,24.0,21.0,23.5,67.0,23.0,3.0,22.0,127.0,20.0,106.0
2023-04-27 21:01:24.5,1682600484500000000,27.0,24.5,22.5,19568.0,159.0,38535.0,25.0,9.0,26.0,13.0,27.0,16.0,33.5,7.0,40.0,12.0,24.5,1.0,24.0,21.0,23.5,67.0,23.0,12.0,22.0,127.0
2023-04-27 21:01:24.75,1682600484750000000,27.0,24.5,22.5,19569.0,160.0,38780.0,25.0,9.0,26.0,13.0,27.0,16.0,33.5,7.0,40.0,12.0,24.0,21.0,23.5,67.0,23.0,12.0,22.0,127.0,20.0,106.0
2023-04-27 21:01:25.75,1682600485750000000,27.0,25.0,22.5,19569.0,169.0,41030.0,25.5,9.0,26.0,13.0,27.0,16.0,33.5,7.0,40.0,12.0,25.0,11.0,24.0,21.0,23.5,67.0,23.0,12.0,22.0,127.0
2023-04-27 21:01:26.0,1682600486000000000,27.0,25.0,22.5,19569.0,180.0,43780.0,25.5,9.0,26.0,13.0,27.0,16.0,33.5,7.0,40.0,12.0,24.0,21.0,23.5,67.0,23.0,12.0,22.0,127.0,20.0,106.0
2023-04-27 21:01:26.25,1682600486250000000,27.0,25.0,22.5,19569.0,180.0,43780.0,25.5,9.0,26.0,13.0,27.0,16.0,33.5,7.0,40.0,12.0,24.0,21.0,23.5,76.0,23.0,12.0,22.0,127.0,20.0,106.0
2023-04-27 21:01:28.5,1682600488500000000,27.0,25.0,22.5,19569.0,180.0,43780.0,25.5,9.0,26.0,13.0,27.0,16.0,33.5,7.0,40.0,2.0,24.0,21.0,23.5,76.0,23.0,12.0,22.0,127.0,20.0,106.0
2023-04-27 21:01:28.75,1682600488750000000,27.0,25.0,22.5,19569.0,180.0,43780.0,25.5,9.0,26.0,13.0,27.0,16.0,33.5,7.0,40.0,2.0,24.0,21.0,23.5,76.0,23.0,12.0,22.0,126.0,20.0,106.0
2023-04-27 21:01:29.0,1682600489000000000,27.0,25.0,22.5,19569.0,180.0,43780.0,25.5,9.0,26.0,13.0,27.0,16.0,33.5,7.0,40.0,2.0,24.0,21.0,23.5,76.0,23.0,13.0,22.0,126.0,20.0,106.0
2023-04-27 21:01:32.0,1682600492000000000,27.0,25.0,22.5,19569.0,180.0,43780.0,25.5,9.0,26.0,13.0,27.0,16.0,33.5,7.0,40.0,2.0,24.0,30.0,23.5,76.0,23.0,4.0,22.0,126.0,20.0,106.0
2023-04-27 21:01:32.75,1682600492750000000,27.0,25.5,22.5,19578.0,189.0,46075.0,26.0,13.0,27.0,16.0,33.5,7.0,40.0,2.0,43.0,20.0,25.5,1.0,24.0,30.0,23.5,76.0,23.0,4.0,22.0,126.0
2023-04-27 21:01:33.0,1682600493000000000,27.0,25.5,22.5,19578.0,189.0,46075.0,26.0,13.0,27.0,16.0,33.5,7.0,40.0,2.0,40.5,10.0,25.5,1.0,24.0,30.0,23.5,76.0,23.0,4.0,22.0,126.0
2023-04-27 21:01:33.25,1682600493250000000,27.0,25.5,22.5,19578.0,189.0,46075.0,26.0,13.0,27.0,16.0,33.5,7.0,40.0,2.0,40.5,10.0,25.5,1.0,24.5,9.0,24.0,30.0,23.5,67.0,23.0,4.0
2023-04-27 21:01:33.75,1682600493750000000,27.0,25.5,22.5,19578.0,189.0,46075.0,26.0,13.0,27.0,16.0,33.5,7.0,40.0,2.0,40.5,10.0,25.5,2.0,24.5,9.0,24.0,30.0,23.5,67.0,23.0,4.0
2023-04-27 21:01:34.25,1682600494250000000,27.0,25.5,22.5,19580.0,191.0,46585.0,26.0,13.0,26.5,18.0,27.0,16.0,33.5,7.0,40.0,2.0,24.5,9.0,24.0,48.0,23.5,67.0,23.0,4.0,22.0,126.0
2023-04-27 21:01:34.5,1682600494500000000,27.0,25.5,22.5,19580.0,191.0,46585.0,26.0,13.0,27.0,16.0,33.5,7.0,40.0,2.0,40.5,10.0,24.0,17.0,23.5,67.0,23.0,13.0,22.0,126.0,20.0,106.0
2023-04-27 21:01:34.75,1682600494750000000,27.0,25.5,22.5,19580.0,191.0,46585.0,26.0,10.0,27.0,16.0,33.5,7.0,40.0,2.0,40.5,10.0,24.5,4.0,24.0,17.0,23.5,67.0,23.0,13.0,22.0,126.0
2023-04-27 21:01:35.0,1682600495000000000,27.0,25.5,22.5,19580.0,191.0,46585.0,26.0,10.0,27.0,16.0,33.5,7.0,40.0,2.0,40.5,10.0,24.5,4.0,24.0,17.0,23.5,76.0,23.0,13.0,22.0,126.0
2023-04-27 21:01:35.25,1682600495250000000,27.0,25.5,22.5,19580.0,191.0,46585.0,25.5,9.0,26.0,10.0,27.0,16.0,33.5,7.0,40.0,2.0,24.5,4.0,24.0,17.0,23.5,76.0,23.0,13.0,22.0,126.0
2023-04-27 21:01:36.0,1682600496000000000,27.0,25.5,22.5,19580.0,191.0,46585.0,25.5,9.0,26.0,10.0,27.0,16.0,33.5,7.0,40.0,2.0,24.5,6.0,24.0,17.0,23.5,76.0,23.0,13.0,22.0,126.0
2023-04-27 21:01:37.75,1682600497750000000,27.0,25.5,22.5,19580.0,191.0,46585.0,25.5,9.0,26.0,10.0,27.0,16.0,33.5,7.0,40.0,2.0,24.5,6.0,24.0,26.0,23.5,76.0,23.0,4.0,22.0,126.0
2023-04-27 21:01:41.25,1682600501250000000,27.0,25.5,22.5,19580.0,191.0,46585.0,26.0,10.0,27.0,16.0,33.5,7.0,40.0,2.0,40.5,10.0,24.5,6.0,24.0,26.0,23.5,76.0,23.0,4.0,22.0,126.0
2023-04-27 21:01:41.75,1682600501750000000,27.0,25.5,22.5,19580.0,191.0,46585.0,26.0,10.0,27.0,16.0,33.5,7.0,40.0,2.0,40.5,10.0,24.5,6.0,24.0,36.0,23.5,76.0,23.0,4.0,22.0,126.0
2023-04-27 21:01:42.5,1682600502500000000,27.0,25.5,22.5,19580.0,191.0,46585.0,26.0,10.0,27.0,16.0,33.5,7.0,40.0,2.0,40.5,10.0,25.5,8.0,24.5,13.0,24.0,36.0,23.5,76.0,23.0,4.0
2023-04-27 21:01:42.75,1682600502750000000,27.0,25.5,22.5,19580.0,191.0,46585.0,26.0,10.0,27.0,16.0,33.5,7.0,40.0,2.0,40.5,10.0,25.5,8.0,24.5,22.0,24.0,36.0,23.5,67.0,23.0,4.0
2023-04-27 21:01:44.75,1682600504750000000,27.0,26.0,22.5,19589.0,201.0,49185.0,26.5,9.0,27.0,16.0,33.5,7.0,40.0,2.0,40.5,10.0,25.5,8.0,24.5,22.0,24.0,36.0,23.5,67.0,23.0,4.0
2023-04-27 21:01:45.25,1682600505250000000,27.0,26.0,22.5,19589.0,201.0,49185.0,26.5,9.0,27.0,16.0,33.5,7.0,40.0,2.0,40.5,10.0,25.5,8.0,25.0,9.0,24.5,22.0,24.0,27.0,23.5,67.0
2023-04-27 21:01:46.25,1682600506250000000,27.0,26.0,22.5,19589.0,201.0,49185.0,26.5,9.0,27.0,16.0,33.5,7.0,40.0,2.0,40.5,10.0,25.5,9.0,25.0,9.0,24.5,22.0,24.0,27.0,23.5,67.0
2023-04-27 21:01:46.5,1682600506500000000,27.0,26.0,22.5,19589.0,201.0,49185.0,26.5,9.0,31.0,16.0,33.5,7.0,40.0,2.0,40.5,10.0,25.5,9.0,25.0,9.0,24.5,22.0,24.0,27.0,23.5,67.0
2023-04-27 21:01:46.75,1682600506750000000,27.0,26.0,22.5,19589.0,201.0,49185.0,26.5,10.0,31.0,16.0,33.5,7.0,40.0,2.0,40.5,10.0,25.5,9.0,25.0,9.0,24.5,22.0,24.0,27.0,23.5,67.0
2023-04-27 21:01:47.0,1682600507000000000,27.0,26.0,22.5,19589.0,201.0,49185.0,26.5,1.0,27.0,9.0,27.5,9.0,31.0,16.0,33.5,7.0,25.5,9.0,25.0,9.0,24.5,22.0,24.0,27.0,23.5,67.0
2023-04-27 21:01:48.5,1682600508500000000,27.0,26.0,22.5,19589.0,201.0,49185.0,26.5,1.0,27.0,9.0,27.5,9.0,31.0,16.0,33.5,7.0,25.5,10.0,25.0,9.0,24.5,13.0,24.0,27.0,23.5,67.0
2023-04-27 21:01:49.0,1682600509000000000,27.0,26.0,22.5,19589.0,201.0,49185.0,26.5,1.0,27.0,9.0,27.5,9.0,30.0,20.0,31.0,16.0,25.5,10.0,25.0,9.0,24.5,13.0,24.0,27.0,23.5,67.0
2023-04-27 21:01:49.75,1682600509750000000,27.0,26.0,22.5,19589.0,201.0,49185.0,26.5,1.0,27.0,9.0,27.5,9.0,31.0,16.0,33.5,7.0,25.5,1.0,25.0,9.0,24.5,13.0,24.0,27.0,23.5,67.0
2023-04-27 21:01:50.5,1682600510500000000,27.0,26.0,22.5,19589.0,201.0,49185.0,26.5,1.0,27.0,9.0,27.5,9.0,31.0,16.0,33.5,7.0,25.5,1.0,25.0,9.0,24.5,13.0,24.0,27.0,23.5,57.0
2023-04-27 21:01:51.5,1682600511500000000,27.0,26.0,22.5,19589.0,201.0,49185.0,26.5,1.0,27.0,9.0,27.5,9.0,31.0,16.0,33.5,7.0,25.5,1.0,25.0,9.0,24.5,11.0,24.0,27.0,23.5,57.0
2023-04-27 21:01:52.5,1682600512500000000,27.0,26.0,22.5,19589.0,201.0,49185.0,26.5,1.0,27.0,9.0,27.5,9.0,31.0,16.0,33.5,7.0,25.5,1.0,25.0,39.0,24.5,11.0,24.0,27.0,23.5,57.0
2023-04-27 21:01:53.5,1682600513500000000,27.0,26.0,22.5,19589.0,201.0,49185.0,26.5,1.0,27.0,9.0,27.5,9.0,31.0,16.0,33.5,7.0,26.0,8.0,25.5,10.0,25.0,39.0,24.5,11.0,24.0,27.0
2023-04-27 21:01:53.75,1682600513750000000,27.0,26.5,22.5,19588.0,202.0,49450.0,31.0,16.0,33.5,7.0,40.0,2.0,50.0,1.0,53.0,20.0,26.0,17.0,25.5,10.0,25.0,30.0,24.5,11.0,24.0,27.0
2023-04-27 21:01:54.0,1682600514000000000,27.0,26.5,22.5,19588.0,202.0,49450.0,31.0,16.0,33.0,9.0,33.5,7.0,40.0,2.0,47.0,10.0,26.0,17.0,25.5,10.0,25.0,30.0,24.5,11.0,24.0,27.0
2023-04-27 21:01:56.25,1682600516250000000,27.0,26.5,22.5,19588.0,202.0,49450.0,31.0,16.0,31.5,20.0,33.0,9.0,33.5,7.0,40.0,2.0,26.0,17.0,25.5,10.0,25.0,30.0,24.5,11.0,24.0,27.0
2023-04-27 21:01:56.5,1682600516500000000,27.0,26.5,22.5,19588.0,202.0,49450.0,31.0,25.0,33.0,9.0,33.5,7.0,40.0,2.0,47.0,10.0,26.0,17.0,25.5,10.0,25.0,30.0,24.5,11.0,24.0,27.0
2023-04-27 21:01:56.75,1682600516750000000,27.0,26.5,22.5,19588.0,202.0,49450.0,31.0,25.0,32.0,20.0,33.0,9.0,33.5,7.0,40.0,2.0,26.0,17.0,25.5,10.0,25.0,30.0,24.5,11.0,24.0,27.0
2023-04-27 21:01:57.25,1682600517250000000,27.0,26.5,22.5,19588.0,202.0,49450.0,31.0,25.0,33.0,9.0,33.5,7.0,40.0,2.0,47.0,10.0,26.0,17.0,25.5,10.0,25.0,30.0,24.5,11.0,24.0,27.0
2023-04-27 21:02:00.0,1682600520000000000,27.0,26.5,22.5,19588.0,202.0,49450.0,31.0,25.0,33.0,9.0,33.5,7.0,40.0,2.0,47.0,10.0,26.0,27.0,25.5,10.0,25.0,30.0,24.5,11.0,24.0,27.0
2023-04-27 21:02:00.75,1682600520750000000,27.0,26.5,22.5,19588.0,202.0,49450.0,31.0,25.0,33.0,9.0,33.5,7.0,40.0,2.0,47.0,10.0,26.0,18.0,25.5,10.0,25.0,30.0,24.5,11.0,24.0,27.0
2023-04-27 21:02:01.0,1682600521000000000,27.0,26.5,22.5,19588.0,202.0,49450.0,31.0,25.0,33.0,9.0,33.5,7.0,40.0,2.0,47.0,10.0,26.5,1.0,26.0,18.0,25.5,10.0,25.0,30.0,24.5,11.0
2023-04-27 21:02:01.75,1682600521750000000,27.0,26.5,22.5,19588.0,202.0,49450.0,31.0,25.0,33.0,9.0,33.5,7.0,40.0,2.0,47.0,10.0,26.5,6.0,26.0,18.0,25.5,10.0,25.0,30.0,24.5,11.0
2023-04-27 21:02:02.75,1682600522750000000,27.0,26.5,22.5,19594.0,208.0,51040.0,31.0,25.0,33.0,9.0,33.5,7.0,40.0,2.0,47.0,10.0,26.0,18.0,25.5,10.0,25.0,30.0,24.5,11.0,24.0,27.0
2023-04-27 21:02:03.0,1682600523000000000,27.0,26.5,22.5,19594.0,208.0,51040.0,31.0,25.0,33.0,9.0,33.5,7.0,40.0,2.0,47.0,10.0,26.5,2.0,26.0,18.0,25.5,10.0,25.0,30.0,24.5,11.0
2023-04-27 21:02:03.25,1682600523250000000,27.0,26.5,22.5,19594.0,208.0,51040.0,31.0,25.0,33.0,9.0,33.5,7.0,40.0,2.0,47.0,10.0,26.5,2.0,26.0,18.0,25.5,9.0,25.0,30.0,24.5,11.0
2023-04-27 21:02:03.5,1682600523500000000,27.0,26.5,22.5,19594.0,208.0,51040.0,31.0,25.0,33.0,9.0,33.5,7.0,40.0,2.0,47.0,10.0,26.5,2.0,26.0,19.0,25.5,9.0,25.0,30.0,24.5,11.0
2023-04-27 21:02:03.75,1682600523750000000,27.0,26.5,22.5,19596.0,210.0,51570.0,31.0,25.0,33.0,9.0,33.5,7.0,40.0,2.0,47.0,10.0,26.0,19.0,25.5,9.0,25.0,30.0,24.5,11.0,24.0,27.0
2023-04-27 21:02:04.75,1682600524750000000,27.0,26.5,22.5,19596.0,210.0,51570.0,31.0,25.0,33.0,9.0,33.5,7.0,40.0,2.0,47.0,10.0,26.0,11.0,25.5,9.0,25.0,30.0,24.5,11.0,24.0,27.0
2023-04-27 21:02:06.25,1682600526250000000,27.0,26.5,22.5,19596.0,210.0,51570.0,28.5,18.0,31.0,25.0,33.0,9.0,33.5,7.0,40.0,2.0,26.5,18.0,26.0,11.0,25.5,9.0,25.0,30.0,24.5,11.0
2023-04-27 21:02:06.5,1682600526500000000,27.0,26.5,22.5,19596.0,210.0,51570.0,28.0,9.0,31.0,25.0,33.5,7.0,40.0,2.0,47.0,10.0,26.0,11.0,25.5,9.0,25.0,30.0,24.5,11.0,24.0,27.0
2023-04-27 21:02:07.75,1682600527750000000,27.0,26.5,22.5,19596.0,210.0,51570.0,28.0,9.0,31.0,25.0,33.5,7.0,40.0,2.0,47.0,10.0,26.0,51.0,25.5,9.0,25.0,30.0,24.5,11.0,24.0,27.0
2023-04-27 21:02:09.25,1682600529250000000,28.0,28.0,22.5,19605.0,219.0,54090.0,31.0,25.0,33.5,7.0,40.0,2.0,47.0,10.0,50.0,1.0,28.0,2.0,26.0,60.0,25.5,9.0,25.0,30.0,24.5,11.0
2023-04-27 21:02:09.5,1682600529500000000,28.0,28.0,22.5,19607.0,221.0,54650.0,31.0,25.0,33.5,7.0,40.0,2.0,47.0,10.0,50.0,1.0,26.0,60.0,25.5,9.0,25.0,30.0,24.5,11.0,24.0,27.0
2023-04-27 21:02:11.0,1682600531000000000,28.0,28.0,22.5,19607.0,221.0,54650.0,31.0,25.0,33.5,7.0,40.0,2.0,47.0,10.0,50.0,1.0,26.0,80.0,25.5,9.0,25.0,30.0,24.5,11.0,24.0,27.0
2023-04-27 21:02:11.25,1682600531250000000,28.0,28.0,22.5,19607.0,221.0,54650.0,31.0,25.0,33.5,7.0,40.0,2.0,47.0,10.0,50.0,1.0,26.5,8.0,26.0,80.0,25.5,9.0,25.0,30.0,24.5,11.0
2023-04-27 21:02:11.5,1682600531500000000,28.0,28.0,22.5,19607.0,221.0,54650.0,31.0,25.0,33.5,7.0,40.0,2.0,47.0,10.0,50.0,1.0,28.0,1.0,26.5,8.0,26.0,80.0,25.5,9.0,25.0,30.0
2023-04-27 21:02:11.75,1682600531750000000,28.0,28.0,22.5,19608.0,222.0,54930.0,31.0,25.0,33.5,7.0,40.0,2.0,47.0,10.0,50.0,1.0,26.5,8.0,26.0,80.0,25.5,9.0,25.0,30.0,24.5,11.0
2023-04-27 21:02:12.0,1682600532000000000,28.0,28.0,22.5,19608.0,222.0,54930.0,28.0,32.0,28.5,5.0,31.0,25.0,33.5,7.0,40.0,2.0,26.5,8.0,26.0,80.0,25.5,9.0,25.0,30.0,24.5,11.0
2023-04-27 21:02:12.25,1682600532250000000,28.0,28.0,22.5,19608.0,222.0,54930.0,28.0,32.0,28.5,14.0,31.0,25.0,33.5,7.0,40.0,2.0,26.5,8.0,26.0,80.0,25.5,9.0,25.0,30.0,24.5,11.0
2023-04-27 21:02:14.75,1682600534750000000,28.0,28.0,22.5,19608.0,222.0,54930.0,28.0,32.0,28.5,14.0,31.0,25.0,33.5,7.0,40.0,2.0,26.0,80.0,25.5,9.0,25.0,30.0,24.5,11.0,24.0,27.0
2023-04-27 21:02:15.25,1682600535250000000,28.0,28.0,22.5,19609.0,223.0,55210.0,28.0,31.0,28.5,14.0,31.0,25.0,33.5,7.0,40.0,2.0,26.0,80.0,25.5,9.0,25.0,30.0,24.5,11.0,24.0,27.0
2023-04-27 21:02:18.75,1682600538750000000,28.0,28.0,22.5,19614.0,228.0,56610.0,28.0,26.0,28.5,14.0,31.0,25.0,33.5,7.0,40.0,2.0,26.0,80.0,25.5,9.0,25.0,30.0,24.5,11.0,24.0,27.0
2023-04-27 21:02:20.0,1682600540000000000,28.0,28.0,22.5,19614.0,228.0,56610.0,28.0,26.0,28.5,14.0,31.0,25.0,33.5,7.0,40.0,2.0,26.0,40.0,25.5,9.0,25.0,30.0,24.5,11.0,24.0,27.0
2023-04-27 21:02:20.25,1682600540250000000,28.0,28.0,22.5,19614.0,228.0,56610.0,28.0,26.0,28.5,14.0,31.0,25.0,33.5,7.0,40.0,2.0,26.5,40.0,26.0,40.0,25.5,9.0,25.0,30.0,24.5,11.0
2023-04-27 21:02:22.75,1682600542750000000,28.0,28.0,22.5,19614.0,228.0,56610.0,28.0,26.0,28.5,14.0,31.0,25.0,33.5,7.0,40.0,2.0,26.5,40.0,26.0,43.0,25.5,9.0,25.0,30.0,24.5,11.0
2023-04-27 21:02:24.0,1682600544000000000,28.0,28.0,22.5,19622.0,236.0,58850.0,28.0,18.0,28.5,9.0,31.0,25.0,33.5,7.0,40.0,2.0,26.5,40.0,26.0,43.0,25.5,9.0,25.0,30.0,24.5,11.0
2023-04-27 21:02:24.25,1682600544250000000,28.0,26.5,22.5,19622.0,241.0,60175.0,28.0,18.0,28.5,9.0,31.0,25.0,33.5,7.0,40.0,2.0,26.5,35.0,26.0,43.0,25.5,9.0,25.0,30.0,24.5,11.0
2023-04-27 21:02:24.5,1682600544500000000,28.0,26.5,22.5,19622.0,241.0,60175.0,28.0,18.0,28.5,9.0,31.0,25.0,33.5,7.0,40.0,2.0,26.5,35.0,26.0,43.0,25.5,9.0,25.0,70.0,24.5,11.0
2023-04-27 21:02:24.75,1682600544750000000,28.0,26.5,22.5,19622.0,241.0,60175.0,28.0,18.0,28.5,9.0,31.0,25.0,33.5,7.0,40.0,2.0,26.5,40.0,26.0,43.0,25.5,9.0,25.0,70.0,24.5,11.0
2023-04-27 21:02:25.0,1682600545000000000,28.0,26.5,22.5,19622.0,241.0,60175.0,28.0,18.0,28.5,27.0,31.0,25.0,33.5,7.0,40.0,2.0,26.5,40.0,26.0,43.0,25.5,27.0,25.0,70.0,24.5,11.0
2023-04-27 21:02:25.75,1682600545750000000,28.0,28.0,22.5,19632.0,251.0,62975.0,28.0,8.0,28.5,27.0,31.0,25.0,33.5,7.0,40.0,2.0,26.5,49.0,26.0,43.0,25.5,18.0,25.0,70.0,24.5,11.0
2023-04-27 21:02:26.0,1682600546000000000,28.0,28.0,22.5,19632.0,251.0,62975.0,28.0,8.0,28.5,27.0,31.0,25.0,33.5,7.0,40.0,2.0,26.5,49.0,26.0,61.0,25.0,70.0,24.5,11.0,24.0,27.0
2023-04-27 21:02:26.25,1682600546250000000,28.0,28.0,22.5,19632.0,251.0,62975.0,28.0,8.0,28.5,27.0,31.0,25.0,33.5,7.0,40.0,2.0,27.0,5.0,26.5,49.0,26.0,61.0,25.0,70.0,24.5,11.0
2023-04-27 21:02:28.5,1682600548500000000,28.0,28.0,22.5,19632.0,251.0,62975.0,28.0,8.0,28.5,27.0,31.0,25.0,33.5,7.0,40.0,2.0,27.0,5.0,26.5,49.0,26.0,61.0,25.0,70.0,24.5,7.0
2023-04-27 21:02:28.75,1682600548750000000,28.0,28.0,22.5,19632.0,251.0,62975.0,27.5,2.0,28.0,8.0,28.5,27.0,31.0,25.0,33.5,7.0,27.0,5.0,26.5,49.0,26.0,61.0,25.0,70.0,24.5,7.0
2023-04-27 21:02:29.75,1682600549750000000,28.0,28.0,22.5,19632.0,251.0,62975.0,27.5,11.0,28.0,8.0,28.5,27.0,31.0,16.0,33.5,7.0,27.0,5.0,26.5,49.0,26.0,61.0,25.0,70.0,24.5,7.0
2023-04-27 21:02:30.0,1682600550000000000,28.0,28.0,22.5,19632.0,251.0,62975.0,27.5,11.0,28.0,26.0,28.5,9.0,31.0,16.0,33.5,7.0,27.0,5.0,26.5,49.0,26.0,43.0,25.5,18.0,25.0,70.0
2023-04-27 21:02:31.0,1682600551000000000,28.0,28.0,22.5,19632.0,251.0,62975.0,27.5,11.0,28.0,26.0,28.5,9.0,31.0,16.0,33.0,20.0,27.0,5.0,26.5,49.0,26.0,43.0,25.5,18.0,25.0,70.0
2023-04-27 21:02:31.25,1682600551250000000,28.0,28.0,22.5,19632.0,251.0,62975.0,27.5,11.0,28.0,26.0,28.5,9.0,31.0,16.0,33.0,20.0,27.0,5.0,26.5,69.0,26.0,43.0,25.5,18.0,25.0,70.0
2023-04-27 21:02:32.0,1682600552000000000,28.0,27.0,22.5,19637.0,256.0,64325.0,27.5,11.0,28.0,26.0,28.5,9.0,31.0,16.0,33.5,7.0,26.5,60.0,26.0,43.0,25.5,18.0,25.0,70.0,24.5,7.0
2023-04-27 21:02:34.25,1682600554250000000,28.0,27.0,22.5,19637.0,256.0,64325.0,27.5,11.0,28.0,26.0,28.5,9.0,31.0,16.0,33.5,7.0,27.0,1.0,26.5,60.0,26.0,43.0,25.5,18.0,25.0,70.0
2023-04-27 21:02:34.75,1682600554750000000,28.0,27.0,22.5,19637.0,256.0,64325.0,27.5,11.0,28.0,26.0,28.5,9.0,31.0,16.0,33.5,7.0,27.0,1.0,26.5,60.0,26.0,42.0,25.5,18.0,25.0,70.0
2023-04-27 21:02:35.0,1682600555000000000,28.0,27.5,22.5,19637.0,257.0,64600.0,27.5,10.0,28.0,26.0,28.5,9.0,31.0,16.0,33.5,7.0,27.0,1.0,26.5,60.0,26.0,42.0,25.5,18.0,25.0,70.0
2023-04-27 21:02:35.25,1682600555250000000,28.0,27.5,22.5,19637.0,257.0,64600.0,27.5,28.0,28.0,8.0,28.5,9.0,31.0,16.0,33.5,7.0,27.0,1.0,26.5,60.0,26.0,42.0,25.5,18.0,25.0,70.0
2023-04-27 21:02:36.25,1682600556250000000,28.0,27.5,22.5,19637.0,257.0,64600.0,27.5,28.0,28.0,8.0,28.5,9.0,31.0,16.0,33.5,7.0,27.0,21.0,26.5,60.0,26.0,42.0,25.5,18.0,25.0,70.0
2023-04-27 21:02:36.75,1682600556750000000,28.0,27.5,22.5,19637.0,257.0,64600.0,27.5,28.0,28.0,8.0,28.5,9.0,31.0,16.0,33.5,7.0,27.0,21.0,26.5,60.0,26.0,60.0,25.0,70.0,24.5,7.0
2023-04-27 21:02:37.75,1682600557750000000,28.0,27.5,22.5,19637.0,257.0,64600.0,27.5,28.0,28.0,15.0,28.5,9.0,31.0,16.0,33.5,7.0,27.0,21.0,26.5,60.0,26.0,60.0,25.0,70.0,24.5,7.0
2023-04-27 21:02:38.25,1682600558250000000,28.0,27.5,22.5,19637.0,257.0,64600.0,27.5,28.0,28.0,15.0,28.5,9.0,31.0,16.0,33.0,20.0,27.0,21.0,26.5,60.0,26.0,60.0,25.0,70.0,24.5,7.0
2023-04-27 21:02:38.75,1682600558750000000,28.0,27.5,22.5,19637.0,257.0,64600.0,27.5,28.0,28.0,15.0,28.5,9.0,31.0,16.0,33.5,7.0,27.0,21.0,26.5,60.0,26.0,60.0,25.0,70.0,24.5,7.0
2023-04-27 21:02:40.25,1682600560250000000,28.0,27.5,22.5,19637.0,257.0,64600.0,27.5,28.0,28.0,15.0,28.5,9.0,31.0,16.0,33.5,7.0,27.0,21.0,26.5,69.0,26.0,60.0,25.0,70.0,24.5,7.0
2023-04-27 21:02:41.75,1682600561750000000,28.0,27.5,22.5,19637.0,257.0,64600.0,27.5,28.0,28.0,15.0,28.5,9.0,31.0,16.0,33.5,27.0,27.0,21.0,26.5,69.0,26.0,60.0,25.0,70.0,24.5,7.0
2023-04-27 21:02:42.75,1682600562750000000,28.0,27.5,22.5,19637.0,257.0,64600.0,27.5,28.0,28.0,15.0,28.5,9.0,31.0,16.0,33.5,27.0,27.0,21.0,26.5,60.0,26.0,60.0,25.0,70.0,24.5,7.0
2023-04-27 21:02:43.5,1682600563500000000,28.0,27.5,22.5,19637.0,257.0,64600.0,27.5,28.0,28.0,15.0,28.5,9.0,31.0,16.0,33.5,7.0,27.0,21.0,26.5,60.0,26.0,60.0,25.0,70.0,24.5,7.0
2023-04-27 21:02:45.5,1682600565500000000,28.0,27.5,22.5,19637.0,257.0,64600.0,27.5,28.0,28.0,15.0,28.5,9.0,31.0,16.0,33.5,7.0,27.0,21.0,26.5,60.0,26.0,60.0,25.0,70.0,24.0,27.0
2023-04-27 21:02:46.5,1682600566500000000,28.0,27.0,22.5,19658.0,278.0,70270.0,27.5,28.0,28.0,15.0,28.5,9.0,31.0,16.0,33.5,7.0,26.5,60.0,26.0,60.0,25.0,70.0,24.0,27.0,23.5,50.0
2023-04-27 21:02:49.5,1682600569500000000,28.0,27.0,22.5,19658.0,278.0,70270.0,27.5,28.0,28.0,15.0,28.5,9.0,31.0,16.0,33.5,7.0,27.0,1.0,26.5,60.0,26.0,60.0,25.0,70.0,24.0,27.0
2023-04-27 21:02:49.75,1682600569750000000,28.0,27.0,22.5,19658.0,278.0,70270.0,27.5,38.0,28.0,15.0,28.5,9.0,31.0,16.0,33.5,7.0,27.0,1.0,26.5,70.0,26.0,60.0,25.0,70.0,24.0,27.0
2023-04-27 21:02:50.0,1682600570000000000,28.0,26.5,22.5,19660.0,280.0,70805.0,27.5,38.0,28.0,15.0,28.5,9.0,31.0,16.0,33.5,7.0,26.5,78.0,26.0,60.0,25.0,70.0,24.0,27.0,23.5,50.0
2023-04-27 21:02:50.25,1682600570250000000,28.0,26.5,22.5,19660.0,280.0,70805.0,27.5,38.0,28.0,25.0,28.5,9.0,31.0,16.0,33.5,7.0,26.5,78.0,26.0,60.0,25.0,70.0,24.0,27.0,23.5,60.0
2023-04-27 21:02:50.5,1682600570500000000,28.0,26.5,22.5,19660.0,280.0,70805.0,27.0,10.0,27.5,28.0,28.0,25.0,28.5,9.0,31.0,16.0,26.5,68.0,26.0,70.0,25.0,70.0,24.0,27.0,23.5,60.0
2023-04-27 21:02:51.5,1682600571500000000,28.0,27.0,22.5,19670.0,290.0,73505.0,27.5,28.0,28.0,25.0,28.5,9.0,31.0,16.0,33.5,7.0,26.5,68.0,26.0,70.0,25.0,70.0,24.5,1.0,24.0,27.0
2023-04-27 21:02:51.75,1682600571750000000,28.0,27.0,22.5,19670.0,290.0,73505.0,27.5,38.0,28.0,25.0,28.5,9.0,31.0,16.0,33.5,7.0,26.5,78.0,26.0,60.0,25.0,70.0,24.5,1.0,24.0,27.0
2023-04-27 21:02:52.25,1682600572250000000,28.0,27.0,22.5,19670.0,290.0,73505.0,27.5,29.0,28.0,25.0,28.5,9.0,31.0,16.0,33.5,7.0,26.5,78.0,26.0,60.0,25.0,70.0,24.5,1.0,24.0,27.0
2023-04-27 21:02:52.75,1682600572750000000,28.0,27.0,22.5,19670.0,290.0,73505.0,27.5,29.0,28.0,25.0,28.5,9.0,31.0,16.0,33.5,7.0,26.5,79.0,26.0,60.0,25.0,70.0,24.5,1.0,24.0,27.0
2023-04-27 21:02:54.5,1682600574500000000,28.0,27.0,22.5,19670.0,290.0,73505.0,27.5,29.0,28.0,25.0,28.5,9.0,31.0,16.0,33.5,7.0,26.5,69.0,26.0,70.0,25.0,70.0,24.5,1.0,24.0,27.0
2023-04-27 21:02:56.25,1682600576250000000,28.0,26.5,22.5,19673.0,293.0,74300.0,27.5,29.0,28.0,25.0,28.5,9.0,31.0,16.0,33.5,7.0,26.5,67.0,26.0,70.0,25.0,70.0,24.5,1.0,24.0,27.0
2023-04-27 21:02:57.25,1682600577250000000,28.0,26.5,22.5,19673.0,294.0,74565.0,27.5,29.0,28.0,25.0,28.5,9.0,31.0,16.0,33.5,7.0,26.5,66.0,26.0,70.0,25.0,70.0,24.5,1.0,24.0,27.0
2023-04-27 21:02:58.25,1682600578250000000,28.0,26.5,22.5,19673.0,294.0,74565.0,27.5,29.0,28.0,25.0,28.5,19.0,31.0,16.0,33.5,7.0,26.5,66.0,26.0,70.0,25.0,70.0,24.5,11.0,24.0,27.0
2023-04-27 21:02:59.5,1682600579500000000,28.0,26.5,22.5,19673.0,294.0,74565.0,27.0,10.0,27.5,11.0,28.0,25.0,28.5,19.0,31.0,16.0,26.5,66.0,26.0,52.0,25.0,70.0,24.5,11.0,24.0,27.0
2023-04-27 21:03:00.25,1682600580250000000,28.0,26.5,22.5,19673.0,294.0,74565.0,27.0,28.0,27.5,11.0,28.0,25.0,28.5,19.0,31.0,16.0,26.5,66.0,26.0,52.0,25.5,18.0,25.0,70.0,24.5,11.0
2023-04-27 21:03:01.0,1682600581000000000,28.0,27.0,22.5,19673.0,295.0,74835.0,27.0,27.0,27.5,11.0,28.0,25.0,28.5,19.0,31.0,16.0,26.5,66.0,26.0,52.0,25.5,18.0,25.0,70.0,24.5,11.0
2023-04-27 21:03:01.25,1682600581250000000,28.0,27.0,22.5,19673.0,295.0,74835.0,27.0,9.0,27.5,29.0,28.0,25.0,28.5,19.0,31.0,16.0,26.5,66.0,26.0,52.0,25.5,18.0,25.0,70.0,24.5,11.0
2023-04-27 21:03:01.5,1682600581500000000,28.0,27.0,22.5,19664.0,304.0,77265.0,27.5,28.0,28.0,25.0,28.5,19.0,31.0,16.0,33.5,7.0,26.5,65.0,26.0,52.0,25.5,18.0,25.0,70.0,24.5,11.0
2023-04-27 21:03:02.0,1682600582000000000,28.0,27.5,22.5,19665.0,305.0,77540.0,27.5,27.0,28.0,25.0,28.5,19.0,31.0,16.0,33.5,7.0,27.0,6.0,26.5,65.0,26.0,52.0,25.5,18.0,25.0,70.0
2023-04-27 21:03:02.25,1682600582250000000,28.0,27.5,22.5,19665.0,305.0,77540.0,27.5,9.0,28.0,43.0,28.5,19.0,31.0,16.0,33.5,7.0,27.0,6.0,26.5,65.0,26.0,52.0,25.5,18.0,25.0,70.0
2023-04-27 21:03:03.75,1682600583750000000,28.0,27.5,22.5,19665.0,305.0,77540.0,28.0,43.0,28.5,19.0,31.0,16.0,33.5,7.0,36.5,20.0,27.0,6.0,26.5,65.0,26.0,42.0,25.5,18.0,25.0,70.0
2023-04-27 21:03:04.0,1682600584000000000,28.0,27.5,22.5,19665.0,305.0,77540.0,28.0,43.0,28.5,9.0,29.5,10.0,31.0,16.0,33.5,7.0,27.0,6.0,26.5,65.0,26.0,42.0,25.5,28.0,25.0,70.0
2023-04-27 21:03:04.25,1682600584250000000,28.0,27.5,22.5,19665.0,305.0,77540.0,28.0,25.0,28.5,9.0,29.5,10.0,31.0,16.0,33.5,7.0,27.0,6.0,26.5,65.0,26.0,42.0,25.5,10.0,25.0,70.0
2023-04-27 21:03:05.0,1682600585000000000,28.0,27.5,22.5,19665.0,305.0,77540.0,28.0,43.0,28.5,9.0,29.5,10.0,31.0,16.0,33.5,7.0,27.0,6.0,26.5,65.0,26.0,42.0,25.5,28.0,25.0,70.0
2023-04-27 21:03:06.5,1682600586500000000,28.0,28.0,22.5,19670.0,311.0,79220.0,28.0,34.0,28.5,9.0,29.5,10.0,31.0,16.0,33.5,7.0,27.0,15.0,26.5,65.0,26.0,33.0,25.5,28.0,25.0,70.0
2023-04-27 21:03:07.5,1682600587500000000,28.0,28.0,22.5,19670.0,311.0,79220.0,28.0,34.0,28.5,9.0,29.5,10.0,31.0,16.0,33.5,7.0,27.0,15.0,26.5,65.0,26.0,51.0,25.5,10.0,25.0,70.0
2023-04-27 21:03:08.75,1682600588750000000,28.0,28.0,22.5,19674.0,321.0,82020.0,28.0,18.0,28.5,9.0,29.0,10.0,29.5,10.0,31.0,16.0,27.0,15.0,26.5,65.0,26.0,51.0,25.5,14.0,25.0,70.0
2023-04-27 21:03:09.0,1682600589000000000,28.0,28.0,22.5,19674.0,321.0,82020.0,28.5,9.0,29.0,28.0,29.5,10.0,31.0,16.0,33.5,7.0,27.0,15.0,26.5,65.0,26.0,51.0,25.5,14.0,25.0,70.0
2023-04-27 21:03:12.5,1682600592500000000,28.0,28.0,22.5,19674.0,321.0,82020.0,28.5,9.0,29.0,28.0,29.5,10.0,31.0,16.0,33.5,7.0,27.5,1.0,27.0,15.0,26.5,65.0,26.0,51.0,25.5,14.0
2023-04-27 21:03:13.0,1682600593000000000,28.0,28.0,22.5,19674.0,321.0,82020.0,28.5,9.0,29.0,28.0,29.5,10.0,31.0,16.0,33.5,7.0,27.5,10.0,27.0,15.0,26.5,56.0,26.0,51.0,25.5,14.0
2023-04-27 21:03:13.25,1682600593250000000,28.0,28.0,22.5,19674.0,321.0,82020.0,28.5,9.0,29.0,28.0,29.5,10.0,31.0,16.0,33.5,7.0,27.5,10.0,27.0,15.0,26.5,74.0,26.0,33.0,25.5,14.0
2023-04-27 21:03:13.75,1682600593750000000,28.0,28.0,22.5,19674.0,321.0,82020.0,29.0,28.0,29.5,19.0,31.0,16.0,33.5,7.0,40.0,2.0,27.5,10.0,27.0,15.0,26.5,74.0,26.0,23.0,25.5,14.0
2023-04-27 21:03:14.0,1682600594000000000,28.0,28.0,22.5,19674.0,321.0,82020.0,29.0,37.0,29.5,19.0,31.0,16.0,33.5,7.0,40.0,2.0,27.5,10.0,27.0,15.0,26.5,74.0,26.0,23.0,25.5,14.0
2023-04-27 21:03:15.0,1682600595000000000,29.0,29.0,22.5,19675.0,322.0,82310.0,29.0,37.0,29.5,19.0,31.0,16.0,33.5,7.0,40.0,2.0,27.5,10.0,27.0,15.0,26.5,74.0,26.0,25.0,25.5,10.0
2023-04-27 21:03:17.25,1682600597250000000,29.0,29.0,22.5,19675.0,322.0,82310.0,28.0,3.0,29.0,37.0,29.5,19.0,31.0,16.0,33.5,7.0,27.5,10.0,27.0,15.0,26.5,74.0,26.0,25.0,25.5,10.0
2023-04-27 21:03:17.5,1682600597500000000,29.0,28.0,22.5,19672.0,325.0,83150.0,29.0,38.0,29.5,19.0,31.0,16.0,33.5,7.0,40.0,2.0,27.5,10.0,27.0,15.0,26.5,74.0,26.0,25.0,25.5,10.0
2023-04-27 21:03:18.75,1682600598750000000,29.0,28.0,22.5,19672.0,325.0,83150.0,28.5,1.0,29.0,38.0,29.5,19.0,31.0,16.0,33.5,7.0,27.5,10.0,27.0,15.0,26.5,74.0,26.0,25.0,25.5,10.0
2023-04-27 21:03:19.75,1682600599750000000,29.0,28.0,22.5,19672.0,325.0,83150.0,28.5,1.0,29.0,38.0,29.5,19.0,31.0,16.0,33.5,7.0,27.5,10.0,27.0,33.0,26.5,56.0,26.0,25.0,25.5,10.0
2023-04-27 21:03:20.25,1682600600250000000,29.0,28.0,22.5,19672.0,325.0,83150.0,28.5,1.0,29.0,38.0,29.5,19.0,31.0,16.0,33.5,7.0,27.5,10.0,27.0,15.0,26.5,74.0,26.0,25.0,25.5,10.0
2023-04-27 21:03:21.75,1682600601750000000,29.0,28.0,22.5,19672.0,325.0,83150.0,28.5,1.0,29.0,38.0,29.5,19.0,31.0,16.0,33.5,7.0,27.5,10.0,27.0,33.0,26.5,56.0,26.0,25.0,25.5,10.0
2023-04-27 21:03:22.75,1682600602750000000,29.0,28.0,22.5,19672.0,325.0,83150.0,28.5,8.0,29.0,38.0,29.5,19.0,31.0,16.0,33.5,7.0,27.5,10.0,27.0,33.0,26.5,56.0,26.0,25.0,25.5,10.0
2023-04-27 21:03:24.5,1682600604500000000,29.0,28.0,22.5,19672.0,325.0,83150.0,28.5,8.0,29.0,38.0,29.5,19.0,31.0,16.0,33.5,7.0,28.0,2.0,27.5,10.0,27.0,33.0,26.5,56.0,26.0,25.0
2023-04-27 21:03:26.5,1682600606500000000,29.0,28.0,22.5,19672.0,326.0,83430.0,28.5,8.0,29.0,38.0,29.5,19.0,31.0,16.0,33.5,7.0,28.0,1.0,27.5,10.0,27.0,33.0,26.5,56.0,26.0,25.0
2023-04-27 21:03:26.75,1682600606750000000,29.0,28.0,22.5,19672.0,326.0,83430.0,28.5,8.0,29.0,38.0,29.5,19.0,31.0,16.0,33.5,7.0,28.0,1.0,27.5,10.0,27.0,15.0,26.5,74.0,26.0,25.0
2023-04-27 21:03:30.0,1682600610000000000,29.0,28.5,22.5,19672.0,327.0,83715.0,28.5,7.0,29.0,38.0,29.5,19.0,31.0,16.0,33.5,7.0,28.0,1.0,27.5,10.0,27.0,15.0,26.5,74.0,26.0,25.0
2023-04-27 21:03:31.0,1682600611000000000,29.0,28.0,22.5,19672.0,328.0,83995.0,28.0,5.0,28.5,7.0,29.0,38.0,29.5,19.0,31.0,16.0,27.5,10.0,27.0,15.0,26.5,74.0,26.0,25.0,25.5,10.0
2023-04-27 21:03:31.25,1682600611250000000,29.0,28.0,22.5,19672.0,328.0,83995.0,28.0,5.0,28.5,25.0,29.0,20.0,29.5,19.0,31.0,16.0,27.5,10.0,27.0,15.0,26.5,74.0,26.0,25.0,25.5,10.0
2023-04-27 21:03:32.0,1682600612000000000,29.0,28.0,22.5,19672.0,328.0,83995.0,28.0,5.0,28.5,26.0,29.0,20.0,29.5,19.0,31.0,16.0,27.5,10.0,27.0,15.0,26.5,74.0,26.0,25.0,25.5,10.0
2023-04-27 21:03:32.75,1682600612750000000,29.0,28.0,22.5,19672.0,328.0,83995.0,28.0,5.0,28.5,26.0,29.0,20.0,29.5,19.0,31.0,16.0,27.5,10.0,27.0,15.0,26.5,74.0,26.0,23.0,25.5,12.0
2023-04-27 21:03:33.25,1682600613250000000,29.0,28.0,22.5,19672.0,328.0,83995.0,28.0,5.0,28.5,33.0,29.0,20.0,29.5,19.0,31.0,16.0,27.5,10.0,27.0,15.0,26.5,74.0,26.0,23.0,25.5,12.0
2023-04-27 21:03:34.25,1682600614250000000,29.0,28.0,22.5,19667.0,333.0,85395.0,28.5,33.0,29.0,20.0,29.5,19.0,31.0,16.0,33.5,7.0,27.5,10.0,27.0,15.0,26.5,74.0,26.0,23.0,25.5,12.0
2023-04-27 21:03:39.5,1682600619500000000,29.0,28.0,22.5,19667.0,333.0,85395.0,28.5,33.0,29.0,20.0,29.5,19.0,31.0,16.0,33.5,7.0,27.5,10.0,27.0,15.0,26.5,44.0,26.0,23.0,25.5,12.0
2023-04-27 21:03:39.75,1682600619750000000,29.0,28.0,22.5,19667.0,333.0,85395.0,28.5,33.0,29.0,20.0,29.5,19.0,31.0,16.0,33.5,7.0,28.0,30.0,27.5,10.0,27.0,15.0,26.5,44.0,26.0,23.0
2023-04-27 21:03:41.25,1682600621250000000,29.0,28.0,22.5,19667.0,333.0,85395.0,28.5,33.0,29.0,10.0,29.5,29.0,31.0,16.0,33.5,7.0,28.0,30.0,27.5,10.0,27.0,15.0,26.5,44.0,26.0,23.0
2023-04-27 21:03:42.75,1682600622750000000,29.0,28.0,22.5,19667.0,333.0,85395.0,28.5,40.0,29.0,10.0,29.5,29.0,31.0,16.0,33.5,7.0,28.0,30.0,27.5,10.0,27.0,15.0,26.5,44.0,26.0,23.0
2023-04-27 21:03:43.5,1682600623500000000,29.0,28.0,22.5,19667.0,333.0,85395.0,28.5,40.0,29.0,10.0,29.5,29.0,31.0,16.0,33.5,7.0,28.0,30.0,27.5,10.0,27.0,15.0,26.5,55.0,26.0,23.0
2023-04-27 21:03:44.0,1682600624000000000,29.0,28.0,22.5,19667.0,333.0,85395.0,28.5,40.0,29.0,1.0,29.5,29.0,31.0,16.0,33.5,7.0,28.0,39.0,27.5,10.0,27.0,6.0,26.5,55.0,26.0,23.0
2023-04-27 21:03:46.5,1682600626500000000,29.0,28.0,22.5,19667.0,348.0,89595.0,28.5,40.0,29.0,1.0,29.5,29.0,31.0,16.0,33.5,7.0,28.0,24.0,27.5,10.0,27.0,6.0,26.5,55.0,26.0,23.0
2023-04-27 21:03:47.25,1682600627250000000,29.0,28.0,22.5,19677.0,358.0,92395.0,28.5,22.0,29.0,1.0,29.5,47.0,31.0,16.0,33.5,7.0,28.0,14.0,27.5,10.0,27.0,6.0,26.5,55.0,26.0,23.0
2023-04-27 21:03:47.5,1682600627500000000,29.0,28.0,22.5,19677.0,358.0,92395.0,28.5,22.0,29.0,10.0,29.5,29.0,31.0,16.0,33.5,7.0,28.0,5.0,27.5,10.0,27.0,6.0,26.5,37.0,26.0,23.0
2023-04-27 21:03:49.25,1682600629250000000,29.0,28.0,22.5,19677.0,358.0,92395.0,28.5,22.0,29.0,10.0,29.5,29.0,31.0,16.0,33.5,7.0,28.0,9.0,27.5,10.0,27.0,6.0,26.5,37.0,26.0,23.0
2023-04-27 21:03:50.25,1682600630250000000,29.0,28.0,22.5,19677.0,358.0,92395.0,28.5,22.0,29.0,10.0,29.5,29.0,31.0,16.0,33.5,7.0,28.0,9.0,27.5,10.0,27.0,1.0,26.5,37.0,26.0,23.0
2023-04-27 21:03:56.5,1682600636500000000,29.0,28.0,22.5,19677.0,358.0,92395.0,28.5,22.0,29.0,10.0,29.5,29.0,31.0,16.0,33.5,7.0,28.0,9.0,27.5,10.0,27.0,1.0,26.5,26.0,26.0,23.0
2023-04-27 21:04:00.0,1682600640000000000,29.0,28.0,22.5,19677.0,358.0,92395.0,28.5,22.0,29.0,28.0,29.5,29.0,31.0,16.0,33.5,7.0,28.0,9.0,27.5,10.0,27.0,1.0,26.5,26.0,26.0,41.0
2023-04-27 21:04:00.25,1682600640250000000,29.0,28.0,22.5,19677.0,358.0,92395.0,28.5,15.0,29.0,28.0,29.5,29.0,31.0,16.0,33.5,7.0,28.0,9.0,27.5,10.0,27.0,1.0,26.5,26.0,26.0,41.0
2023-04-27 21:04:02.25,1682600642250000000,29.0,28.0,22.5,19677.0,358.0,92395.0,28.5,15.0,29.0,28.0,29.5,29.0,31.0,16.0,33.5,7.0,28.0,18.0,27.5,10.0,27.0,1.0,26.5,44.0,26.0,23.0
2023-04-27 21:04:02.5,1682600642500000000,29.0,28.0,22.5,19677.0,358.0,92395.0,28.5,15.0,29.0,19.0,29.5,29.0,31.0,16.0,33.5,7.0,28.0,18.0,27.5,10.0,27.0,19.0,26.5,26.0,26.0,23.0
2023-04-27 21:04:03.0,1682600643000000000,29.0,28.0,22.5,19677.0,358.0,92395.0,28.5,8.0,29.0,19.0,29.5,29.0,31.0,16.0,33.5,7.0,28.0,18.0,27.5,10.0,27.0,19.0,26.5,26.0,26.0,23.0
2023-04-27 21:04:03.25,1682600643250000000,29.0,28.0,22.5,19677.0,358.0,92395.0,28.5,8.0,29.0,1.0,29.5,29.0,31.0,16.0,33.5,7.0,28.0,18.0,27.5,10.0,27.0,1.0,26.5,26.0,26.0,23.0
2023-04-27 21:04:05.0,1682600645000000000,29.0,28.0,22.5,19677.0,358.0,92395.0,28.5,1.0,29.0,1.0,29.5,29.0,31.0,16.0,33.5,7.0,28.0,18.0,27.5,10.0,27.0,1.0,26.5,26.0,26.0,23.0
2023-04-27 21:04:06.0,1682600646000000000,29.0,28.5,22.5,19677.0,359.0,92680.0,29.0,1.0,29.5,29.0,31.0,16.0,33.5,7.0,40.0,2.0,28.0,18.0,27.5,10.0,27.0,1.0,26.5,26.0,26.0,23.0
2023-04-27 21:04:06.25,1682600646250000000,29.0,28.5,22.5,19677.0,359.0,92680.0,29.0,1.0,29.5,19.0,30.5,10.0,31.0,16.0,33.5,7.0,28.0,18.0,27.5,10.0,27.0,1.0,26.5,36.0,26.0,23.0
2023-04-27 21:04:07.25,1682600647250000000,29.0,28.5,22.5,19677.0,359.0,92680.0,29.0,1.0,29.5,20.0,30.5,10.0,31.0,16.0,33.5,7.0,28.0,18.0,27.5,10.0,27.0,1.0,26.5,37.0,26.0,23.0
2023-04-27 21:04:08.75,1682600648750000000,29.0,28.5,22.5,19677.0,359.0,92680.0,29.0,1.0,29.5,20.0,30.5,10.0,31.0,16.0,32.5,2.0,28.0,18.0,27.5,10.0,27.0,1.0,26.5,37.0,26.0,23.0
2023-04-27 21:04:09.0,1682600649000000000,29.0,28.5,22.5,19677.0,359.0,92680.0,28.5,10.0,29.0,1.0,29.5,10.0,30.5,10.0,31.0,16.0,28.0,18.0,27.5,10.0,27.0,1.0,26.5,37.0,26.0,23.0
2023-04-27 21:04:09.75,1682600649750000000,29.0,28.5,22.5,19682.0,364.0,94105.0,29.0,11.0,29.5,10.0,30.5,10.0,31.0,16.0,32.5,2.0,28.0,18.0,27.5,10.0,27.0,1.0,26.5,42.0,26.0,23.0
2023-04-27 21:04:11.5,1682600651500000000,29.0,28.5,22.5,19682.0,364.0,94105.0,29.0,18.0,29.5,10.0,30.5,10.0,31.0,16.0,32.5,2.0,28.0,18.0,27.5,10.0,27.0,1.0,26.5,42.0,26.0,23.0
2023-04-27 21:04:12.25,1682600652250000000,29.0,28.5,22.5,19682.0,364.0,94105.0,29.0,27.0,29.5,10.0,30.5,10.0,31.0,16.0,32.5,2.0,28.0,9.0,27.5,10.0,27.0,1.0,26.5,42.0,26.0,23.0
2023-04-27 21:04:12.5,1682600652500000000,29.0,28.5,22.5,19682.0,364.0,94105.0,29.0,27.0,29.5,27.0,30.0,1.0,30.5,10.0,31.0,16.0,28.0,9.0,27.5,10.0,27.0,2.0,26.5,59.0,26.0,23.0
2023-04-27 21:04:13.0,1682600653000000000,29.0,28.5,22.5,19682.0,364.0,94105.0,29.0,27.0,29.5,27.0,30.0,1.0,30.5,10.0,31.0,16.0,28.5,1.0,28.0,9.0,27.5,10.0,27.0,2.0,26.5,59.0
2023-04-27 21:04:13.5,1682600653500000000,29.0,28.5,22.5,19682.0,364.0,94105.0,29.0,27.0,29.5,10.0,30.5,10.0,31.0,16.0,32.5,2.0,28.5,1.0,28.0,9.0,27.5,10.0,27.0,1.0,26.5,42.0
2023-04-27 21:04:13.75,1682600653750000000,29.0,28.5,22.5,19683.0,365.0,94390.0,28.5,5.0,29.0,27.0,29.5,10.0,30.5,10.0,31.0,16.0,28.0,9.0,27.5,10.0,27.0,1.0,26.5,42.0,26.0,23.0
2023-04-27 21:04:14.25,1682600654250000000,29.0,28.5,22.5,19683.0,365.0,94390.0,28.5,6.0,29.0,27.0,29.5,10.0,30.5,10.0,31.0,16.0,28.0,9.0,27.5,10.0,27.0,1.0,26.5,42.0,26.0,23.0
2023-04-27 21:04:14.75,1682600654750000000,29.0,28.5,22.5,19683.0,365.0,94390.0,28.5,6.0,29.0,45.0,29.5,10.0,30.5,10.0,31.0,16.0,28.0,9.0,27.5,10.0,27.0,1.0,26.5,60.0,26.0,23.0
2023-04-27 21:04:17.25,1682600657250000000,29.0,28.5,22.5,19683.0,365.0,94390.0,28.5,6.0,29.0,45.0,29.5,10.0,30.5,10.0,31.0,16.0,28.0,9.0,27.5,10.0,27.0,19.0,26.5,42.0,26.0,23.0
2023-04-27 21:04:23.5,1682600663500000000,29.0,28.5,22.5,19683.0,365.0,94390.0,28.5,6.0,29.0,27.0,29.5,10.0,30.5,10.0,31.0,16.0,28.0,9.0,27.5,10.0,27.0,1.0,26.5,42.0,26.0,23.0
2023-04-27 21:04:25.0,1682600665000000000,29.0,28.5,22.5,19683.0,365.0,94390.0,28.5,6.0,29.0,45.0,29.5,10.0,30.5,10.0,31.0,16.0,28.0,9.0,27.5,10.0,27.0,1.0,26.5,60.0,26.0,23.0
2023-04-27 21:04:26.0,1682600666000000000,29.0,28.5,22.5,19683.0,365.0,94390.0,28.5,6.0,29.0,45.0,29.5,10.0,30.5,10.0,31.0,16.0,28.0,9.0,27.5,10.0,27.0,19.0,26.5,42.0,26.0,23.0
2023-04-27 21:04:26.25,1682600666250000000,29.0,28.5,22.5,19683.0,365.0,94390.0,28.5,6.0,29.0,45.0,29.5,10.0,30.5,10.0,31.0,16.0,28.0,9.0,27.5,10.0,27.0,19.0,26.5,36.0,26.0,23.0
2023-04-27 21:04:28.5,1682600668500000000,29.0,28.5,22.5,19683.0,365.0,94390.0,28.5,6.0,29.0,45.0,29.5,10.0,30.5,10.0,31.0,16.0,28.0,9.0,27.5,10.0,27.0,1.0,26.5,54.0,26.0,23.0
2023-04-27 21:04:28.75,1682600668750000000,29.0,28.5,22.5,19683.0,365.0,94390.0,28.5,6.0,29.0,46.0,29.5,9.0,30.5,10.0,31.0,16.0,28.0,9.0,27.5,10.0,27.0,19.0,26.5,36.0,26.0,23.0
2023-04-27 21:04:32.5,1682600672500000000,29.0,28.5,22.5,19683.0,365.0,94390.0,28.5,6.0,29.0,45.0,29.5,10.0,30.5,10.0,31.0,16.0,28.0,9.0,27.5,10.0,27.0,1.0,26.5,54.0,26.0,23.0
2023-04-27 21:04:34.75,1682600674750000000,29.0,28.5,22.5,19683.0,365.0,94390.0,28.5,1.0,29.0,45.0,29.5,10.0,30.5,10.0,31.0,16.0,28.0,9.0,27.5,10.0,27.0,19.0,26.5,36.0,26.0,23.0
2023-04-27 21:04:35.0,1682600675000000000,29.0,28.0,22.5,19683.0,370.0,95790.0,28.5,1.0,29.0,45.0,29.5,10.0,30.5,10.0,31.0,16.0,28.0,4.0,27.5,10.0,27.0,19.0,26.5,36.0,26.0,23.0
2023-04-27 21:04:38.25,1682600678250000000,29.0,28.0,22.5,19683.0,370.0,95790.0,28.5,1.0,29.0,46.0,29.5,9.0,30.5,10.0,31.0,16.0,28.0,4.0,27.5,10.0,27.0,19.0,26.5,35.0,26.0,25.0
2023-04-27 21:04:39.75,1682600679750000000,29.0,28.0,22.5,19683.0,374.0,96910.0,28.0,1.0,28.5,1.0,29.0,46.0,29.5,9.0,30.5,10.0,27.5,10.0,27.0,19.0,26.5,35.0,26.0,25.0,25.5,10.0
2023-04-27 21:04:40.0,1682600680000000000,29.0,28.0,22.5,19682.0,375.0,97190.0,28.5,1.0,29.0,46.0,29.5,9.0,30.5,10.0,31.0,16.0,27.5,10.0,27.0,19.0,26.5,35.0,26.0,25.0,25.5,10.0
2023-04-27 21:04:40.25,1682600680250000000,29.0,28.0,22.5,19682.0,375.0,97190.0,28.0,2.0,28.5,1.0,29.0,46.0,29.5,9.0,30.5,10.0,27.5,10.0,27.0,19.0,26.5,35.0,26.0,25.0,25.5,10.0
2023-04-27 21:04:40.5,1682600680500000000,29.0,28.0,22.5,19680.0,377.0,97750.0,28.5,1.0,29.0,45.0,29.5,10.0,30.5,10.0,31.0,16.0,27.5,10.0,27.0,19.0,26.5,35.0,26.0,25.0,25.5,11.0
2023-04-27 21:04:41.5,1682600681500000000,29.0,28.0,22.5,19680.0,377.0,97750.0,28.5,1.0,29.0,46.0,29.5,9.0,30.5,10.0,31.0,16.0,27.5,10.0,27.0,19.0,26.5,35.0,26.0,23.0,25.5,10.0
2023-04-27 21:04:43.25,1682600683250000000,29.0,28.0,22.5,19680.0,377.0,97750.0,28.5,1.0,29.0,70.0,29.5,10.0,30.5,10.0,31.0,16.0,27.5,10.0,27.0,19.0,26.5,35.0,26.0,23.0,25.5,11.0
2023-04-27 21:04:45.25,1682600685250000000,29.0,28.0,22.5,19680.0,377.0,97750.0,28.5,1.0,29.0,70.0,29.5,10.0,30.5,10.0,31.0,16.0,28.0,9.0,27.5,10.0,27.0,19.0,26.5,35.0,26.0,23.0
2023-04-27 21:04:47.0,1682600687000000000,29.0,28.5,22.5,19680.0,378.0,98035.0,29.0,70.0,29.5,10.0,30.5,10.0,31.0,16.0,32.5,2.0,28.5,9.0,28.0,9.0,27.5,28.0,27.0,1.0,26.5,35.0
2023-04-27 21:04:47.25,1682600687250000000,29.0,28.5,22.5,19680.0,381.0,98890.0,29.0,70.0,29.5,10.0,30.5,10.0,31.0,16.0,32.5,2.0,28.5,6.0,28.0,9.0,27.5,28.0,27.0,1.0,26.5,35.0
2023-04-27 21:04:49.25,1682600689250000000,29.0,28.5,22.5,19680.0,381.0,98890.0,29.0,70.0,29.5,10.0,30.5,10.0,31.0,16.0,32.5,2.0,28.5,6.0,27.5,28.0,27.0,1.0,26.5,35.0,26.0,23.0
2023-04-27 21:04:49.5,1682600689500000000,29.0,28.5,22.5,19680.0,381.0,98890.0,29.0,70.0,29.5,10.0,30.5,10.0,31.0,16.0,32.5,2.0,28.5,6.0,27.5,10.0,27.0,19.0,26.5,35.0,26.0,23.0
2023-04-27 21:04:52.5,1682600692500000000,29.0,28.5,22.5,19680.0,381.0,98890.0,29.0,70.0,29.5,10.0,30.5,10.0,31.0,16.0,32.5,2.0,28.5,6.0,27.5,28.0,27.0,1.0,26.5,35.0,26.0,23.0
2023-04-27 21:04:52.75,1682600692750000000,29.0,28.5,22.5,19680.0,387.0,100600.0,28.5,14.0,29.0,70.0,29.5,9.0,30.0,1.0,30.5,10.0,27.5,28.0,27.0,1.0,26.5,35.0,26.0,24.0,25.5,10.0
2023-04-27 21:04:53.0,1682600693000000000,29.0,28.5,22.5,19680.0,387.0,100600.0,28.5,14.0,29.0,70.0,29.5,9.0,30.0,1.0,30.5,10.0,27.5,10.0,27.0,19.0,26.5,35.0,26.0,24.0,25.5,10.0
2023-04-27 21:04:57.75,1682600697750000000,29.0,28.5,22.5,19680.0,387.0,100600.0,28.5,32.0,29.0,52.0,29.5,9.0,30.0,1.0,30.5,10.0,27.5,10.0,27.0,19.0,26.5,35.0,26.0,24.0,25.5,10.0
2023-04-27 21:04:58.0,1682600698000000000,29.0,28.5,22.5,19680.0,387.0,100600.0,28.5,14.0,29.0,70.0,29.5,9.0,30.0,1.0,30.5,10.0,27.5,10.0,27.0,19.0,26.5,35.0,26.0,24.0,25.5,10.0
2023-04-27 21:04:58.5,1682600698500000000,29.0,28.5,22.5,19680.0,387.0,100600.0,28.5,14.0,29.0,70.0,29.5,9.0,30.0,1.0,30.5,10.0,27.5,28.0,27.0,1.0,26.5,35.0,26.0,24.0,25.5,10.0
2023-04-27 21:05:00.5,1682600700500000000,29.0,28.5,22.5,19680.0,387.0,100600.0,28.5,24.0,29.0,70.0,29.5,9.0,30.0,1.0,30.5,10.0,27.5,28.0,27.0,11.0,26.5,35.0,26.0,24.0,25.5,10.0
2023-04-27 21:05:01.0,1682600701000000000,29.0,28.5,22.5,19680.0,387.0,100600.0,28.5,24.0,29.0,70.0,29.5,9.0,30.0,1.0,30.5,10.0,27.5,10.0,27.0,29.0,26.5,35.0,26.0,24.0,25.5,10.0
2023-04-27 21:05:02.0,1682600702000000000,29.0,28.5,22.5,19680.0,387.0,100600.0,28.5,24.0,29.0,70.0,29.5,9.0,30.0,1.0,30.5,10.0,28.0,9.0,27.5,28.0,27.0,11.0,26.5,35.0,26.0,25.0
2023-04-27 21:05:02.25,1682600702250000000,29.0,28.5,22.5,19680.0,387.0,100600.0,28.5,24.0,29.0,52.0,29.5,9.0,30.0,1.0,30.5,10.0,28.0,9.0,27.5,10.0,27.0,11.0,26.5,35.0,26.0,25.0
2023-04-27 21:05:03.75,1682600703750000000,29.0,28.5,22.5,19680.0,387.0,100600.0,28.5,24.0,29.0,70.0,29.5,9.0,30.0,1.0,30.5,10.0,28.0,9.0,27.5,10.0,27.0,29.0,26.5,35.0,26.0,25.0
2023-04-27 21:05:07.25,1682600707250000000,29.0,28.5,22.5,19680.0,387.0,100600.0,28.5,42.0,29.0,52.0,29.5,9.0,30.0,1.0,30.5,10.0,28.0,9.0,27.5,10.0,27.0,29.0,26.5,35.0,26.0,25.0
2023-04-27 21:05:08.5,1682600708500000000,29.0,28.5,22.5,19680.0,387.0,100600.0,28.5,42.0,29.0,52.0,29.5,9.0,30.0,1.0,30.5,10.0,28.0,9.0,27.5,21.0,27.0,29.0,26.5,35.0,26.0,25.0
2023-04-27 21:05:09.0,1682600709000000000,29.0,28.0,22.5,19680.0,393.0,102280.0,28.5,42.0,29.0,52.0,29.5,9.0,30.0,1.0,30.5,10.0,28.0,3.0,27.5,21.0,27.0,29.0,26.5,35.0,26.0,25.0
2023-04-27 21:05:09.25,1682600709250000000,29.0,28.0,22.5,19680.0,396.0,103120.0,28.5,42.0,29.0,52.0,29.5,9.0,30.0,1.0,30.5,10.0,27.5,21.0,27.0,29.0,26.5,35.0,26.0,25.0,25.5,10.0
2023-04-27 21:05:11.5,1682600711500000000,29.0,27.5,22.5,19681.0,402.0,104770.0,28.5,42.0,29.0,52.0,29.5,9.0,30.0,1.0,30.5,10.0,27.5,15.0,27.0,29.0,26.5,35.0,26.0,25.0,25.5,10.0
2023-04-27 21:05:11.75,1682600711750000000,29.0,27.5,22.5,19683.0,408.0,106420.0,28.5,42.0,29.0,52.0,29.5,9.0,30.0,1.0,30.5,10.0,27.5,9.0,27.0,38.0,26.5,35.0,26.0,25.0,25.5,10.0
2023-04-27 21:05:12.25,1682600712250000000,29.0,27.5,22.5,19689.0,414.0,108070.0,28.5,42.0,29.0,52.0,29.5,9.0,30.0,1.0,30.5,10.0,27.5,3.0,27.0,38.0,26.5,35.0,26.0,25.0,25.5,10.0
2023-04-27 21:05:12.5,1682600712500000000,29.0,27.5,22.5,19692.0,417.0,108895.0,28.5,42.0,29.0,52.0,29.5,9.0,30.0,1.0,30.5,10.0,27.0,38.0,26.5,35.0,26.0,25.0,25.5,10.0,25.0,70.0
2023-04-27 21:05:13.0,1682600713000000000,29.0,27.5,22.5,19692.0,417.0,108895.0,28.5,42.0,29.0,52.0,29.5,9.0,30.5,31.0,31.0,16.0,27.0,38.0,26.5,36.0,26.0,24.0,25.5,10.0,25.0,70.0
2023-04-27 21:05:13.75,1682600713750000000,29.0,27.5,22.5,19692.0,417.0,108895.0,28.5,42.0,29.0,52.0,29.5,9.0,30.5,31.0,31.0,16.0,27.5,9.0,27.0,38.0,26.5,36.0,26.0,24.0,25.5,10.0
2023-04-27 21:05:14.25,1682600714250000000,29.0,27.5,22.5,19692.0,417.0,108895.0,28.5,32.0,29.0,62.0,29.5,9.0,30.5,31.0,31.0,16.0,27.5,19.0,27.0,28.0,26.5,36.0,26.0,24.0,25.5,10.0
2023-04-27 21:05:17.25,1682600717250000000,29.0,27.5,22.5,19685.0,424.0,110820.0,28.5,41.0,29.0,62.0,30.5,31.0,31.0,16.0,32.5,2.0,27.5,10.0,27.0,28.0,26.5,36.0,26.0,24.0,25.5,10.0
2023-04-27 21:05:20.25,1682600720250000000,29.0,28.5,22.5,19675.0,434.0,113670.0,28.5,31.0,29.0,62.0,30.5,31.0,31.0,16.0,32.5,2.0,27.5,10.0,27.0,28.0,26.5,36.0,26.0,24.0,25.5,10.0
2023-04-27 21:05:22.5,1682600722500000000,29.0,28.5,22.5,19675.0,434.0,113670.0,28.5,31.0,29.0,62.0,30.5,31.0,31.0,16.0,32.5,2.0,27.5,19.0,27.0,28.0,26.5,36.0,26.0,24.0,25.5,10.0
2023-04-27 21:05:24.5,1682600724500000000,29.0,28.5,22.5,19675.0,434.0,113670.0,28.5,31.0,29.0,62.0,30.5,11.0,31.0,16.0,32.5,2.0,27.5,19.0,27.0,28.0,26.5,36.0,26.0,24.0,25.5,10.0
2023-04-27 21:05:25.0,1682600725000000000,29.0,28.5,22.5,19675.0,434.0,113670.0,28.5,31.0,29.0,62.0,30.5,11.0,31.0,36.0,32.5,2.0,27.5,19.0,27.0,28.0,26.5,36.0,26.0,24.0,25.5,10.0
2023-04-27 21:05:26.0,1682600726000000000,29.0,28.5,22.5,19675.0,434.0,113670.0,28.0,30.0,28.5,32.0,29.0,62.0,30.5,11.0,31.0,36.0,27.5,19.0,27.0,28.0,26.5,36.0,26.0,24.0,25.5,10.0
2023-04-27 21:05:26.5,1682600726500000000,29.0,28.5,22.5,19675.0,434.0,113670.0,28.0,30.0,28.5,32.0,29.0,62.0,30.5,10.0,31.0,17.0,27.5,20.0,27.0,28.0,26.5,35.0,26.0,24.0,25.5,10.0
2023-04-27 21:05:26.75,1682600726750000000,29.0,28.5,22.5,19675.0,434.0,113670.0,28.0,30.0,28.5,32.0,29.0,62.0,30.5,10.0,31.0,17.0,27.5,20.0,27.0,10.0,26.5,53.0,26.0,24.0,25.5,10.0
2023-04-27 21:05:27.25,1682600727250000000,29.0,28.5,22.5,19675.0,434.0,113670.0,28.0,30.0,28.5,32.0,29.0,62.0,30.5,10.0,31.0,17.0,27.5,20.0,27.0,28.0,26.5,35.0,26.0,24.0,25.5,10.0
2023-04-27 21:05:28.0,1682600728000000000,29.0,28.5,22.5,19675.0,434.0,113670.0,28.0,30.0,28.5,32.0,29.0,62.0,30.5,10.0,31.0,17.0,27.5,20.0,27.0,10.0,26.5,53.0,26.0,24.0,25.5,10.0
2023-04-27 21:05:28.25,1682600728250000000,29.0,28.5,22.5,19675.0,434.0,113670.0,28.0,48.0,28.5,14.0,29.0,62.0,30.5,10.0,31.0,17.0,27.5,20.0,27.0,10.0,26.5,53.0,26.0,24.0,25.5,10.0
2023-04-27 21:05:29.75,1682600729750000000,29.0,28.5,22.5,19675.0,434.0,113670.0,28.0,30.0,28.5,32.0,29.0,62.0,30.5,10.0,31.0,17.0,27.5,20.0,27.0,10.0,26.5,53.0,26.0,24.0,25.5,10.0
2023-04-27 21:05:30.5,1682600730500000000,29.0,28.5,22.5,19675.0,434.0,113670.0,28.0,30.0,28.5,32.0,29.0,62.0,30.5,10.0,31.0,17.0,27.5,20.0,27.0,28.0,26.5,35.0,26.0,24.0,25.5,10.0
2023-04-27 21:05:31.0,1682600731000000000,29.0,28.5,22.5,19675.0,434.0,113670.0,28.0,30.0,28.5,32.0,29.0,62.0,30.5,30.0,31.0,17.0,27.5,20.0,27.0,28.0,26.5,35.0,26.0,24.0,25.5,10.0
2023-04-27 21:05:31.5,1682600731500000000,29.0,28.5,22.5,19675.0,434.0,113670.0,28.0,48.0,28.5,14.0,29.0,62.0,30.5,30.0,31.0,17.0,27.5,11.0,27.0,10.0,26.5,53.0,26.0,24.0,25.5,10.0
2023-04-27 21:05:31.75,1682600731750000000,29.0,28.5,22.5,19675.0,434.0,113670.0,28.0,57.0,28.5,14.0,29.0,53.0,30.5,30.0,31.0,17.0,27.5,11.0,27.0,10.0,26.5,35.0,26.0,42.0,25.5,10.0
2023-04-27 21:05:32.0,1682600732000000000,29.0,28.5,22.5,19675.0,434.0,113670.0,28.0,57.0,28.5,14.0,29.0,53.0,29.5,20.0,30.5,10.0,27.5,11.0,27.0,10.0,26.5,35.0,26.0,42.0,25.5,10.0
2023-04-27 21:05:32.25,1682600732250000000,29.0,28.5,22.5,19675.0,434.0,113670.0,28.0,57.0,28.5,14.0,29.0,53.0,29.5,20.0,30.5,10.0,27.5,11.0,27.0,10.0,26.5,53.0,26.0,24.0,25.5,10.0
2023-04-27 21:05:33.5,1682600733500000000,29.0,28.5,22.5,19675.0,434.0,113670.0,28.0,39.0,28.5,14.0,29.0,53.0,29.5,20.0,30.5,10.0,27.5,11.0,27.0,10.0,26.5,35.0,26.0,24.0,25.5,10.0
2023-04-27 21:05:34.0,1682600734000000000,29.0,28.5,22.5,19675.0,434.0,113670.0,28.0,39.0,28.5,14.0,29.0,73.0,30.5,10.0,31.0,17.0,27.5,11.0,27.0,10.0,26.5,35.0,26.0,24.0,25.5,10.0
2023-04-27 21:05:34.25,1682600734250000000,29.0,28.5,22.5,19675.0,434.0,113670.0,28.0,48.0,28.5,14.0,29.0,73.0,30.5,10.0,31.0,17.0,27.5,11.0,27.0,10.0,26.5,53.0,26.0,24.0,25.5,10.0
2023-04-27 21:05:37.0,1682600737000000000,29.0,28.5,22.5,19675.0,434.0,113670.0,28.0,48.0,28.5,14.0,29.0,53.0,30.5,10.0,31.0,17.0,27.5,11.0,27.0,10.0,26.5,53.0,26.0,24.0,25.5,10.0
2023-04-27 21:05:37.5,1682600737500000000,29.0,28.5,22.5,19675.0,434.0,113670.0,28.0,48.0,28.5,14.0,29.0,73.0,30.5,10.0,31.0,17.0,27.5,11.0,27.0,10.0,26.5,53.0,26.0,24.0,25.5,10.0
2023-04-27 21:05:38.75,1682600738750000000,29.0,28.5,22.5,19675.0,434.0,113670.0,28.0,57.0,28.5,14.0,29.0,73.0,30.5,10.0,31.0,17.0,27.5,11.0,27.0,10.0,26.5,35.0,26.0,42.0,25.5,10.0
2023-04-27 21:05:39.25,1682600739250000000,29.0,28.5,22.5,19675.0,434.0,113670.0,28.0,57.0,28.5,14.0,29.0,73.0,30.5,10.0,31.0,17.0,27.5,11.0,27.0,10.0,26.5,53.0,26.0,24.0,25.5,10.0
2023-04-27 21:05:40.75,1682600740750000000,29.0,28.0,22.5,19675.0,435.0,113950.0,28.0,56.0,28.5,14.0,29.0,73.0,30.5,10.0,31.0,17.0,27.5,11.0,27.0,10.0,26.5,53.0,26.0,24.0,25.5,10.0
2023-04-27 21:05:45.25,1682600745250000000,29.0,28.0,22.5,19675.0,435.0,113950.0,28.0,47.0,28.5,34.0,29.0,53.0,30.5,10.0,31.0,17.0,27.5,12.0,27.0,10.0,26.5,53.0,26.0,24.0,25.5,10.0
2023-04-27 21:05:45.5,1682600745500000000,29.0,28.0,22.5,19675.0,435.0,113950.0,28.0,29.0,28.5,52.0,29.0,53.0,30.5,10.0,31.0,17.0,27.5,12.0,27.0,28.0,26.5,35.0,26.0,24.0,25.5,10.0
2023-04-27 21:05:46.0,1682600746000000000,29.0,28.0,22.5,19675.0,435.0,113950.0,28.0,29.0,28.5,14.0,29.0,53.0,30.5,10.0,31.0,17.0,27.5,12.0,27.0,10.0,26.5,35.0,26.0,24.0,25.5,10.0
2023-04-27 21:05:48.0,1682600748000000000,29.0,28.0,22.5,19675.0,435.0,113950.0,28.0,47.0,28.5,14.0,29.0,53.0,30.5,10.0,31.0,17.0,27.5,12.0,27.0,10.0,26.5,53.0,26.0,24.0,25.5,10.0
2023-04-27 21:05:48.75,1682600748750000000,29.0,28.0,22.5,19675.0,435.0,113950.0,28.0,47.0,28.5,34.0,29.0,53.0,30.5,10.0,31.0,17.0,27.5,12.0,27.0,10.0,26.5,53.0,26.0,24.0,25.5,10.0
2023-04-27 21:05:50.5,1682600750500000000,29.0,28.0,22.5,19675.0,435.0,113950.0,28.0,47.0,28.5,14.0,29.0,53.0,29.5,20.0,30.5,10.0,27.5,12.0,27.0,10.0,26.5,53.0,26.0,24.0,25.5,10.0
2023-04-27 21:05:52.5,1682600752500000000,29.0,28.0,22.5,19675.0,435.0,113950.0,28.0,47.0,28.5,14.0,29.0,53.0,29.5,20.0,30.5,10.0,27.5,12.0,27.0,10.0,26.5,53.0,26.0,25.0,25.5,10.0
2023-04-27 21:05:54.25,1682600754250000000,29.0,28.0,22.5,19675.0,435.0,113950.0,28.0,47.0,28.5,14.0,29.0,53.0,29.5,20.0,30.5,10.0,27.5,11.0,27.0,10.0,26.5,53.0,26.0,25.0,25.5,10.0
2023-04-27 21:05:58.75,1682600758750000000,29.0,28.0,22.5,19675.0,435.0,113950.0,28.0,47.0,28.5,14.0,29.0,53.0,29.5,20.0,30.5,10.0,27.5,11.0,27.0,10.0,26.5,35.0,26.0,43.0,25.5,10.0
2023-04-27 21:06:00.0,1682600760000000000,29.0,28.0,22.5,19675.0,435.0,113950.0,28.0,47.0,28.5,14.0,29.0,53.0,29.5,20.0,30.0,1.0,27.5,10.0,27.0,10.0,26.5,35.0,26.0,44.0,25.5,10.0
2023-04-27 21:06:00.75,1682600760750000000,29.0,28.0,22.5,19675.0,435.0,113950.0,28.0,47.0,28.5,14.0,29.0,53.0,29.5,20.0,30.0,1.0,27.5,10.0,27.0,10.0,26.5,53.0,26.0,26.0,25.5,10.0
2023-04-27 21:06:01.25,1682600761250000000,29.0,28.0,22.5,19675.0,435.0,113950.0,28.0,47.0,28.5,14.0,29.0,53.0,29.5,20.0,30.0,1.0,27.5,10.0,27.0,10.0,26.5,35.0,26.0,44.0,25.5,10.0
2023-04-27 21:06:02.0,1682600762000000000,29.0,28.0,22.5,19675.0,435.0,113950.0,28.0,47.0,28.5,10.0,29.0,53.0,29.5,20.0,30.0,1.0,27.5,10.0,27.0,10.0,26.5,35.0,26.0,44.0,25.5,10.0
2023-04-27 21:06:02.25,1682600762250000000,29.0,28.0,22.5,19675.0,435.0,113950.0,28.0,47.0,28.5,10.0,29.0,73.0,30.0,1.0,30.5,10.0,27.5,10.0,27.0,10.0,26.5,35.0,26.0,44.0,25.5,10.0
2023-04-27 21:06:03.75,1682600763750000000,29.0,28.0,22.5,19675.0,435.0,113950.0,28.0,47.0,28.5,10.0,29.0,73.0,30.0,1.0,30.5,10.0,27.5,10.0,27.0,10.0,26.5,53.0,26.0,26.0,25.5,10.0
2023-04-27 21:06:04.5,1682600764500000000,29.0,28.0,22.5,19675.0,435.0,113950.0,28.0,47.0,28.5,10.0,29.0,73.0,30.0,1.0,30.5,10.0,27.5,10.0,27.0,10.0,26.5,35.0,26.0,44.0,25.5,10.0
2023-04-27 21:06:05.0,1682600765000000000,29.0,27.5,22.5,19672.0,438.0,114775.0,28.0,47.0,28.5,10.0,29.0,73.0,30.0,1.0,30.5,10.0,27.5,7.0,27.0,10.0,26.5,35.0,26.0,44.0,25.5,10.0
2023-04-27 21:06:08.0,1682600768000000000,29.0,27.5,22.5,19672.0,438.0,114775.0,28.0,57.0,28.5,10.0,29.0,63.0,30.0,1.0,30.5,10.0,27.5,10.0,27.0,10.0,26.5,35.0,26.0,44.0,25.5,10.0
2023-04-27 21:06:08.25,1682600768250000000,29.0,27.5,22.5,19672.0,438.0,114775.0,28.0,57.0,28.5,10.0,29.0,63.0,30.0,1.0,30.5,10.0,27.0,20.0,26.5,35.0,26.0,44.0,25.5,10.0,25.0,70.0
2023-04-27 21:06:08.5,1682600768500000000,29.0,27.5,22.5,19672.0,438.0,114775.0,28.0,57.0,28.5,10.0,29.0,63.0,29.5,10.0,30.0,1.0,27.0,20.0,26.5,25.0,26.0,44.0,25.5,20.0,25.0,70.0
2023-04-27 21:06:09.0,1682600769000000000,29.0,27.5,22.5,19672.0,438.0,114775.0,28.0,57.0,28.5,10.0,29.0,63.0,29.5,10.0,30.0,1.0,27.0,20.0,26.5,25.0,26.0,26.0,25.5,38.0,25.0,70.0
2023-04-27 21:06:09.25,1682600769250000000,29.0,27.5,22.5,19672.0,438.0,114775.0,28.0,47.0,28.5,20.0,29.0,63.0,29.5,11.0,31.0,16.0,27.0,20.0,26.5,25.0,26.0,25.0,25.5,39.0,25.0,70.0
2023-04-27 21:06:10.5,1682600770500000000,29.0,27.5,22.5,19672.0,438.0,114775.0,28.0,47.0,28.5,10.0,29.0,43.0,29.5,11.0,30.0,20.0,27.0,10.0,26.5,25.0,26.0,25.0,25.5,39.0,25.0,70.0
2023-04-27 21:06:11.75,1682600771750000000,29.0,27.5,22.5,19672.0,438.0,114775.0,28.0,47.0,28.5,10.0,29.0,43.0,29.5,11.0,30.0,20.0,27.0,10.0,26.5,25.0,26.0,43.0,25.5,21.0,25.0,70.0
2023-04-27 21:06:12.75,1682600772750000000,29.0,28.0,22.5,19668.0,442.0,115895.0,28.0,43.0,28.5,10.0,29.0,43.0,29.5,11.0,30.0,20.0,27.0,10.0,26.5,25.0,26.0,43.0,25.5,21.0,25.0,70.0
2023-04-27 21:06:17.25,1682600777250000000,29.0,28.0,22.5,19668.0,442.0,115895.0,28.0,43.0,28.5,10.0,29.0,43.0,29.5,11.0,30.0,20.0,27.0,10.0,26.5,25.0,26.0,42.0,25.5,21.0,25.0,70.0
2023-04-27 21:06:18.25,1682600778250000000,29.0,28.0,22.5,19668.0,442.0,115895.0,28.0,43.0,28.5,10.0,29.0,53.0,29.5,11.0,30.0,20.0,27.0,10.0,26.5,25.0,26.0,52.0,25.5,21.0,25.0,70.0
2023-04-27 21:06:18.5,1682600778500000000,29.0,28.0,22.5,19668.0,442.0,115895.0,28.0,43.0,28.5,10.0,29.0,53.0,29.5,11.0,31.0,16.0,27.0,10.0,26.5,25.0,26.0,52.0,25.5,21.0,25.0,70.0
2023-04-27 21:06:19.0,1682600779000000000,29.0,28.0,22.5,19668.0,442.0,115895.0,28.0,43.0,28.5,10.0,29.0,43.0,29.5,20.0,30.0,1.0,27.5,9.0,27.0,10.0,26.5,43.0,26.0,35.0,25.5,20.0
2023-04-27 21:06:19.25,1682600779250000000,29.0,28.0,22.5,19668.0,442.0,115895.0,28.0,43.0,28.5,10.0,29.0,43.0,29.5,20.0,30.0,1.0,27.5,9.0,27.0,10.0,26.5,53.0,26.0,25.0,25.5,20.0
2023-04-27 21:06:20.5,1682600780500000000,29.0,28.0,22.5,19668.0,442.0,115895.0,28.0,43.0,28.5,10.0,29.0,43.0,29.5,20.0,30.0,1.0,27.5,9.0,27.0,10.0,26.5,25.0,26.0,53.0,25.5,20.0
2023-04-27 21:06:23.0,1682600783000000000,29.0,28.0,22.5,19668.0,442.0,115895.0,28.0,43.0,28.5,10.0,29.0,43.0,29.5,21.0,31.0,16.0,27.5,9.0,27.0,10.0,26.5,25.0,26.0,52.0,25.5,21.0
2023-04-27 21:06:25.25,1682600785250000000,29.0,28.0,22.5,19668.0,442.0,115895.0,28.0,43.0,28.5,10.0,29.0,43.0,29.5,20.0,30.0,1.0,27.5,9.0,27.0,10.0,26.5,53.0,26.0,25.0,25.5,20.0
2023-04-27 21:06:25.5,1682600785500000000,29.0,28.0,22.5,19668.0,442.0,115895.0,28.0,43.0,28.5,10.0,29.0,43.0,29.5,20.0,30.0,1.0,27.5,9.0,27.0,10.0,26.5,25.0,26.0,53.0,25.5,20.0
2023-04-27 21:06:25.75,1682600785750000000,29.0,28.0,22.5,19668.0,442.0,115895.0,28.0,43.0,28.5,10.0,29.0,43.0,29.5,20.0,30.0,1.0,27.5,9.0,27.0,10.0,26.5,53.0,26.0,25.0,25.5,20.0
2023-04-27 21:06:26.5,1682600786500000000,29.0,28.0,22.5,19668.0,442.0,115895.0,28.0,43.0,28.5,10.0,29.0,43.0,29.5,20.0,30.0,1.0,27.5,9.0,27.0,10.0,26.5,25.0,26.0,53.0,25.5,20.0
2023-04-27 21:06:27.25,1682600787250000000,29.0,28.0,22.5,19668.0,442.0,115895.0,28.0,43.0,28.5,10.0,29.0,43.0,29.5,20.0,30.0,1.0,27.5,9.0,27.0,10.0,26.5,53.0,26.0,25.0,25.5,20.0
2023-04-27 21:06:29.25,1682600789250000000,29.0,28.0,22.5,19668.0,442.0,115895.0,28.0,43.0,28.5,1.0,29.0,52.0,29.5,10.0,30.0,11.0,27.5,9.0,27.0,10.0,26.5,53.0,26.0,25.0,25.5,20.0
2023-04-27 21:06:29.5,1682600789500000000,29.0,28.0,22.5,19668.0,442.0,115895.0,28.0,43.0,28.5,1.0,29.0,52.0,29.5,20.0,30.0,1.0,27.5,9.0,27.0,10.0,26.5,53.0,26.0,25.0,25.5,20.0
2023-04-27 21:06:32.0,1682600792000000000,29.0,28.0,22.5,19668.0,442.0,115895.0,28.0,43.0,28.5,1.0,29.0,52.0,29.5,20.0,30.0,1.0,27.5,9.0,27.0,10.0,26.5,43.0,26.0,35.0,25.5,20.0
2023-04-27 21:06:32.5,1682600792500000000,29.0,28.0,22.5,19668.0,442.0,115895.0,28.0,43.0,28.5,1.0,29.0,52.0,29.5,20.0,30.0,1.0,27.5,9.0,27.0,10.0,26.5,35.0,26.0,43.0,25.5,20.0
2023-04-27 21:06:35.5,1682600795500000000,29.0,27.5,22.5,19668.0,451.0,118370.0,27.5,1.0,28.0,43.0,28.5,1.0,29.0,52.0,29.5,20.0,27.0,10.0,26.5,25.0,26.0,53.0,25.5,20.0,25.0,70.0
2023-04-27 21:06:35.75,1682600795750000000,29.0,27.5,22.5,19668.0,452.0,118645.0,27.5,10.0,28.0,43.0,28.5,1.0,29.0,42.0,29.5,20.0,27.0,10.0,26.5,43.0,26.0,35.0,25.5,10.0,25.0,70.0
2023-04-27 21:06:36.0,1682600796000000000,29.0,27.5,22.5,19668.0,452.0,118645.0,27.5,28.0,28.0,25.0,28.5,1.0,29.0,42.0,29.5,20.0,27.0,10.0,26.5,25.0,26.0,53.0,25.5,10.0,25.0,70.0
2023-04-27 21:06:36.5,1682600796500000000,29.0,27.5,22.5,19668.0,452.0,118645.0,27.5,28.0,28.0,25.0,28.5,1.0,29.0,42.0,29.5,20.0,27.0,10.0,26.5,35.0,26.0,43.0,25.5,10.0,25.0,70.0
2023-04-27 21:06:36.75,1682600796750000000,29.0,27.5,22.5,19668.0,452.0,118645.0,27.5,28.0,28.0,25.0,28.5,1.0,29.0,42.0,29.5,20.0,27.0,10.0,26.5,25.0,26.0,53.0,25.5,10.0,25.0,70.0
2023-04-27 21:06:37.0,1682600797000000000,29.0,27.0,22.5,19669.0,462.0,121345.0,27.5,28.0,28.0,25.0,28.5,10.0,29.0,42.0,29.5,20.0,26.5,34.0,26.0,53.0,25.5,10.0,25.0,70.0,24.0,27.0
2023-04-27 21:06:37.5,1682600797500000000,29.0,27.0,22.5,19669.0,462.0,121345.0,27.0,10.0,27.5,28.0,28.0,25.0,28.5,10.0,29.0,42.0,26.5,34.0,26.0,53.0,25.5,10.0,25.0,70.0,24.0,27.0
2023-04-27 21:06:37.75,1682600797750000000,29.0,27.0,22.5,19669.0,472.0,124045.0,27.0,18.0,27.5,10.0,28.0,34.0,28.5,10.0,29.0,33.0,26.5,34.0,26.0,53.0,25.5,10.0,25.0,70.0,24.0,27.0
2023-04-27 21:06:38.0,1682600798000000000,29.0,27.0,22.5,19669.0,472.0,124045.0,27.5,28.0,28.0,34.0,28.5,10.0,29.0,33.0,29.5,20.0,26.5,34.0,26.0,53.0,25.5,10.0,25.0,70.0,24.0,27.0
2023-04-27 21:06:38.5,1682600798500000000,29.0,27.0,22.5,19669.0,472.0,124045.0,27.5,18.0,28.0,34.0,28.5,10.0,29.0,43.0,29.5,10.0,26.5,34.0,26.0,53.0,25.5,10.0,25.0,70.0,24.0,27.0
2023-04-27 21:06:38.75,1682600798750000000,29.0,27.0,22.5,19669.0,472.0,124045.0,28.0,52.0,28.5,10.0,29.0,43.0,29.5,10.0,30.0,21.0,26.5,34.0,26.0,53.0,25.5,10.0,25.0,70.0,24.0,27.0
2023-04-27 21:06:39.25,1682600799250000000,29.0,27.0,22.5,19669.0,472.0,124045.0,28.0,52.0,28.5,10.0,29.0,43.0,29.5,10.0,30.0,30.0,26.5,35.0,26.0,42.0,25.5,30.0,25.0,70.0,24.0,27.0
2023-04-27 21:06:40.5,1682600800500000000,29.0,28.0,22.5,19669.0,473.0,124325.0,28.0,51.0,28.5,10.0,29.0,43.0,29.5,10.0,30.0,10.0,26.5,35.0,26.0,42.0,25.5,30.0,25.0,70.0,24.0,27.0
2023-04-27 21:06:40.75,1682600800750000000,29.0,28.0,22.5,19669.0,473.0,124325.0,28.0,51.0,28.5,20.0,29.0,43.0,29.5,10.0,30.5,1.0,26.5,35.0,26.0,42.0,25.5,20.0,25.0,80.0,24.0,27.0
2023-04-27 21:06:41.0,1682600801000000000,29.0,28.0,22.5,19669.0,473.0,124325.0,28.0,51.0,28.5,20.0,29.0,43.0,29.5,10.0,30.0,20.0,26.5,35.0,26.0,42.0,25.5,20.0,25.0,80.0,24.0,27.0
2023-04-27 21:06:42.75,1682600802750000000,29.0,28.0,22.5,19669.0,473.0,124325.0,28.0,51.0,28.5,20.0,29.0,43.0,29.5,10.0,30.5,1.0,26.5,35.0,26.0,42.0,25.5,20.0,25.0,80.0,24.0,27.0
2023-04-27 21:06:43.25,1682600803250000000,29.0,28.0,22.5,19669.0,473.0,124325.0,28.0,51.0,28.5,30.0,29.0,33.0,29.5,10.0,30.5,1.0,26.5,35.0,26.0,42.0,25.5,20.0,25.0,80.0,24.0,27.0
2023-04-27 21:06:43.5,1682600803500000000,29.0,28.0,22.5,19669.0,473.0,124325.0,28.0,61.0,28.5,30.0,29.0,33.0,29.5,10.0,30.5,1.0,27.0,10.0,26.5,35.0,26.0,42.0,25.5,20.0,25.0,80.0
2023-04-27 21:06:44.0,1682600804000000000,29.0,28.0,22.5,19669.0,473.0,124325.0,28.0,61.0,28.5,20.0,29.0,43.0,29.5,10.0,30.5,21.0,27.0,10.0,26.5,35.0,26.0,42.0,25.5,20.0,25.0,80.0
2023-04-27 21:06:44.5,1682600804500000000,29.0,28.0,22.5,19669.0,473.0,124325.0,28.0,61.0,28.5,30.0,29.0,33.0,29.5,10.0,30.0,1.0,27.0,10.0,26.5,34.0,26.0,43.0,25.5,20.0,25.0,80.0
2023-04-27 21:06:45.75,1682600805750000000,29.0,28.0,22.5,19669.0,473.0,124325.0,28.0,61.0,28.5,30.0,29.0,33.0,29.5,10.0,30.0,1.0,27.0,11.0,26.5,34.0,26.0,43.0,25.5,20.0,25.0,80.0
2023-04-27 21:06:47.25,1682600807250000000,29.0,28.0,22.5,19669.0,473.0,124325.0,28.0,61.0,28.5,20.0,29.0,43.0,29.5,10.0,30.0,1.0,27.0,11.0,26.5,34.0,26.0,43.0,25.5,20.0,25.0,80.0
2023-04-27 21:06:47.75,1682600807750000000,29.0,28.0,22.5,19669.0,473.0,124325.0,28.0,51.0,28.5,30.0,29.0,43.0,29.5,10.0,30.5,21.0,27.0,12.0,26.5,34.0,26.0,42.0,25.5,20.0,25.0,80.0
2023-04-27 21:06:49.0,1682600809000000000,29.0,28.0,22.5,19669.0,473.0,124325.0,28.0,51.0,28.5,30.0,29.0,43.0,29.5,30.0,30.5,1.0,27.0,12.0,26.5,34.0,26.0,42.0,25.5,20.0,25.0,80.0
2023-04-27 21:06:51.25,1682600811250000000,29.0,28.0,22.5,19669.0,473.0,124325.0,28.0,51.0,28.5,30.0,29.0,43.0,29.5,30.0,30.5,1.0,27.0,12.0,26.5,35.0,26.0,42.0,25.5,20.0,25.0,80.0
2023-04-27 21:06:54.0,1682600814000000000,29.0,28.0,22.5,19696.0,524.0,138605.0,28.5,30.0,29.0,43.0,29.5,48.0,30.5,1.0,31.0,16.0,28.0,49.0,27.5,18.0,27.0,12.0,26.5,35.0,26.0,24.0
2023-04-27 21:06:54.25,1682600814250000000,29.0,28.0,22.5,19696.0,524.0,138605.0,28.5,30.0,29.0,43.0,29.5,48.0,30.0,1.0,31.0,16.0,28.0,149.0,27.5,18.0,27.0,20.0,26.5,35.0,26.0,35.0
2023-04-27 21:06:57.0,1682600817000000000,29.0,28.0,22.5,19696.0,524.0,138605.0,28.5,30.0,29.0,33.0,29.5,58.0,30.0,1.0,31.0,16.0,28.0,149.0,27.5,18.0,27.0,20.0,26.5,35.0,26.0,35.0
2023-04-27 21:06:59.75,1682600819750000000,29.0,28.0,22.5,19696.0,524.0,138605.0,28.5,40.0,29.0,33.0,29.5,58.0,30.0,1.0,31.0,16.0,28.0,149.0,27.5,28.0,27.0,20.0,26.5,35.0,26.0,35.0
2023-04-27 21:07:00.0,1682600820000000000,29.0,28.0,22.5,19696.0,524.0,138605.0,28.5,58.0,29.0,33.0,29.5,40.0,30.0,1.0,31.0,16.0,28.0,149.0,27.5,10.0,27.0,20.0,26.5,53.0,26.0,35.0
2023-04-27 21:07:02.25,1682600822250000000,29.0,28.0,22.5,19696.0,524.0,138605.0,28.5,58.0,29.0,33.0,29.5,30.0,30.0,11.0,31.0,16.0,28.0,149.0,27.5,10.0,27.0,20.0,26.5,63.0,26.0,25.0
2023-04-27 21:07:03.5,1682600823500000000,29.0,28.0,22.5,19696.0,524.0,138605.0,28.5,58.0,29.0,53.0,29.5,10.0,30.0,11.0,31.0,16.0,28.0,149.0,27.5,10.0,27.0,20.0,26.5,63.0,26.0,25.0
2023-04-27 21:07:03.75,1682600823750000000,29.0,28.0,22.5,19696.0,524.0,138605.0,28.5,78.0,29.0,33.0,29.5,10.0,30.0,10.0,30.5,1.0,28.0,149.0,27.5,10.0,27.0,20.0,26.5,64.0,26.0,24.0
2023-04-27 21:07:04.25,1682600824250000000,29.0,28.0,22.5,19696.0,524.0,138605.0,28.5,78.0,29.0,33.0,29.5,10.0,30.0,10.0,30.5,1.0,28.0,149.0,27.5,10.0,27.0,30.0,26.5,54.0,26.0,24.0
2023-04-27 21:07:05.0,1682600825000000000,29.0,28.0,22.5,19696.0,524.0,138605.0,28.5,78.0,29.0,33.0,29.5,10.0,30.0,10.0,30.5,1.0,28.0,149.0,27.5,10.0,27.0,31.0,26.5,54.0,26.0,24.0
2023-04-27 21:07:06.25,1682600826250000000,29.0,28.5,22.5,19695.0,534.0,141455.0,28.5,68.0,29.0,42.0,29.5,10.0,30.0,10.0,30.5,1.0,28.0,149.0,27.5,10.0,27.0,31.0,26.5,54.0,26.0,24.0
2023-04-27 21:07:06.5,1682600826500000000,29.0,28.5,22.5,19695.0,534.0,141455.0,28.5,68.0,29.0,42.0,29.5,10.0,30.5,11.0,31.0,16.0,28.0,149.0,27.5,10.0,27.0,31.0,26.5,54.0,26.0,24.0
2023-04-27 21:07:08.0,1682600828000000000,29.0,28.5,22.5,19705.0,544.0,144305.0,28.5,58.0,29.0,42.0,29.5,10.0,30.5,11.0,31.0,16.0,28.0,149.0,27.5,10.0,27.0,31.0,26.5,64.0,26.0,24.0
2023-04-27 21:07:08.25,1682600828250000000,29.0,28.5,22.5,19705.0,544.0,144305.0,28.5,58.0,29.0,42.0,29.5,10.0,30.0,11.0,31.0,16.0,28.0,149.0,27.5,10.0,27.0,31.0,26.5,63.0,26.0,25.0
2023-04-27 21:07:08.5,1682600828500000000,29.0,28.5,22.5,19705.0,544.0,144305.0,28.5,58.0,29.0,42.0,29.5,10.0,30.0,1.0,30.5,10.0,28.0,149.0,27.5,10.0,27.0,31.0,26.5,63.0,26.0,25.0
2023-04-27 21:07:08.75,1682600828750000000,29.0,28.5,22.5,19705.0,544.0,144305.0,28.5,58.0,29.0,42.0,29.5,10.0,30.0,11.0,31.0,16.0,28.0,149.0,27.5,10.0,27.0,31.0,26.5,63.0,26.0,25.0
2023-04-27 21:07:09.0,1682600829000000000,29.0,28.5,22.5,19705.0,544.0,144305.0,28.5,58.0,29.0,42.0,29.5,10.0,30.0,1.0,30.5,10.0,28.0,149.0,27.5,10.0,27.0,31.0,26.5,63.0,26.0,25.0
2023-04-27 21:07:09.25,1682600829250000000,29.0,28.5,22.5,19705.0,544.0,144305.0,28.5,58.0,29.0,42.0,29.5,10.0,30.5,11.0,31.0,16.0,28.0,149.0,27.5,10.0,27.0,31.0,26.5,64.0,26.0,24.0
2023-04-27 21:07:09.5,1682600829500000000,29.0,28.5,22.5,19705.0,544.0,144305.0,28.5,58.0,29.0,42.0,29.5,10.0,30.0,10.0,30.5,1.0,28.0,149.0,27.5,10.0,27.0,31.0,26.5,64.0,26.0,24.0
2023-04-27 21:07:09.75,1682600829750000000,29.0,28.5,22.5,19705.0,544.0,144305.0,28.5,58.0,29.0,42.0,29.5,10.0,30.0,10.0,30.5,1.0,28.0,149.0,27.5,11.0,27.0,31.0,26.5,64.0,26.0,24.0
2023-04-27 21:07:10.25,1682600830250000000,29.0,28.5,22.5,19705.0,544.0,144305.0,28.5,58.0,29.0,52.0,29.5,10.0,30.0,11.0,31.0,16.0,28.0,149.0,27.5,11.0,27.0,31.0,26.5,63.0,26.0,25.0
2023-04-27 21:07:10.5,1682600830500000000,29.0,28.5,22.5,19705.0,544.0,144305.0,28.5,38.0,29.0,52.0,29.5,30.0,30.0,11.0,31.0,16.0,28.0,149.0,27.5,11.0,27.0,21.0,26.5,73.0,26.0,25.0
2023-04-27 21:07:11.25,1682600831250000000,29.0,28.5,22.5,19705.0,544.0,144305.0,28.5,38.0,29.0,52.0,29.5,30.0,30.0,11.0,31.0,16.0,28.0,149.0,27.5,11.0,27.0,21.0,26.5,73.0,26.0,35.0
2023-04-27 21:07:11.5,1682600831500000000,29.0,28.5,22.5,19705.0,544.0,144305.0,28.5,57.0,29.0,52.0,29.5,30.0,30.0,11.0,31.0,16.0,28.0,149.0,27.5,11.0,27.0,21.0,26.5,73.0,26.0,35.0
2023-04-27 21:07:12.0,1682600832000000000,29.0,28.5,22.5,19705.0,544.0,144305.0,28.5,57.0,29.0,62.0,29.5,30.0,30.0,10.0,30.5,1.0,28.0,159.0,27.5,11.0,27.0,31.0,26.5,64.0,26.0,34.0
2023-04-27 21:07:13.25,1682600833250000000,29.0,28.5,22.5,19705.0,544.0,144305.0,28.5,47.0,29.0,72.0,29.5,30.0,30.0,10.0,30.5,1.0,28.0,159.0,27.5,11.0,27.0,31.0,26.5,64.0,26.0,34.0
2023-04-27 21:07:14.0,1682600834000000000,29.0,28.5,22.5,19705.0,544.0,144305.0,28.5,57.0,29.0,62.0,29.5,30.0,30.0,10.0,30.5,1.0,28.0,159.0,27.5,11.0,27.0,31.0,26.5,64.0,26.0,34.0
2023-04-27 21:07:15.5,1682600835500000000,29.0,28.5,22.5,19705.0,544.0,144305.0,28.5,57.0,29.0,72.0,29.5,30.0,30.0,10.0,30.5,1.0,28.0,159.0,27.5,11.0,27.0,31.0,26.5,64.0,26.0,44.0
2023-04-27 21:07:20.5,1682600840500000000,29.0,28.5,22.5,19705.0,544.0,144305.0,28.5,57.0,29.0,62.0,29.5,30.0,30.0,10.0,30.5,1.0,28.0,159.0,27.5,11.0,27.0,21.0,26.5,74.0,26.0,34.0
2023-04-27 21:07:21.0,1682600841000000000,29.0,28.5,22.5,19705.0,544.0,144305.0,28.5,57.0,29.0,62.0,29.5,30.0,30.0,10.0,30.5,1.0,28.0,159.0,27.5,11.0,27.0,31.0,26.5,64.0,26.0,34.0
2023-04-27 21:07:21.25,1682600841250000000,29.0,28.5,22.5,19705.0,544.0,144305.0,28.5,57.0,29.0,62.0,29.5,30.0,30.0,10.0,30.5,1.0,28.0,159.0,27.5,20.0,27.0,31.0,26.5,55.0,26.0,34.0
2023-04-27 21:07:22.5,1682600842500000000,29.0,28.5,22.5,19705.0,544.0,144305.0,28.5,57.0,29.0,62.0,29.5,30.0,30.0,10.0,30.5,1.0,28.0,159.0,27.5,20.0,27.0,39.0,26.5,47.0,26.0,34.0
2023-04-27 21:07:23.0,1682600843000000000,29.0,28.5,22.5,19705.0,544.0,144305.0,28.5,57.0,29.0,62.0,29.5,30.0,30.0,10.0,30.5,1.0,28.0,159.0,27.5,20.0,27.0,21.0,26.5,65.0,26.0,34.0
2023-04-27 21:07:23.25,1682600843250000000,29.0,28.5,22.5,19705.0,544.0,144305.0,28.5,57.0,29.0,62.0,29.5,30.0,30.0,30.0,30.5,1.0,28.0,159.0,27.5,20.0,27.0,21.0,26.5,65.0,26.0,54.0
2023-04-27 21:07:24.25,1682600844250000000,29.0,28.5,22.5,19705.0,544.0,144305.0,28.5,57.0,29.0,62.0,29.5,30.0,30.0,30.0,30.5,1.0,28.0,159.0,27.5,20.0,27.0,21.0,26.5,65.0,26.0,104.0
2023-04-27 21:07:25.0,1682600845000000000,29.0,28.5,22.5,19705.0,544.0,144305.0,28.5,57.0,29.0,62.0,29.5,30.0,30.0,30.0,30.5,1.0,28.0,159.0,27.5,20.0,27.0,39.0,26.5,47.0,26.0,104.0
2023-04-27 21:07:25.5,1682600845500000000,29.0,28.5,22.5,19705.0,544.0,144305.0,28.5,57.0,29.0,62.0,29.5,30.0,30.0,30.0,30.5,1.0,28.0,159.0,27.5,20.0,27.0,21.0,26.5,65.0,26.0,104.0
2023-04-27 21:07:26.0,1682600846000000000,29.0,28.5,22.5,19705.0,544.0,144305.0,28.5,57.0,29.0,62.0,29.5,30.0,30.0,30.0,30.5,1.0,28.0,159.0,27.5,20.0,27.0,21.0,26.5,75.0,26.0,94.0
2023-04-27 21:07:26.25,1682600846250000000,29.0,28.5,22.5,19705.0,544.0,144305.0,28.5,57.0,29.0,62.0,29.5,30.0,30.0,30.0,30.5,1.0,28.0,159.0,27.5,20.0,27.0,21.0,26.5,65.0,26.0,104.0
2023-04-27 21:07:27.25,1682600847250000000,29.0,28.5,22.5,19705.0,544.0,144305.0,28.5,57.0,29.0,62.0,29.5,30.0,30.0,30.0,30.5,1.0,28.0,159.0,27.5,20.0,27.0,21.0,26.5,75.0,26.0,94.0
2023-04-27 21:07:29.25,1682600849250000000,29.0,28.5,22.5,19705.0,544.0,144305.0,28.5,47.0,29.0,72.0,29.5,30.0,30.0,30.0,30.5,1.0,28.0,159.0,27.5,20.0,27.0,31.0,26.5,65.0,26.0,94.0
2023-04-27 21:07:31.25,1682600851250000000,29.0,28.5,22.5,19705.0,544.0,144305.0,28.5,142.0,29.0,72.0,29.5,30.0,30.0,30.0,30.5,1.0,28.0,159.0,27.5,20.0,27.0,21.0,26.5,75.0,26.0,94.0
2023-04-27 21:07:35.25,1682600855250000000,29.0,28.5,22.5,19705.0,544.0,144305.0,28.5,142.0,29.0,72.0,29.5,30.0,30.0,30.0,30.5,1.0,28.0,159.0,27.5,20.0,27.0,31.0,26.5,65.0,26.0,94.0
2023-04-27 21:07:36.0,1682600856000000000,29.0,28.5,22.5,19705.0,544.0,144305.0,28.5,142.0,29.0,72.0,29.5,30.0,30.0,30.0,30.5,1.0,28.0,159.0,27.5,20.0,27.0,49.0,26.5,47.0,26.0,94.0
2023-04-27 21:07:36.25,1682600856250000000,29.0,28.5,22.5,19705.0,544.0,144305.0,28.5,133.0,29.0,72.0,29.5,30.0,30.0,30.0,30.5,1.0,28.0,159.0,27.5,20.0,27.0,49.0,26.5,47.0,26.0,94.0
2023-04-27 21:07:36.5,1682600856500000000,29.0,28.5,22.5,19705.0,544.0,144305.0,28.5,133.0,29.0,72.0,29.5,30.0,30.0,30.0,30.5,1.0,28.0,159.0,27.5,20.0,27.0,31.0,26.5,65.0,26.0,94.0
2023-04-27 21:07:37.25,1682600857250000000,29.0,28.5,22.5,19705.0,544.0,144305.0,28.5,133.0,29.0,72.0,29.5,30.0,30.0,30.0,30.5,1.0,28.0,159.0,27.5,20.0,27.0,21.0,26.5,75.0,26.0,94.0
2023-04-27 21:07:37.75,1682600857750000000,29.0,28.5,22.5,19705.0,544.0,144305.0,28.5,133.0,29.0,72.0,29.5,30.0,30.0,30.0,30.5,1.0,28.0,159.0,27.5,20.0,27.0,21.0,26.5,55.0,26.0,94.0
2023-04-27 21:07:38.0,1682600858000000000,29.0,28.5,22.5,19705.0,544.0,144305.0,28.5,143.0,29.0,62.0,29.5,40.0,30.0,20.0,30.5,1.0,28.0,159.0,27.5,20.0,27.0,21.0,26.5,45.0,26.0,104.0
2023-04-27 21:07:38.25,1682600858250000000,29.0,28.5,22.5,19705.0,544.0,144305.0,28.5,143.0,29.0,62.0,29.5,20.0,30.0,20.0,30.5,1.0,28.0,159.0,27.5,20.0,27.0,21.0,26.5,45.0,26.0,104.0
2023-04-27 21:07:38.5,1682600858500000000,29.0,28.5,22.5,19705.0,544.0,144305.0,28.5,143.0,29.0,62.0,29.5,20.0,30.0,21.0,31.0,36.0,28.0,159.0,27.5,20.0,27.0,21.0,26.5,44.0,26.0,105.0
2023-04-27 21:07:38.75,1682600858750000000,29.0,28.5,22.5,19705.0,544.0,144305.0,28.5,143.0,29.0,62.0,29.5,20.0,30.0,21.0,31.0,36.0,28.0,159.0,27.5,20.0,27.0,21.0,26.5,44.0,26.0,102.0
2023-04-27 21:07:40.0,1682600860000000000,29.0,28.5,22.5,19705.0,544.0,144305.0,28.5,153.0,29.0,52.0,29.5,20.0,30.0,21.0,31.0,36.0,28.0,159.0,27.5,20.0,27.0,21.0,26.5,34.0,26.0,112.0
2023-04-27 21:07:40.75,1682600860750000000,29.0,28.5,22.5,19705.0,544.0,144305.0,28.5,143.0,29.0,62.0,29.5,20.0,30.0,21.0,31.0,36.0,28.0,159.0,27.5,20.0,27.0,21.0,26.5,44.0,26.0,102.0
2023-04-27 21:07:41.25,1682600861250000000,29.0,28.5,22.5,19705.0,544.0,144305.0,28.5,133.0,29.0,72.0,29.5,20.0,30.0,21.0,31.0,36.0,28.0,159.0,27.5,20.0,27.0,21.0,26.5,44.0,26.0,102.0
2023-04-27 21:07:41.5,1682600861500000000,29.0,28.5,22.5,19705.0,544.0,144305.0,28.5,143.0,29.0,62.0,29.5,20.0,30.0,21.0,31.0,36.0,28.0,159.0,27.5,20.0,27.0,21.0,26.5,44.0,26.0,102.0
2023-04-27 21:07:42.25,1682600862250000000,29.0,28.5,22.5,19705.0,544.0,144305.0,28.5,143.0,29.0,62.0,29.5,20.0,30.0,21.0,31.0,36.0,28.0,159.0,27.5,20.0,27.0,21.0,26.5,34.0,26.0,112.0
2023-04-27 21:07:42.5,1682600862500000000,29.0,28.5,22.5,19705.0,544.0,144305.0,28.5,143.0,29.0,62.0,29.5,20.0,30.0,21.0,31.0,36.0,28.0,159.0,27.5,20.0,27.0,21.0,26.5,44.0,26.0,102.0
2023-04-27 21:07:42.75,1682600862750000000,29.0,28.5,22.5,19705.0,544.0,144305.0,28.5,143.0,29.0,62.0,29.5,20.0,30.0,21.0,31.0,36.0,28.0,159.0,27.5,20.0,27.0,21.0,26.5,54.0,26.0,92.0
2023-04-27 21:07:43.0,1682600863000000000,29.0,28.5,22.5,19705.0,544.0,144305.0,28.5,133.0,29.0,72.0,29.5,10.0,30.0,31.0,31.0,36.0,28.0,159.0,27.5,20.0,27.0,21.0,26.5,54.0,26.0,92.0
2023-04-27 21:07:43.25,1682600863250000000,29.0,28.5,22.5,19705.0,544.0,144305.0,28.5,143.0,29.0,62.0,29.5,20.0,30.0,21.0,31.0,36.0,28.0,159.0,27.5,20.0,27.0,21.0,26.5,54.0,26.0,92.0
2023-04-27 21:07:43.5,1682600863500000000,29.0,28.5,22.5,19705.0,544.0,144305.0,28.5,143.0,29.0,62.0,29.5,10.0,30.0,31.0,31.0,36.0,28.0,159.0,27.5,20.0,27.0,21.0,26.5,54.0,26.0,92.0
2023-04-27 21:07:44.0,1682600864000000000,29.0,28.5,22.5,19705.0,544.0,144305.0,28.5,133.0,29.0,72.0,29.5,10.0,30.0,31.0,31.0,36.0,28.0,159.0,27.5,20.0,27.0,21.0,26.5,54.0,26.0,92.0
2023-04-27 21:07:46.5,1682600866500000000,29.0,28.5,22.5,19705.0,544.0,144305.0,28.5,133.0,29.0,72.0,29.5,10.0,30.0,31.0,31.0,36.0,28.0,161.0,27.5,20.0,27.0,21.0,26.5,54.0,26.0,92.0
2023-04-27 21:07:46.75,1682600866750000000,29.0,28.5,22.5,19705.0,544.0,144305.0,28.5,143.0,29.0,62.0,29.5,20.0,30.0,21.0,31.0,36.0,28.0,161.0,27.5,20.0,27.0,21.0,26.5,44.0,26.0,102.0
2023-04-27 21:07:47.0,1682600867000000000,29.0,28.5,22.5,19705.0,544.0,144305.0,28.5,143.0,29.0,62.0,29.5,10.0,30.0,31.0,31.0,36.0,28.0,161.0,27.5,20.0,27.0,21.0,26.5,54.0,26.0,92.0
2023-04-27 21:07:50.25,1682600870250000000,29.0,28.5,22.5,19705.0,544.0,144305.0,28.5,133.0,29.0,72.0,29.5,10.0,30.0,31.0,31.0,36.0,28.0,161.0,27.5,20.0,27.0,49.0,26.5,26.0,26.0,92.0
2023-04-27 21:07:52.0,1682600872000000000,29.0,28.5,22.5,19705.0,544.0,144305.0,28.5,133.0,29.0,72.0,29.5,10.0,30.0,51.0,31.0,16.0,28.0,161.0,27.5,20.0,27.0,49.0,26.5,26.0,26.0,92.0
2023-04-27 21:07:53.5,1682600873500000000,29.0,28.0,22.5,19711.0,550.0,145985.0,28.5,133.0,29.0,72.0,29.5,10.0,30.0,51.0,31.0,16.0,28.0,155.0,27.5,20.0,27.0,49.0,26.5,26.0,26.0,92.0
2023-04-27 21:07:53.75,1682600873750000000,29.0,28.0,22.5,19717.0,556.0,147665.0,28.5,133.0,29.0,72.0,29.5,10.0,30.0,51.0,31.0,16.0,28.0,149.0,27.5,20.0,27.0,49.0,26.5,26.0,26.0,92.0
2023-04-27 21:07:54.0,1682600874000000000,29.0,28.0,22.5,19723.0,562.0,149345.0,28.5,133.0,29.0,72.0,29.5,10.0,30.0,51.0,31.0,16.0,28.0,143.0,27.5,20.0,27.0,49.0,26.5,26.0,26.0,92.0
2023-04-27 21:07:54.25,1682600874250000000,29.0,28.0,22.5,19729.0,568.0,151025.0,28.5,133.0,29.0,72.0,29.5,10.0,30.0,51.0,31.0,16.0,28.0,137.0,27.5,20.0,27.0,49.0,26.5,26.0,26.0,92.0
2023-04-27 21:07:54.5,1682600874500000000,29.0,28.0,22.5,19735.0,574.0,152705.0,28.5,133.0,29.0,72.0,29.5,10.0,30.0,51.0,31.0,16.0,28.0,131.0,27.5,20.0,27.0,49.0,26.5,26.0,26.0,92.0
2023-04-27 21:07:54.75,1682600874750000000,29.0,28.0,22.5,19741.0,580.0,154385.0,28.5,133.0,29.0,72.0,29.5,10.0,30.0,51.0,31.0,16.0,28.0,125.0,27.5,20.0,27.0,59.0,26.5,16.0,26.0,92.0
2023-04-27 21:07:55.0,1682600875000000000,29.0,28.0,22.5,19747.0,586.0,156065.0,28.5,133.0,29.0,72.0,29.5,10.0,30.0,51.0,31.0,16.0,28.0,119.0,27.5,20.0,27.0,59.0,26.5,16.0,26.0,92.0
2023-04-27 21:07:55.25,1682600875250000000,29.0,28.0,22.5,19753.0,592.0,157745.0,28.5,123.0,29.0,82.0,29.5,10.0,30.0,50.0,30.5,1.0,28.0,123.0,27.5,20.0,27.0,49.0,26.5,17.0,26.0,91.0
2023-04-27 21:07:55.5,1682600875500000000,29.0,28.0,22.5,19759.0,598.0,159425.0,28.5,123.0,29.0,82.0,29.5,10.0,30.0,50.0,30.5,1.0,28.0,117.0,27.5,20.0,27.0,49.0,26.5,17.0,26.0,91.0
2023-04-27 21:07:55.75,1682600875750000000,29.0,28.0,22.5,19765.0,604.0,161105.0,28.5,123.0,29.0,82.0,29.5,10.0,30.0,50.0,30.5,1.0,28.0,111.0,27.5,20.0,27.0,49.0,26.5,17.0,26.0,91.0
2023-04-27 21:07:56.0,1682600876000000000,29.0,28.0,22.5,19771.0,610.0,162785.0,28.5,43.0,29.0,82.0,29.5,10.0,30.0,50.0,30.5,1.0,28.0,105.0,27.5,20.0,27.0,49.0,26.5,17.0,26.0,91.0
2023-04-27 21:07:56.25,1682600876250000000,29.0,28.0,22.5,19777.0,616.0,164465.0,28.5,28.0,29.0,82.0,29.5,10.0,30.0,50.0,30.5,1.0,28.0,99.0,27.5,20.0,27.0,49.0,26.5,17.0,26.0,91.0
2023-04-27 21:07:56.5,1682600876500000000,29.0,28.0,22.5,19783.0,622.0,166145.0,28.5,28.0,29.0,82.0,29.5,10.0,30.0,50.0,30.5,1.0,28.0,93.0,27.5,20.0,27.0,49.0,26.5,17.0,26.0,91.0
2023-04-27 21:07:56.75,1682600876750000000,29.0,28.0,22.5,19769.0,715.0,192185.0,28.0,8.0,28.5,28.0,29.0,72.0,29.5,10.0,30.0,50.0,27.5,20.0,27.0,49.0,26.5,17.0,26.0,91.0,25.5,60.0
2023-04-27 21:07:57.0,1682600877000000000,29.0,28.0,22.5,19769.0,715.0,192185.0,28.0,18.0,28.5,28.0,29.0,62.0,29.5,10.0,30.0,50.0,27.5,20.0,27.0,59.0,26.5,17.0,26.0,91.0,25.5,60.0
2023-04-27 21:07:57.25,1682600877250000000,29.0,28.0,22.5,19761.0,723.0,194425.0,28.0,28.0,28.5,10.0,29.0,62.0,29.5,30.0,30.0,30.0,27.5,20.0,27.0,41.0,26.5,35.0,26.0,91.0,25.5,60.0
2023-04-27 21:07:57.5,1682600877500000000,29.0,27.5,22.5,19762.0,729.0,196075.0,28.0,28.0,28.5,10.0,29.0,62.0,29.5,30.0,30.0,30.0,27.5,14.0,27.0,41.0,26.5,35.0,26.0,91.0,25.5,60.0
2023-04-27 21:07:58.0,1682600878000000000,29.0,27.5,22.5,19762.0,735.0,197725.0,28.0,28.0,28.5,20.0,29.0,82.0,29.5,10.0,30.0,30.0,27.5,8.0,27.0,41.0,26.5,45.0,26.0,91.0,25.5,60.0
2023-04-27 21:07:58.25,1682600878250000000,29.0,27.5,22.5,19762.0,741.0,199375.0,28.0,28.0,28.5,20.0,29.0,82.0,29.5,10.0,30.0,30.0,27.5,2.0,27.0,41.0,26.5,45.0,26.0,91.0,25.5,60.0
2023-04-27 21:07:58.5,1682600878500000000,29.0,27.5,22.5,19762.0,743.0,199925.0,28.0,28.0,28.5,20.0,29.0,82.0,29.5,10.0,30.0,30.0,27.5,10.0,27.0,31.0,26.5,55.0,26.0,91.0,25.5,60.0
2023-04-27 21:07:58.75,1682600878750000000,29.0,27.5,22.5,19762.0,743.0,199925.0,28.0,58.0,28.5,20.0,29.0,82.0,29.5,10.0,30.0,30.0,27.5,10.0,27.0,31.0,26.5,55.0,26.0,91.0,25.5,60.0
2023-04-27 21:07:59.0,1682600879000000000,29.0,27.5,22.5,19762.0,743.0,199925.0,28.0,58.0,28.5,10.0,29.0,82.0,29.5,10.0,30.0,30.0,27.5,10.0,27.0,31.0,26.5,45.0,26.0,91.0,25.5,60.0
2023-04-27 21:07:59.25,1682600879250000000,29.0,27.5,22.5,19762.0,743.0,199925.0,28.0,60.0,28.5,10.0,29.0,82.0,29.5,10.0,30.0,30.0,27.5,10.0,27.0,31.0,26.5,45.0,26.0,91.0,25.5,60.0
2023-04-27 21:08:00.5,1682600880500000000,29.0,27.5,22.5,19762.0,743.0,199925.0,28.0,60.0,28.5,20.0,29.0,82.0,29.5,10.0,30.0,30.0,27.5,10.0,27.0,41.0,26.5,45.0,26.0,91.0,25.5,60.0
2023-04-27 21:08:01.25,1682600881250000000,29.0,27.5,22.5,19762.0,743.0,199925.0,28.0,60.0,28.5,20.0,29.0,82.0,29.5,30.0,30.0,10.0,27.5,10.0,27.0,41.0,26.5,65.0,26.0,71.0,25.5,60.0
2023-04-27 21:08:01.5,1682600881500000000,29.0,27.5,22.5,19762.0,743.0,199925.0,28.0,60.0,28.5,20.0,29.0,62.0,29.5,30.0,30.0,30.0,27.5,10.0,27.0,41.0,26.5,65.0,26.0,71.0,25.5,60.0
2023-04-27 21:08:03.0,1682600883000000000,29.0,27.5,22.5,19762.0,743.0,199925.0,28.0,60.0,28.5,20.0,29.0,62.0,29.5,50.0,30.0,10.0,27.5,10.0,27.0,41.0,26.5,65.0,26.0,71.0,25.5,60.0
2023-04-27 21:08:03.75,1682600883750000000,29.0,27.5,22.5,19762.0,743.0,199925.0,28.0,60.0,28.5,20.0,29.0,62.0,29.5,60.0,30.5,1.0,27.5,10.0,27.0,41.0,26.5,65.0,26.0,71.0,25.5,60.0
2023-04-27 21:08:04.25,1682600884250000000,29.0,27.5,22.5,19762.0,743.0,199925.0,28.0,60.0,28.5,20.0,29.0,82.0,29.5,40.0,30.5,1.0,27.5,10.0,27.0,41.0,26.5,65.0,26.0,71.0,25.5,60.0
2023-04-27 21:08:04.75,1682600884750000000,29.0,27.5,22.5,19762.0,743.0,199925.0,28.0,60.0,28.5,20.0,29.0,62.0,29.5,60.0,30.5,1.0,27.5,10.0,27.0,41.0,26.5,65.0,26.0,71.0,25.5,60.0
2023-04-27 21:08:05.0,1682600885000000000,29.0,27.5,22.5,19762.0,743.0,199925.0,28.0,60.0,28.5,20.0,29.0,82.0,29.5,30.0,30.0,10.0,27.5,10.0,27.0,41.0,26.5,65.0,26.0,71.0,25.5,60.0
2023-04-27 21:08:05.25,1682600885250000000,29.0,27.5,22.5,19762.0,743.0,199925.0,28.0,60.0,28.5,20.0,29.0,82.0,29.5,40.0,31.0,17.0,27.5,11.0,27.0,41.0,26.5,64.0,26.0,71.0,25.5,60.0
2023-04-27 21:08:05.5,1682600885500000000,29.0,27.5,22.5,19752.0,754.0,202950.0,27.5,19.0,28.0,60.0,28.5,20.0,29.0,102.0,29.5,20.0,27.0,41.0,26.5,54.0,26.0,81.0,25.5,60.0,25.0,120.0
2023-04-27 21:08:05.75,1682600885750000000,29.0,27.5,22.5,19742.0,764.0,205700.0,27.5,27.0,28.0,42.0,28.5,20.0,29.0,102.0,29.5,20.0,27.0,41.0,26.5,54.0,26.0,81.0,25.5,60.0,25.0,120.0
2023-04-27 21:08:06.0,1682600886000000000,29.0,27.5,22.5,19742.0,764.0,205700.0,27.5,19.0,28.0,70.0,29.0,102.0,29.5,20.0,31.0,16.0,27.0,31.0,26.5,74.0,26.0,81.0,25.5,60.0,25.0,120.0
2023-04-27 21:08:06.25,1682600886250000000,29.0,27.5,22.5,19742.0,764.0,205700.0,27.5,37.0,28.0,52.0,29.0,102.0,29.5,21.0,31.0,16.0,27.0,32.0,26.5,74.0,26.0,81.0,25.5,60.0,25.0,120.0
2023-04-27 21:08:06.5,1682600886500000000,29.0,27.5,22.5,19742.0,764.0,205700.0,27.5,37.0,28.0,52.0,28.5,9.0,29.0,102.0,29.5,21.0,27.0,32.0,26.5,74.0,26.0,81.0,25.5,60.0,25.0,120.0
2023-04-27 21:08:08.25,1682600888250000000,29.0,27.5,22.5,19742.0,764.0,205700.0,27.5,37.0,28.0,52.0,28.5,9.0,29.0,102.0,29.5,21.0,27.0,22.0,26.5,84.0,26.0,81.0,25.5,60.0,25.0,120.0
2023-04-27 21:08:08.5,1682600888500000000,29.0,27.5,22.5,19742.0,764.0,205700.0,27.5,37.0,28.0,52.0,28.5,29.0,29.0,82.0,29.5,21.0,27.0,22.0,26.5,84.0,26.0,81.0,25.5,60.0,25.0,120.0
2023-04-27 21:08:08.75,1682600888750000000,29.0,27.5,22.5,19742.0,764.0,205700.0,27.5,37.0,28.0,52.0,28.5,29.0,29.0,92.0,29.5,11.0,27.0,22.0,26.5,66.0,26.0,99.0,25.5,60.0,25.0,120.0
2023-04-27 21:08:09.25,1682600889250000000,29.0,27.5,22.5,19742.0,764.0,205700.0,27.5,37.0,28.0,52.0,28.5,39.0,29.0,82.0,29.5,11.0,27.0,22.0,26.5,66.0,26.0,89.0,25.5,70.0,25.0,120.0
2023-04-27 21:08:09.5,1682600889500000000,29.0,27.5,22.5,19742.0,764.0,205700.0,27.5,37.0,28.0,52.0,28.5,29.0,29.0,92.0,29.5,11.0,27.0,22.0,26.5,66.0,26.0,89.0,25.5,70.0,25.0,120.0
2023-04-27 21:08:09.75,1682600889750000000,29.0,27.5,22.5,19742.0,764.0,205700.0,27.5,37.0,28.0,52.0,28.5,39.0,29.0,82.0,29.5,11.0,27.0,22.0,26.5,56.0,26.0,99.0,25.5,70.0,25.0,120.0
2023-04-27 21:08:10.5,1682600890500000000,29.0,27.5,22.5,19742.0,764.0,205700.0,27.5,37.0,28.0,52.0,28.5,49.0,29.0,72.0,29.5,11.0,27.0,22.0,26.5,36.0,26.0,119.0,25.5,70.0,25.0,120.0
2023-04-27 21:08:12.0,1682600892000000000,29.0,27.5,22.5,19742.0,764.0,205700.0,27.5,37.0,28.0,50.0,28.5,49.0,29.0,72.0,29.5,11.0,27.0,22.0,26.5,56.0,26.0,99.0,25.5,70.0,25.0,120.0
2023-04-27 21:08:13.5,1682600893500000000,29.0,27.5,22.5,19742.0,764.0,205700.0,27.5,37.0,28.0,50.0,28.5,39.0,29.0,82.0,29.5,11.0,27.0,22.0,26.5,56.0,26.0,99.0,25.5,70.0,25.0,120.0
2023-04-27 21:08:14.0,1682600894000000000,29.0,27.5,22.5,19742.0,764.0,205700.0,27.5,37.0,28.0,50.0,28.5,49.0,29.0,72.0,29.5,11.0,27.0,22.0,26.5,56.0,26.0,99.0,25.5,70.0,25.0,120.0
2023-04-27 21:08:14.25,1682600894250000000,29.0,27.5,22.5,19742.0,764.0,205700.0,27.5,37.0,28.0,50.0,28.5,39.0,29.0,82.0,29.5,11.0,27.0,22.0,26.5,56.0,26.0,99.0,25.5,70.0,25.0,120.0
2023-04-27 21:08:14.75,1682600894750000000,29.0,27.5,22.5,19741.0,765.0,205975.0,27.5,36.0,28.0,50.0,28.5,29.0,29.0,92.0,29.5,11.0,27.0,32.0,26.5,56.0,26.0,89.0,25.5,70.0,25.0,120.0
2023-04-27 21:08:16.5,1682600896500000000,29.0,27.5,22.5,19741.0,765.0,205975.0,27.5,36.0,28.0,50.0,28.5,39.0,29.0,82.0,29.5,11.0,27.0,22.0,26.5,66.0,26.0,89.0,25.5,70.0,25.0,120.0
2023-04-27 21:08:17.25,1682600897250000000,29.0,27.5,22.5,19741.0,765.0,205975.0,27.5,36.0,28.0,50.0,28.5,49.0,29.0,72.0,29.5,11.0,27.0,22.0,26.5,66.0,26.0,89.0,25.5,70.0,25.0,120.0
2023-04-27 21:08:18.25,1682600898250000000,29.0,27.0,22.5,19742.0,775.0,208675.0,27.5,18.0,28.0,59.0,28.5,67.0,29.0,63.0,29.5,11.0,27.0,12.0,26.5,75.0,26.0,89.0,25.5,70.0,25.0,120.0
2023-04-27 21:08:19.5,1682600899500000000,29.0,27.0,22.5,19742.0,775.0,208675.0,27.5,18.0,28.0,59.0,28.5,49.0,29.0,63.0,29.5,11.0,27.0,12.0,26.5,75.0,26.0,71.0,25.5,70.0,25.0,120.0
2023-04-27 21:08:19.75,1682600899750000000,29.0,27.0,22.5,19742.0,775.0,208675.0,27.5,18.0,28.0,59.0,28.5,67.0,29.0,63.0,29.5,11.0,27.0,12.0,26.5,93.0,26.0,71.0,25.5,70.0,25.0,120.0
2023-04-27 21:08:20.0,1682600900000000000,29.0,27.0,22.5,19742.0,775.0,208675.0,27.5,18.0,28.0,59.0,28.5,57.0,29.0,73.0,29.5,11.0,27.0,12.0,26.5,93.0,26.0,71.0,25.5,70.0,25.0,120.0
2023-04-27 21:08:20.25,1682600900250000000,29.0,27.0,22.5,19742.0,775.0,208675.0,27.5,18.0,28.0,59.0,28.5,47.0,29.0,83.0,29.5,11.0,27.0,12.0,26.5,93.0,26.0,71.0,25.5,70.0,25.0,120.0
2023-04-27 21:08:20.5,1682600900500000000,29.0,27.5,22.5,19741.0,776.0,208950.0,27.5,17.0,28.0,59.0,28.5,47.0,29.0,83.0,29.5,11.0,27.0,22.0,26.5,83.0,26.0,71.0,25.5,70.0,25.0,120.0
2023-04-27 21:08:24.25,1682600904250000000,29.0,27.5,22.5,19741.0,776.0,208950.0,27.5,35.0,28.0,59.0,28.5,29.0,29.0,83.0,29.5,11.0,27.0,22.0,26.5,83.0,26.0,71.0,25.5,70.0,25.0,120.0
2023-04-27 21:08:24.75,1682600904750000000,29.0,27.5,22.5,19741.0,776.0,208950.0,27.5,35.0,28.0,59.0,28.5,29.0,29.0,83.0,29.5,11.0,27.0,31.0,26.5,83.0,26.0,71.0,25.5,70.0,25.0,120.0
2023-04-27 21:08:25.25,1682600905250000000,29.0,27.5,22.5,19735.0,803.0,216325.0,28.0,59.0,28.5,29.0,29.0,83.0,29.5,11.0,31.0,16.0,27.0,21.0,26.5,55.0,26.0,71.0,25.5,70.0,25.0,120.0
2023-04-27 21:08:25.5,1682600905500000000,29.0,27.5,22.5,19735.0,803.0,216325.0,28.0,49.0,28.5,39.0,29.0,83.0,29.5,11.0,31.0,16.0,27.0,20.0,26.5,65.0,26.0,71.0,25.5,70.0,25.0,120.0
2023-04-27 21:08:26.75,1682600906750000000,29.0,27.5,22.5,19735.0,803.0,216325.0,28.0,49.0,28.5,49.0,29.0,73.0,29.5,11.0,31.0,16.0,27.0,20.0,26.5,65.0,26.0,71.0,25.5,70.0,25.0,120.0
2023-04-27 21:08:27.25,1682600907250000000,29.0,27.5,22.5,19735.0,803.0,216325.0,28.0,49.0,28.5,39.0,29.0,83.0,29.5,11.0,31.0,16.0,27.0,20.0,26.5,65.0,26.0,71.0,25.5,70.0,25.0,120.0
2023-04-27 21:08:27.5,1682600907500000000,29.0,27.5,22.5,19735.0,803.0,216325.0,28.0,49.0,28.5,49.0,29.0,91.0,29.5,11.0,31.0,16.0,27.0,20.0,26.5,83.0,26.0,71.0,25.5,70.0,25.0,120.0
2023-04-27 21:08:27.75,1682600907750000000,29.0,27.5,22.5,19735.0,803.0,216325.0,28.0,49.0,28.5,39.0,29.0,101.0,29.5,11.0,31.0,16.0,27.0,20.0,26.5,78.0,26.0,71.0,25.5,70.0,25.0,120.0
2023-04-27 21:08:28.75,1682600908750000000,29.0,27.5,22.5,19735.0,803.0,216325.0,28.0,49.0,28.5,39.0,29.0,91.0,29.5,21.0,31.0,16.0,27.0,30.0,26.5,68.0,26.0,81.0,25.5,60.0,25.0,120.0
2023-04-27 21:08:29.25,1682600909250000000,29.0,27.5,22.5,19735.0,803.0,216325.0,28.0,69.0,28.5,19.0,29.0,91.0,29.5,21.0,31.0,16.0,27.0,30.0,26.5,88.0,26.0,81.0,25.5,60.0,25.0,120.0
2023-04-27 21:08:30.0,1682600910000000000,29.0,27.5,22.5,19735.0,803.0,216325.0,28.0,69.0,28.5,19.0,29.0,91.0,29.5,21.0,31.0,16.0,27.5,10.0,27.0,30.0,26.5,88.0,26.0,81.0,25.5,60.0
2023-04-27 21:08:30.25,1682600910250000000,29.0,27.5,22.5,19735.0,803.0,216325.0,28.0,70.0,28.5,19.0,29.0,91.0,29.5,20.0,31.0,16.0,27.5,10.0,27.0,29.0,26.5,88.0,26.0,81.0,25.5,61.0
2023-04-27 21:08:31.25,1682600911250000000,29.0,27.5,22.5,19745.0,813.0,219075.0,28.0,70.0,28.5,19.0,29.0,91.0,29.5,20.0,31.0,16.0,27.0,29.0,26.5,88.0,26.0,71.0,25.5,71.0,25.0,120.0
2023-04-27 21:08:31.5,1682600911500000000,29.0,27.5,22.5,19745.0,813.0,219075.0,28.0,69.0,28.5,19.0,29.0,91.0,29.5,21.0,31.0,16.0,27.0,30.0,26.5,88.0,26.0,71.0,25.5,70.0,25.0,120.0
2023-04-27 21:08:31.75,1682600911750000000,29.0,27.5,22.5,19745.0,813.0,219075.0,28.0,69.0,28.5,19.0,29.0,101.0,29.5,11.0,31.0,16.0,27.0,20.0,26.5,98.0,26.0,71.0,25.5,70.0,25.0,120.0
2023-04-27 21:08:35.25,1682600915250000000,29.0,27.5,22.5,19745.0,813.0,219075.0,28.0,69.0,28.5,29.0,29.0,91.0,29.5,11.0,31.0,16.0,27.0,20.0,26.5,98.0,26.0,71.0,25.5,70.0,25.0,120.0
2023-04-27 21:08:37.0,1682600917000000000,29.0,27.5,22.5,19745.0,813.0,219075.0,28.0,69.0,28.5,19.0,29.0,101.0,29.5,11.0,31.0,16.0,27.0,30.0,26.5,88.0,26.0,81.0,25.5,60.0,25.0,120.0
2023-04-27 21:08:37.25,1682600917250000000,29.0,27.5,22.5,19745.0,813.0,219075.0,27.5,18.0,28.0,69.0,28.5,29.0,29.0,73.0,29.5,11.0,27.0,20.0,26.5,98.0,26.0,71.0,25.5,70.0,25.0,120.0
2023-04-27 21:08:38.25,1682600918250000000,29.0,27.5,22.5,19745.0,813.0,219075.0,27.5,18.0,28.0,69.0,28.5,19.0,29.0,83.0,29.5,11.0,27.0,30.0,26.5,88.0,26.0,71.0,25.5,70.0,25.0,120.0
2023-04-27 21:08:43.25,1682600923250000000,29.0,27.5,22.5,19745.0,813.0,219075.0,27.5,18.0,28.0,69.0,28.5,19.0,29.0,73.0,29.5,21.0,27.0,30.0,26.5,88.0,26.0,71.0,25.5,70.0,25.0,120.0
2023-04-27 21:08:44.0,1682600924000000000,29.0,27.5,22.5,19745.0,813.0,219075.0,27.5,18.0,28.0,69.0,28.5,19.0,29.0,83.0,29.5,11.0,27.0,30.0,26.5,88.0,26.0,71.0,25.5,70.0,25.0,120.0
2023-04-27 21:08:44.25,1682600924250000000,29.0,27.5,22.5,19745.0,813.0,219075.0,27.5,18.0,28.0,69.0,28.5,19.0,29.0,73.0,29.5,21.0,27.0,30.0,26.5,88.0,26.0,71.0,25.5,70.0,25.0,120.0
2023-04-27 21:08:44.5,1682600924500000000,29.0,27.5,22.5,19745.0,813.0,219075.0,27.5,18.0,28.0,69.0,28.5,19.0,29.0,83.0,29.5,11.0,27.0,30.0,26.5,88.0,26.0,71.0,25.5,70.0,25.0,120.0
2023-04-27 21:08:45.0,1682600925000000000,29.0,27.5,22.5,19745.0,813.0,219075.0,27.5,18.0,28.0,69.0,28.5,19.0,29.0,73.0,29.5,21.0,27.0,20.0,26.5,98.0,26.0,71.0,25.5,70.0,25.0,120.0
2023-04-27 21:08:45.5,1682600925500000000,29.0,27.5,22.5,19745.0,813.0,219075.0,27.5,18.0,28.0,69.0,28.5,19.0,29.0,83.0,29.5,11.0,27.0,20.0,26.5,98.0,26.0,71.0,25.5,70.0,25.0,120.0
2023-04-27 21:08:45.75,1682600925750000000,29.0,27.5,22.5,19745.0,813.0,219075.0,27.5,18.0,28.0,69.0,28.5,19.0,29.0,73.0,29.5,21.0,27.0,20.0,26.5,98.0,26.0,71.0,25.5,70.0,25.0,120.0
2023-04-27 21:08:46.0,1682600926000000000,29.0,27.5,22.5,19745.0,813.0,219075.0,27.5,18.0,28.0,69.0,28.5,19.0,29.0,83.0,29.5,11.0,27.0,20.0,26.5,98.0,26.0,71.0,25.5,70.0,25.0,120.0
2023-04-27 21:08:46.5,1682600926500000000,29.0,27.5,22.5,19745.0,813.0,219075.0,27.5,18.0,28.0,69.0,28.5,19.0,29.0,53.0,29.5,41.0,27.0,20.0,26.5,98.0,26.0,71.0,25.5,70.0,25.0,120.0
