datetime,datetime_nano,highest,last_price,lowest,open_interest,volume,amount,ask_price1,ask_volume1,ask_price2,ask_volume2,ask_price3,ask_volume3,ask_price4,ask_volume4,ask_price5,ask_volume5,bid_price1,bid_volume1,bid_price2,bid_volume2,bid_price3,bid_volume3,bid_price4,bid_volume4,bid_price5,bid_volume5
2023-04-27 20:55:00.0,1682600100000000000,,,,440.0,0.0,0.0,,0.0,,0.0,,0.0,,0.0,,0.0,,0.0,,0.0,,0.0,,0.0,,0.0
2023-04-27 20:59:00.0,1682600340000000000,,,,440.0,0.0,0.0,,0.0,,0.0,,0.0,,0.0,,0.0,500.0,1.0,,0.0,,0.0,,0.0,,0.0
2023-04-27 21:00:04.75,1682600404750000000,,,,440.0,0.0,0.0,1238.5,4.0,,0.0,,0.0,,0.0,,0.0,500.0,1.0,,0.0,,0.0,,0.0,,0.0
2023-04-27 21:00:05.25,1682600405250000000,,,,440.0,0.0,0.0,1238.0,10.0,1238.5,4.0,,0.0,,0.0,,0.0,500.0,1.0,,0.0,,0.0,,0.0,,0.0
2023-04-27 21:00:05.5,1682600405500000000,,,,440.0,0.0,0.0,1237.0,1.0,1238.0,10.0,1238.5,4.0,,0.0,,0.0,501.5,1.0,500.0,1.0,,0.0,,0.0,,0.0
2023-04-27 21:00:05.75,1682600405750000000,,,,440.0,0.0,0.0,1237.0,1.0,1238.5,4.0,,0.0,,0.0,,0.0,501.5,1.0,500.0,1.0,,0.0,,0.0,,0.0
2023-04-27 21:00:06.0,1682600406000000000,,,,440.0,0.0,0.0,1236.5,10.0,1237.0,1.0,1238.5,4.0,,0.0,,0.0,501.5,1.0,500.0,1.0,,0.0,,0.0,,0.0
2023-04-27 21:00:06.5,1682600406500000000,,,,440.0,0.0,0.0,1236.5,10.0,1238.5,4.0,,0.0,,0.0,,0.0,501.5,1.0,500.0,1.0,,0.0,,0.0,,0.0
2023-04-27 21:00:06.75,1682600406750000000,,,,440.0,0.0,0.0,1202.5,4.0,1236.5,10.0,,0.0,,0.0,,0.0,957.5,4.0,501.5,1.0,500.0,1.0,,0.0,,0.0
2023-04-27 21:00:07.0,1682600407000000000,,,,440.0,0.0,0.0,1202.5,4.0,,0.0,,0.0,,0.0,,0.0,957.5,4.0,501.5,1.0,500.0,1.0,,0.0,,0.0
2023-04-27 21:00:07.25,1682600407250000000,,,,440.0,0.0,0.0,1202.0,10.0,1202.5,4.0,,0.0,,0.0,,0.0,957.5,4.0,501.5,1.0,500.0,1.0,,0.0,,0.0
2023-04-27 21:00:07.5,1682600407500000000,,,,440.0,0.0,0.0,1202.0,10.0,1202.5,4.0,,0.0,,0.0,,0.0,957.5,4.0,500.0,1.0,,0.0,,0.0,,0.0
2023-04-27 21:00:08.0,1682600408000000000,,,,440.0,0.0,0.0,1202.5,4.0,,0.0,,0.0,,0.0,,0.0,957.5,4.0,500.0,1.0,,0.0,,0.0,,0.0
2023-04-27 21:00:10.25,1682600410250000000,,,,440.0,0.0,0.0,1201.0,1.0,1202.5,4.0,,0.0,,0.0,,0.0,959.0,1.0,957.5,4.0,500.0,1.0,,0.0,,0.0
2023-04-27 21:00:10.5,1682600410500000000,,,,440.0,0.0,0.0,1200.5,10.0,1201.0,1.0,1202.5,4.0,,0.0,,0.0,959.0,1.0,957.5,4.0,500.0,1.0,,0.0,,0.0
2023-04-27 21:00:10.75,1682600410750000000,,,,440.0,0.0,0.0,1200.5,10.0,1202.5,4.0,,0.0,,0.0,,0.0,959.0,1.0,957.5,4.0,500.0,1.0,,0.0,,0.0
2023-04-27 21:00:12.25,1682600412250000000,,,,440.0,0.0,0.0,1166.5,4.0,1200.5,10.0,,0.0,,0.0,,0.0,993.0,4.0,959.0,1.0,500.0,1.0,,0.0,,0.0
2023-04-27 21:00:12.5,1682600412500000000,,,,440.0,0.0,0.0,1166.5,4.0,,0.0,,0.0,,0.0,,0.0,993.0,4.0,959.0,1.0,500.0,1.0,,0.0,,0.0
2023-04-27 21:00:12.75,1682600412750000000,,,,440.0,0.0,0.0,1166.0,10.0,1166.5,4.0,,0.0,,0.0,,0.0,993.0,4.0,500.0,1.0,,0.0,,0.0,,0.0
2023-04-27 21:00:13.0,1682600413000000000,,,,440.0,0.0,0.0,1132.0,4.0,1166.0,10.0,,0.0,,0.0,,0.0,993.0,4.0,500.0,1.0,,0.0,,0.0,,0.0
2023-04-27 21:00:13.25,1682600413250000000,,,,440.0,0.0,0.0,1131.5,10.0,1132.0,4.0,,0.0,,0.0,,0.0,993.0,4.0,500.0,1.0,,0.0,,0.0,,0.0
2023-04-27 21:00:17.0,1682600417000000000,,,,440.0,0.0,0.0,1131.5,10.0,1132.0,4.0,,0.0,,0.0,,0.0,993.0,4.0,560.0,1.0,500.0,1.0,,0.0,,0.0
2023-04-27 21:00:18.0,1682600418000000000,,,,440.0,0.0,0.0,1131.5,10.0,1132.0,4.0,,0.0,,0.0,,0.0,941.0,4.0,560.0,1.0,500.0,1.0,,0.0,,0.0
2023-04-27 21:00:20.25,1682600420250000000,,,,440.0,0.0,0.0,1130.0,1.0,1131.5,10.0,1132.0,4.0,,0.0,,0.0,942.5,1.0,941.0,4.0,560.0,1.0,500.0,1.0,,0.0
2023-04-27 21:00:20.5,1682600420500000000,,,,440.0,0.0,0.0,1130.0,1.0,1132.0,4.0,,0.0,,0.0,,0.0,976.5,4.0,942.5,1.0,560.0,1.0,500.0,1.0,,0.0
2023-04-27 21:00:20.75,1682600420750000000,,,,440.0,0.0,0.0,1129.5,10.0,1130.0,1.0,1132.0,4.0,,0.0,,0.0,978.0,1.0,976.5,4.0,560.0,1.0,500.0,1.0,,0.0
2023-04-27 21:00:21.0,1682600421000000000,,,,440.0,0.0,0.0,1129.5,10.0,1130.0,1.0,1132.0,4.0,,0.0,,0.0,1012.0,4.0,978.0,1.0,560.0,1.0,500.0,1.0,,0.0
2023-04-27 21:00:21.25,1682600421250000000,,,,440.0,0.0,0.0,1129.5,10.0,1132.0,4.0,,0.0,,0.0,,0.0,1012.0,4.0,560.0,1.0,500.0,1.0,,0.0,,0.0
2023-04-27 21:00:24.5,1682600424500000000,,,,440.0,0.0,0.0,1128.0,1.0,1129.5,10.0,1132.0,4.0,,0.0,,0.0,1013.5,1.0,1012.0,4.0,560.0,1.0,500.0,1.0,,0.0
2023-04-27 21:00:24.75,1682600424750000000,,,,440.0,0.0,0.0,1128.0,1.0,1132.0,4.0,,0.0,,0.0,,0.0,1047.5,4.0,1013.5,1.0,560.0,1.0,500.0,1.0,,0.0
2023-04-27 21:00:25.0,1682600425000000000,,,,440.0,0.0,0.0,1127.5,10.0,1128.0,1.0,1132.0,4.0,,0.0,,0.0,1047.5,4.0,1013.5,1.0,560.0,1.0,500.0,1.0,,0.0
2023-04-27 21:00:25.25,1682600425250000000,,,,440.0,0.0,0.0,1127.5,10.0,1132.0,4.0,,0.0,,0.0,,0.0,1047.5,4.0,560.0,1.0,500.0,1.0,,0.0,,0.0
2023-04-27 21:00:26.25,1682600426250000000,,,,440.0,0.0,0.0,1126.0,1.0,1127.5,10.0,1132.0,4.0,,0.0,,0.0,1047.5,4.0,560.0,1.0,500.0,1.0,,0.0,,0.0
2023-04-27 21:00:26.5,1682600426500000000,,,,440.0,0.0,0.0,1126.0,1.0,1132.0,4.0,,0.0,,0.0,,0.0,1047.5,4.0,560.0,1.0,500.0,1.0,,0.0,,0.0
2023-04-27 21:00:26.75,1682600426750000000,,,,440.0,0.0,0.0,1125.5,10.0,1126.0,1.0,1132.0,4.0,,0.0,,0.0,1047.5,4.0,560.0,1.0,500.0,1.0,,0.0,,0.0
2023-04-27 21:00:27.25,1682600427250000000,,,,440.0,0.0,0.0,1125.5,10.0,1132.0,4.0,,0.0,,0.0,,0.0,1047.5,4.0,560.0,1.0,500.0,1.0,,0.0,,0.0
2023-04-27 21:00:31.0,1682600431000000000,,,,440.0,0.0,0.0,1125.5,10.0,1132.0,4.0,,0.0,,0.0,,0.0,945.5,4.0,560.0,1.0,500.0,1.0,,0.0,,0.0
2023-04-27 21:00:31.25,1682600431250000000,,,,440.0,0.0,0.0,1125.5,10.0,1132.0,4.0,,0.0,,0.0,,0.0,947.0,1.0,945.5,4.0,560.0,1.0,500.0,1.0,,0.0
2023-04-27 21:00:31.5,1682600431500000000,,,,440.0,0.0,0.0,1125.5,10.0,1132.0,4.0,,0.0,,0.0,,0.0,981.0,4.0,947.0,1.0,560.0,1.0,500.0,1.0,,0.0
2023-04-27 21:00:31.75,1682600431750000000,,,,440.0,0.0,0.0,1125.5,10.0,1132.0,4.0,,0.0,,0.0,,0.0,981.0,4.0,560.0,1.0,500.0,1.0,,0.0,,0.0
2023-04-27 21:00:34.0,1682600434000000000,,,,440.0,0.0,0.0,1125.5,10.0,1132.0,4.0,,0.0,,0.0,,0.0,982.5,1.0,981.0,4.0,560.0,1.0,500.0,1.0,,0.0
2023-04-27 21:00:34.25,1682600434250000000,,,,440.0,0.0,0.0,1125.5,10.0,1132.0,4.0,,0.0,,0.0,,0.0,1016.5,4.0,982.5,1.0,560.0,1.0,500.0,1.0,,0.0
2023-04-27 21:00:34.75,1682600434750000000,,,,440.0,0.0,0.0,1125.5,10.0,1132.0,4.0,,0.0,,0.0,,0.0,1018.0,1.0,1016.5,4.0,560.0,1.0,500.0,1.0,,0.0
2023-04-27 21:00:35.0,1682600435000000000,,,,440.0,0.0,0.0,1125.5,10.0,1132.0,4.0,,0.0,,0.0,,0.0,1052.0,4.0,1018.0,1.0,560.0,1.0,500.0,1.0,,0.0
2023-04-27 21:00:35.25,1682600435250000000,,,,440.0,0.0,0.0,1125.5,10.0,1132.0,4.0,,0.0,,0.0,,0.0,1052.0,4.0,560.0,1.0,500.0,1.0,,0.0,,0.0
2023-04-27 21:00:41.0,1682600441000000000,,,,440.0,0.0,0.0,1125.5,10.0,1132.0,4.0,,0.0,,0.0,,0.0,943.0,4.0,560.0,1.0,500.0,1.0,,0.0,,0.0
2023-04-27 21:00:45.25,1682600445250000000,,,,440.0,0.0,0.0,1125.5,10.0,1132.0,4.0,,0.0,,0.0,,0.0,944.5,1.0,943.0,4.0,560.0,1.0,500.0,1.0,,0.0
2023-04-27 21:00:45.5,1682600445500000000,,,,440.0,0.0,0.0,1125.5,10.0,1132.0,4.0,,0.0,,0.0,,0.0,978.5,4.0,944.5,1.0,560.0,1.0,500.0,1.0,,0.0
2023-04-27 21:00:45.75,1682600445750000000,,,,440.0,0.0,0.0,1125.5,10.0,1132.0,4.0,,0.0,,0.0,,0.0,978.5,4.0,560.0,1.0,500.0,1.0,,0.0,,0.0
2023-04-27 21:00:47.75,1682600447750000000,,,,440.0,0.0,0.0,1125.5,10.0,1132.0,4.0,,0.0,,0.0,,0.0,980.0,1.0,978.5,4.0,560.0,1.0,500.0,1.0,,0.0
2023-04-27 21:00:48.0,1682600448000000000,,,,440.0,0.0,0.0,1125.5,10.0,1132.0,4.0,,0.0,,0.0,,0.0,1014.0,4.0,980.0,1.0,560.0,1.0,500.0,1.0,,0.0
2023-04-27 21:00:48.25,1682600448250000000,,,,440.0,0.0,0.0,1125.5,10.0,1132.0,4.0,,0.0,,0.0,,0.0,1014.0,4.0,560.0,1.0,500.0,1.0,,0.0,,0.0
2023-04-27 21:00:51.25,1682600451250000000,,,,440.0,0.0,0.0,1125.5,10.0,1132.0,4.0,,0.0,,0.0,,0.0,1015.5,1.0,1014.0,4.0,560.0,1.0,500.0,1.0,,0.0
2023-04-27 21:00:51.5,1682600451500000000,,,,440.0,0.0,0.0,1125.5,10.0,1132.0,4.0,,0.0,,0.0,,0.0,1046.0,4.0,1015.5,1.0,560.0,1.0,500.0,1.0,,0.0
2023-04-27 21:00:51.75,1682600451750000000,,,,440.0,0.0,0.0,1110.0,4.0,1125.5,10.0,,0.0,,0.0,,0.0,1046.0,4.0,560.0,1.0,500.0,1.0,,0.0,,0.0
2023-04-27 21:00:52.0,1682600452000000000,,,,440.0,0.0,0.0,1110.0,4.0,,0.0,,0.0,,0.0,,0.0,1046.0,4.0,560.0,1.0,500.0,1.0,,0.0,,0.0
2023-04-27 21:00:52.25,1682600452250000000,,,,440.0,0.0,0.0,1109.5,10.0,1110.0,4.0,,0.0,,0.0,,0.0,1046.0,4.0,560.0,1.0,500.0,1.0,,0.0,,0.0
2023-04-27 21:00:57.0,1682600457000000000,,,,440.0,0.0,0.0,1109.5,10.0,1110.0,4.0,,0.0,,0.0,,0.0,942.0,4.0,560.0,1.0,500.0,1.0,,0.0,,0.0
2023-04-27 21:00:57.25,1682600457250000000,,,,440.0,0.0,0.0,1109.5,10.0,1110.0,4.0,,0.0,,0.0,,0.0,943.5,1.0,942.0,4.0,560.0,1.0,500.0,1.0,,0.0
2023-04-27 21:00:57.5,1682600457500000000,,,,440.0,0.0,0.0,1109.5,10.0,1110.0,4.0,,0.0,,0.0,,0.0,977.5,4.0,943.5,1.0,560.0,1.0,500.0,1.0,,0.0
2023-04-27 21:00:57.75,1682600457750000000,,,,440.0,0.0,0.0,1109.5,10.0,1110.0,4.0,,0.0,,0.0,,0.0,977.5,4.0,560.0,1.0,500.0,1.0,,0.0,,0.0
2023-04-27 21:00:59.75,1682600459750000000,,,,440.0,0.0,0.0,1109.5,10.0,1110.0,4.0,,0.0,,0.0,,0.0,979.0,1.0,977.5,4.0,560.0,1.0,500.0,1.0,,0.0
2023-04-27 21:01:00.0,1682600460000000000,,,,440.0,0.0,0.0,1109.5,10.0,1110.0,4.0,,0.0,,0.0,,0.0,1013.0,4.0,979.0,1.0,560.0,1.0,500.0,1.0,,0.0
2023-04-27 21:01:00.25,1682600460250000000,,,,440.0,0.0,0.0,1109.5,10.0,1110.0,4.0,,0.0,,0.0,,0.0,1014.5,1.0,1013.0,4.0,560.0,1.0,500.0,1.0,,0.0
2023-04-27 21:01:00.5,1682600460500000000,,,,440.0,0.0,0.0,1109.5,10.0,1110.0,4.0,,0.0,,0.0,,0.0,1048.5,4.0,1014.5,1.0,560.0,1.0,500.0,1.0,,0.0
2023-04-27 21:01:00.75,1682600460750000000,,,,440.0,0.0,0.0,1109.5,10.0,1110.0,4.0,,0.0,,0.0,,0.0,1048.5,4.0,560.0,1.0,500.0,1.0,,0.0,,0.0
2023-04-27 21:12:07.0,1682601127000000000,,,,440.0,0.0,0.0,1086.5,5.0,1109.5,10.0,1110.0,4.0,,0.0,,0.0,1048.5,4.0,560.0,1.0,500.0,1.0,,0.0,,0.0
2023-04-27 21:12:07.25,1682601127250000000,,,,440.0,0.0,0.0,1086.5,5.0,1110.0,4.0,,0.0,,0.0,,0.0,1048.5,4.0,560.0,1.0,500.0,1.0,,0.0,,0.0
2023-04-27 21:12:11.75,1682601131750000000,,,,440.0,0.0,0.0,1090.0,5.0,1110.0,4.0,,0.0,,0.0,,0.0,1048.5,4.0,560.0,1.0,500.0,1.0,,0.0,,0.0
2023-04-27 21:12:12.75,1682601132750000000,,,,440.0,0.0,0.0,1088.5,5.0,1110.0,4.0,,0.0,,0.0,,0.0,1048.5,4.0,560.0,1.0,500.0,1.0,,0.0,,0.0
2023-04-27 21:12:21.25,1682601141250000000,,,,440.0,0.0,0.0,1087.0,5.0,1110.0,4.0,,0.0,,0.0,,0.0,1048.5,4.0,560.0,1.0,500.0,1.0,,0.0,,0.0
2023-04-27 21:12:31.0,1682601151000000000,,,,440.0,0.0,0.0,1088.5,5.0,1110.0,4.0,,0.0,,0.0,,0.0,1048.5,4.0,560.0,1.0,500.0,1.0,,0.0,,0.0
2023-04-27 21:12:53.5,1682601173500000000,,,,440.0,0.0,0.0,1090.0,5.0,1110.0,4.0,,0.0,,0.0,,0.0,1048.5,4.0,560.0,1.0,500.0,1.0,,0.0,,0.0
2023-04-27 21:13:07.5,1682601187500000000,,,,440.0,0.0,0.0,1091.5,5.0,1110.0,4.0,,0.0,,0.0,,0.0,1048.5,4.0,560.0,1.0,500.0,1.0,,0.0,,0.0
2023-04-27 21:13:09.25,1682601189250000000,,,,440.0,0.0,0.0,1093.0,5.0,1110.0,4.0,,0.0,,0.0,,0.0,1048.5,4.0,560.0,1.0,500.0,1.0,,0.0,,0.0
2023-04-27 21:13:15.25,1682601195250000000,,,,440.0,0.0,0.0,1094.5,5.0,1110.0,4.0,,0.0,,0.0,,0.0,1048.5,4.0,560.0,1.0,500.0,1.0,,0.0,,0.0
2023-04-27 21:13:19.25,1682601199250000000,,,,440.0,0.0,0.0,1096.0,5.0,1110.0,4.0,,0.0,,0.0,,0.0,1048.5,4.0,560.0,1.0,500.0,1.0,,0.0,,0.0
2023-04-27 21:13:27.75,1682601207750000000,,,,440.0,0.0,0.0,1093.5,5.0,1110.0,4.0,,0.0,,0.0,,0.0,1048.5,4.0,560.0,1.0,500.0,1.0,,0.0,,0.0
2023-04-27 21:13:37.25,1682601217250000000,,,,440.0,0.0,0.0,1095.0,5.0,1110.0,4.0,,0.0,,0.0,,0.0,1048.5,4.0,560.0,1.0,500.0,1.0,,0.0,,0.0
2023-04-27 21:13:43.25,1682601223250000000,,,,440.0,0.0,0.0,1093.5,5.0,1110.0,4.0,,0.0,,0.0,,0.0,1048.5,4.0,560.0,1.0,500.0,1.0,,0.0,,0.0
2023-04-27 21:13:52.0,1682601232000000000,,,,440.0,0.0,0.0,1095.0,5.0,1110.0,4.0,,0.0,,0.0,,0.0,1048.5,4.0,560.0,1.0,500.0,1.0,,0.0,,0.0
2023-04-27 21:14:00.0,1682601240000000000,,,,440.0,0.0,0.0,1093.5,5.0,1110.0,4.0,,0.0,,0.0,,0.0,1048.5,4.0,560.0,1.0,500.0,1.0,,0.0,,0.0
2023-04-27 21:14:06.0,1682601246000000000,,,,440.0,0.0,0.0,1092.0,5.0,1110.0,4.0,,0.0,,0.0,,0.0,1048.5,4.0,560.0,1.0,500.0,1.0,,0.0,,0.0
2023-04-27 21:14:29.0,1682601269000000000,,,,440.0,0.0,0.0,1090.5,5.0,1110.0,4.0,,0.0,,0.0,,0.0,1048.5,4.0,560.0,1.0,500.0,1.0,,0.0,,0.0
2023-04-27 21:14:36.0,1682601276000000000,,,,440.0,0.0,0.0,1089.0,5.0,1110.0,4.0,,0.0,,0.0,,0.0,1048.5,4.0,560.0,1.0,500.0,1.0,,0.0,,0.0
2023-04-27 21:14:57.5,1682601297500000000,,,,440.0,0.0,0.0,1087.0,5.0,1110.0,4.0,,0.0,,0.0,,0.0,1048.5,4.0,560.0,1.0,500.0,1.0,,0.0,,0.0
2023-04-27 21:15:00.5,1682601300500000000,,,,440.0,0.0,0.0,1088.5,5.0,1110.0,4.0,,0.0,,0.0,,0.0,1048.5,4.0,560.0,1.0,500.0,1.0,,0.0,,0.0
2023-04-27 21:15:17.75,1682601317750000000,,,,440.0,0.0,0.0,1090.0,5.0,1110.0,4.0,,0.0,,0.0,,0.0,1048.5,4.0,560.0,1.0,500.0,1.0,,0.0,,0.0
2023-04-27 21:15:19.25,1682601319250000000,,,,440.0,0.0,0.0,1091.5,5.0,1110.0,4.0,,0.0,,0.0,,0.0,1048.5,4.0,560.0,1.0,500.0,1.0,,0.0,,0.0
2023-04-27 21:15:26.25,1682601326250000000,,,,440.0,0.0,0.0,1090.0,5.0,1110.0,4.0,,0.0,,0.0,,0.0,1048.5,4.0,560.0,1.0,500.0,1.0,,0.0,,0.0
2023-04-27 21:15:33.0,1682601333000000000,,,,440.0,0.0,0.0,1091.5,5.0,1110.0,4.0,,0.0,,0.0,,0.0,1048.5,4.0,560.0,1.0,500.0,1.0,,0.0,,0.0
2023-04-27 21:15:34.25,1682601334250000000,,,,440.0,0.0,0.0,1093.0,5.0,1110.0,4.0,,0.0,,0.0,,0.0,1048.5,4.0,560.0,1.0,500.0,1.0,,0.0,,0.0
2023-04-27 21:15:36.5,1682601336500000000,,,,440.0,0.0,0.0,1094.5,5.0,1110.0,4.0,,0.0,,0.0,,0.0,1048.5,4.0,560.0,1.0,500.0,1.0,,0.0,,0.0
2023-04-27 21:15:39.75,1682601339750000000,,,,440.0,0.0,0.0,1092.5,5.0,1110.0,4.0,,0.0,,0.0,,0.0,1048.5,4.0,560.0,1.0,500.0,1.0,,0.0,,0.0
2023-04-27 21:16:26.5,1682601386500000000,1092.5,1092.5,1092.5,440.0,5.0,54625.0,1110.0,4.0,,0.0,,0.0,,0.0,,0.0,1048.5,4.0,560.0,1.0,500.0,1.0,,0.0,,0.0
2023-04-27 21:16:26.75,1682601386750000000,1092.5,1092.5,1092.5,440.0,5.0,54625.0,1109.5,10.0,1110.0,4.0,,0.0,,0.0,,0.0,1049.0,1.0,1048.5,4.0,560.0,1.0,500.0,1.0,,0.0
2023-04-27 21:16:36.25,1682601396250000000,1092.5,1092.5,1092.5,440.0,5.0,54625.0,1109.0,1.0,1109.5,10.0,1110.0,4.0,,0.0,,0.0,1049.0,1.0,1048.5,4.0,560.0,1.0,500.0,1.0,,0.0
2023-04-27 21:16:36.5,1682601396500000000,1092.5,1092.5,1092.5,440.0,5.0,54625.0,1109.0,1.0,1110.0,4.0,,0.0,,0.0,,0.0,1049.0,1.0,1048.5,4.0,560.0,1.0,500.0,1.0,,0.0
2023-04-27 21:16:36.75,1682601396750000000,1092.5,1092.5,1092.5,440.0,5.0,54625.0,1108.5,10.0,1109.0,1.0,1110.0,4.0,,0.0,,0.0,1049.0,1.0,1048.5,4.0,560.0,1.0,500.0,1.0,,0.0
2023-04-27 21:16:53.75,1682601413750000000,1092.5,1092.5,1092.5,440.0,5.0,54625.0,1108.0,1.0,1108.5,10.0,1109.0,1.0,1110.0,4.0,,0.0,1049.0,1.0,1048.5,4.0,560.0,1.0,500.0,1.0,,0.0
2023-04-27 21:16:54.0,1682601414000000000,1092.5,1092.5,1092.5,440.0,5.0,54625.0,1108.0,1.0,1109.0,1.0,1110.0,4.0,,0.0,,0.0,1049.0,1.0,1048.5,4.0,560.0,1.0,500.0,1.0,,0.0
2023-04-27 21:16:54.25,1682601414250000000,1092.5,1092.5,1092.5,440.0,5.0,54625.0,1092.5,5.0,1107.5,10.0,1108.0,1.0,1109.0,1.0,1110.0,4.0,1049.0,1.0,1048.5,4.0,560.0,1.0,500.0,1.0,,0.0
2023-04-27 21:16:54.5,1682601414500000000,1092.5,1092.5,1092.5,440.0,5.0,54625.0,1092.5,5.0,1108.0,1.0,1109.0,1.0,1110.0,4.0,,0.0,1049.0,1.0,1048.5,4.0,560.0,1.0,500.0,1.0,,0.0
2023-04-27 21:17:00.5,1682601420500000000,1092.5,1092.5,1092.5,440.0,5.0,54625.0,1091.0,5.0,1108.0,1.0,1109.0,1.0,1110.0,4.0,,0.0,1049.0,1.0,1048.5,4.0,560.0,1.0,500.0,1.0,,0.0
2023-04-27 21:17:20.5,1682601440500000000,1092.5,1092.5,1092.5,440.0,5.0,54625.0,1089.5,5.0,1108.0,1.0,1109.0,1.0,1110.0,4.0,,0.0,1049.0,1.0,1048.5,4.0,560.0,1.0,500.0,1.0,,0.0
2023-04-27 21:17:43.75,1682601463750000000,1092.5,1092.5,1092.5,440.0,5.0,54625.0,1088.0,5.0,1108.0,1.0,1109.0,1.0,1110.0,4.0,,0.0,1049.0,1.0,1048.5,4.0,560.0,1.0,500.0,1.0,,0.0
2023-04-27 21:17:56.25,1682601476250000000,1092.5,1092.5,1092.5,440.0,5.0,54625.0,1085.5,5.0,1108.0,1.0,1109.0,1.0,1110.0,4.0,,0.0,1049.0,1.0,1048.5,4.0,560.0,1.0,500.0,1.0,,0.0
2023-04-27 21:17:56.5,1682601476500000000,1092.5,1092.5,1092.5,440.0,5.0,54625.0,1083.5,5.0,1108.0,1.0,1109.0,1.0,1110.0,4.0,,0.0,1049.0,1.0,1048.5,4.0,560.0,1.0,500.0,1.0,,0.0
2023-04-27 21:17:58.25,1682601478250000000,1092.5,1092.5,1092.5,440.0,5.0,54625.0,1085.0,5.0,1108.0,1.0,1109.0,1.0,1110.0,4.0,,0.0,1049.0,1.0,1048.5,4.0,560.0,1.0,500.0,1.0,,0.0
2023-04-27 21:18:01.25,1682601481250000000,1092.5,1092.5,1092.5,440.0,5.0,54625.0,1083.5,5.0,1108.0,1.0,1109.0,1.0,1110.0,4.0,,0.0,1049.0,1.0,1048.5,4.0,560.0,1.0,500.0,1.0,,0.0
2023-04-27 21:18:05.5,1682601485500000000,1092.5,1092.5,1092.5,440.0,5.0,54625.0,1085.0,5.0,1108.0,1.0,1109.0,1.0,1110.0,4.0,,0.0,1049.0,1.0,1048.5,4.0,560.0,1.0,500.0,1.0,,0.0
2023-04-27 21:18:13.25,1682601493250000000,1092.5,1092.5,1092.5,440.0,5.0,54625.0,1083.5,5.0,1108.0,1.0,1109.0,1.0,1110.0,4.0,,0.0,1049.0,1.0,1048.5,4.0,560.0,1.0,500.0,1.0,,0.0
2023-04-27 21:18:32.0,1682601512000000000,1092.5,1092.5,1092.5,440.0,5.0,54625.0,1086.0,5.0,1108.0,1.0,1109.0,1.0,1110.0,4.0,,0.0,1049.0,1.0,1048.5,4.0,560.0,1.0,500.0,1.0,,0.0
2023-04-27 21:18:35.5,1682601515500000000,1092.5,1092.5,1092.5,440.0,5.0,54625.0,1084.5,5.0,1108.0,1.0,1109.0,1.0,1110.0,4.0,,0.0,1049.0,1.0,1048.5,4.0,560.0,1.0,500.0,1.0,,0.0
2023-04-27 21:18:36.25,1682601516250000000,1092.5,1092.5,1092.5,440.0,5.0,54625.0,1086.0,5.0,1108.0,1.0,1109.0,1.0,1110.0,4.0,,0.0,1049.0,1.0,1048.5,4.0,560.0,1.0,500.0,1.0,,0.0
2023-04-27 21:18:55.75,1682601535750000000,1092.5,1092.5,1092.5,440.0,5.0,54625.0,1088.0,5.0,1108.0,1.0,1109.0,1.0,1110.0,4.0,,0.0,1049.0,1.0,1048.5,4.0,560.0,1.0,500.0,1.0,,0.0
2023-04-27 21:19:27.75,1682601567750000000,1092.5,1092.5,1092.5,440.0,5.0,54625.0,1089.5,5.0,1108.0,1.0,1109.0,1.0,1110.0,4.0,,0.0,1049.0,1.0,1048.5,4.0,560.0,1.0,500.0,1.0,,0.0
2023-04-27 21:19:32.75,1682601572750000000,1092.5,1092.5,1092.5,440.0,5.0,54625.0,1088.0,5.0,1108.0,1.0,1109.0,1.0,1110.0,4.0,,0.0,1049.0,1.0,1048.5,4.0,560.0,1.0,500.0,1.0,,0.0
2023-04-27 21:19:38.0,1682601578000000000,1092.5,1092.5,1092.5,440.0,5.0,54625.0,1089.5,5.0,1108.0,1.0,1109.0,1.0,1110.0,4.0,,0.0,1049.0,1.0,1048.5,4.0,560.0,1.0,500.0,1.0,,0.0
2023-04-27 21:19:46.75,1682601586750000000,1092.5,1092.5,1092.5,440.0,5.0,54625.0,1091.0,5.0,1108.0,1.0,1109.0,1.0,1110.0,4.0,,0.0,1049.0,1.0,1048.5,4.0,560.0,1.0,500.0,1.0,,0.0
2023-04-27 21:20:00.75,1682601600750000000,1092.5,1092.5,1092.5,440.0,5.0,54625.0,1092.5,5.0,1108.0,1.0,1109.0,1.0,1110.0,4.0,,0.0,1049.0,1.0,1048.5,4.0,560.0,1.0,500.0,1.0,,0.0
2023-04-27 21:20:09.5,1682601609500000000,1092.5,1092.5,1092.5,440.0,5.0,54625.0,1091.0,5.0,1108.0,1.0,1109.0,1.0,1110.0,4.0,,0.0,1049.0,1.0,1048.5,4.0,560.0,1.0,500.0,1.0,,0.0
2023-04-27 21:20:37.0,1682601637000000000,1092.5,1092.5,1092.5,440.0,5.0,54625.0,1089.5,5.0,1108.0,1.0,1109.0,1.0,1110.0,4.0,,0.0,1049.0,1.0,1048.5,4.0,560.0,1.0,500.0,1.0,,0.0
2023-04-27 21:21:11.0,1682601671000000000,1092.5,1092.5,1092.5,440.0,5.0,54625.0,1088.0,5.0,1108.0,1.0,1109.0,1.0,1110.0,4.0,,0.0,1049.0,1.0,1048.5,4.0,560.0,1.0,500.0,1.0,,0.0
2023-04-27 21:21:20.0,1682601680000000000,1092.5,1092.5,1092.5,440.0,5.0,54625.0,1086.5,5.0,1108.0,1.0,1109.0,1.0,1110.0,4.0,,0.0,1049.0,1.0,1048.5,4.0,560.0,1.0,500.0,1.0,,0.0
2023-04-27 21:21:24.5,1682601684500000000,1092.5,1092.5,1092.5,440.0,5.0,54625.0,1085.0,5.0,1108.0,1.0,1109.0,1.0,1110.0,4.0,,0.0,1049.0,1.0,1048.5,4.0,560.0,1.0,500.0,1.0,,0.0
2023-04-27 21:21:55.0,1682601715000000000,1092.5,1092.5,1092.5,440.0,5.0,54625.0,1086.5,5.0,1108.0,1.0,1109.0,1.0,1110.0,4.0,,0.0,1049.0,1.0,1048.5,4.0,560.0,1.0,500.0,1.0,,0.0
2023-04-27 21:22:16.75,1682601736750000000,1092.5,1092.5,1092.5,440.0,5.0,54625.0,1088.5,5.0,1108.0,1.0,1109.0,1.0,1110.0,4.0,,0.0,1049.0,1.0,1048.5,4.0,560.0,1.0,500.0,1.0,,0.0
2023-04-27 21:22:25.75,1682601745750000000,1092.5,1092.5,1092.5,440.0,5.0,54625.0,1087.0,5.0,1108.0,1.0,1109.0,1.0,1110.0,4.0,,0.0,1049.0,1.0,1048.5,4.0,560.0,1.0,500.0,1.0,,0.0
2023-04-27 21:22:32.5,1682601752500000000,1092.5,1092.5,1092.5,440.0,5.0,54625.0,1088.5,5.0,1108.0,1.0,1109.0,1.0,1110.0,4.0,,0.0,1049.0,1.0,1048.5,4.0,560.0,1.0,500.0,1.0,,0.0
2023-04-27 21:22:42.0,1682601762000000000,1092.5,1092.5,1092.5,440.0,5.0,54625.0,1090.0,5.0,1108.0,1.0,1109.0,1.0,1110.0,4.0,,0.0,1049.0,1.0,1048.5,4.0,560.0,1.0,500.0,1.0,,0.0
2023-04-27 21:22:46.0,1682601766000000000,1092.5,1092.5,1092.5,440.0,5.0,54625.0,1088.0,5.0,1108.0,1.0,1109.0,1.0,1110.0,4.0,,0.0,1049.0,1.0,1048.5,4.0,560.0,1.0,500.0,1.0,,0.0
2023-04-27 21:22:52.25,1682601772250000000,1092.5,1092.5,1092.5,440.0,5.0,54625.0,1089.5,5.0,1108.0,1.0,1109.0,1.0,1110.0,4.0,,0.0,1049.0,1.0,1048.5,4.0,560.0,1.0,500.0,1.0,,0.0
2023-04-27 21:23:18.25,1682601798250000000,1092.5,1092.5,1092.5,440.0,5.0,54625.0,1088.0,5.0,1108.0,1.0,1109.0,1.0,1110.0,4.0,,0.0,1049.0,1.0,1048.5,4.0,560.0,1.0,500.0,1.0,,0.0
2023-04-27 21:23:23.0,1682601803000000000,1092.5,1092.5,1092.5,440.0,5.0,54625.0,1086.5,5.0,1108.0,1.0,1109.0,1.0,1110.0,4.0,,0.0,1049.0,1.0,1048.5,4.0,560.0,1.0,500.0,1.0,,0.0
2023-04-27 21:24:00.75,1682601840750000000,1092.5,1092.5,1092.5,440.0,5.0,54625.0,1084.5,5.0,1108.0,1.0,1109.0,1.0,1110.0,4.0,,0.0,1049.0,1.0,1048.5,4.0,560.0,1.0,500.0,1.0,,0.0
2023-04-27 21:24:02.75,1682601842750000000,1092.5,1092.5,1092.5,440.0,5.0,54625.0,1082.0,5.0,1108.0,1.0,1109.0,1.0,1110.0,4.0,,0.0,1049.0,1.0,1048.5,4.0,560.0,1.0,500.0,1.0,,0.0
2023-04-27 21:24:12.75,1682601852750000000,1092.5,1092.5,1092.5,440.0,5.0,54625.0,1083.5,5.0,1108.0,1.0,1109.0,1.0,1110.0,4.0,,0.0,1049.0,1.0,1048.5,4.0,560.0,1.0,500.0,1.0,,0.0
2023-04-27 21:24:20.0,1682601860000000000,1092.5,1092.5,1092.5,440.0,5.0,54625.0,1082.0,5.0,1108.0,1.0,1109.0,1.0,1110.0,4.0,,0.0,1049.0,1.0,1048.5,4.0,560.0,1.0,500.0,1.0,,0.0
2023-04-27 21:24:38.25,1682601878250000000,1092.5,1092.5,1092.5,440.0,5.0,54625.0,1083.5,5.0,1108.0,1.0,1109.0,1.0,1110.0,4.0,,0.0,1049.0,1.0,1048.5,4.0,560.0,1.0,500.0,1.0,,0.0
2023-04-27 21:24:49.75,1682601889750000000,1092.5,1092.5,1092.5,440.0,5.0,54625.0,1081.5,5.0,1108.0,1.0,1109.0,1.0,1110.0,4.0,,0.0,1049.0,1.0,1048.5,4.0,560.0,1.0,500.0,1.0,,0.0
2023-04-27 21:24:57.0,1682601897000000000,1092.5,1092.5,1092.5,440.0,5.0,54625.0,1080.0,5.0,1108.0,1.0,1109.0,1.0,1110.0,4.0,,0.0,1049.0,1.0,1048.5,4.0,560.0,1.0,500.0,1.0,,0.0
2023-04-27 21:25:08.25,1682601908250000000,1092.5,1092.5,1092.5,440.0,5.0,54625.0,1081.5,5.0,1108.0,1.0,1109.0,1.0,1110.0,4.0,,0.0,1049.0,1.0,1048.5,4.0,560.0,1.0,500.0,1.0,,0.0
2023-04-27 21:25:15.75,1682601915750000000,1092.5,1092.5,1092.5,440.0,5.0,54625.0,1083.0,5.0,1108.0,1.0,1109.0,1.0,1110.0,4.0,,0.0,1049.0,1.0,1048.5,4.0,560.0,1.0,500.0,1.0,,0.0
2023-04-27 21:25:18.75,1682601918750000000,1092.5,1092.5,1092.5,440.0,5.0,54625.0,1084.5,5.0,1108.0,1.0,1109.0,1.0,1110.0,4.0,,0.0,1049.0,1.0,1048.5,4.0,560.0,1.0,500.0,1.0,,0.0
2023-04-27 21:25:43.25,1682601943250000000,1092.5,1092.5,1092.5,440.0,5.0,54625.0,1083.0,5.0,1108.0,1.0,1109.0,1.0,1110.0,4.0,,0.0,1049.0,1.0,1048.5,4.0,560.0,1.0,500.0,1.0,,0.0
2023-04-27 21:25:53.0,1682601953000000000,1092.5,1092.5,1092.5,440.0,5.0,54625.0,1084.5,5.0,1108.0,1.0,1109.0,1.0,1110.0,4.0,,0.0,1049.0,1.0,1048.5,4.0,560.0,1.0,500.0,1.0,,0.0
2023-04-27 21:26:08.5,1682601968500000000,1092.5,1092.5,1092.5,440.0,5.0,54625.0,1083.0,5.0,1108.0,1.0,1109.0,1.0,1110.0,4.0,,0.0,1049.0,1.0,1048.5,4.0,560.0,1.0,500.0,1.0,,0.0
2023-04-27 21:26:38.5,1682601998500000000,1092.5,1092.5,1092.5,440.0,5.0,54625.0,1081.5,5.0,1108.0,1.0,1109.0,1.0,1110.0,4.0,,0.0,1049.0,1.0,1048.5,4.0,560.0,1.0,500.0,1.0,,0.0
2023-04-27 21:27:37.75,1682602057750000000,1092.5,1092.5,1092.5,440.0,5.0,54625.0,1083.0,5.0,1108.0,1.0,1109.0,1.0,1110.0,4.0,,0.0,1049.0,1.0,1048.5,4.0,560.0,1.0,500.0,1.0,,0.0
2023-04-27 21:28:12.0,1682602092000000000,1092.5,1092.5,1092.5,440.0,5.0,54625.0,1084.5,5.0,1108.0,1.0,1109.0,1.0,1110.0,4.0,,0.0,1049.0,1.0,1048.5,4.0,560.0,1.0,500.0,1.0,,0.0
2023-04-27 21:28:16.0,1682602096000000000,1092.5,1092.5,1092.5,440.0,5.0,54625.0,1086.0,5.0,1108.0,1.0,1109.0,1.0,1110.0,4.0,,0.0,1049.0,1.0,1048.5,4.0,560.0,1.0,500.0,1.0,,0.0
2023-04-27 21:28:16.75,1682602096750000000,1092.5,1092.5,1092.5,440.0,5.0,54625.0,1087.5,5.0,1108.0,1.0,1109.0,1.0,1110.0,4.0,,0.0,1049.0,1.0,1048.5,4.0,560.0,1.0,500.0,1.0,,0.0
2023-04-27 21:28:27.5,1682602107500000000,1092.5,1092.5,1092.5,440.0,5.0,54625.0,1089.0,5.0,1108.0,1.0,1109.0,1.0,1110.0,4.0,,0.0,1049.0,1.0,1048.5,4.0,560.0,1.0,500.0,1.0,,0.0
2023-04-27 21:28:44.0,1682602124000000000,1092.5,1092.5,1092.5,440.0,5.0,54625.0,1087.5,5.0,1108.0,1.0,1109.0,1.0,1110.0,4.0,,0.0,1049.0,1.0,1048.5,4.0,560.0,1.0,500.0,1.0,,0.0
2023-04-27 21:29:26.5,1682602166500000000,1092.5,1092.5,1092.5,440.0,5.0,54625.0,1089.0,5.0,1108.0,1.0,1109.0,1.0,1110.0,4.0,,0.0,1049.0,1.0,1048.5,4.0,560.0,1.0,500.0,1.0,,0.0
2023-04-27 21:29:44.0,1682602184000000000,1092.5,1092.5,1092.5,440.0,5.0,54625.0,1087.0,5.0,1108.0,1.0,1109.0,1.0,1110.0,4.0,,0.0,1049.0,1.0,1048.5,4.0,560.0,1.0,500.0,1.0,,0.0
2023-04-27 21:30:04.0,1682602204000000000,1092.5,1092.5,1092.5,440.0,5.0,54625.0,1088.5,5.0,1108.0,1.0,1109.0,1.0,1110.0,4.0,,0.0,1049.0,1.0,1048.5,4.0,560.0,1.0,500.0,1.0,,0.0
2023-04-27 21:30:56.0,1682602256000000000,1092.5,1092.5,1092.5,440.0,5.0,54625.0,1087.0,5.0,1108.0,1.0,1109.0,1.0,1110.0,4.0,,0.0,1049.0,1.0,1048.5,4.0,560.0,1.0,500.0,1.0,,0.0
2023-04-27 21:31:13.75,1682602273750000000,1092.5,1092.5,1092.5,440.0,5.0,54625.0,1085.5,5.0,1108.0,1.0,1109.0,1.0,1110.0,4.0,,0.0,1049.0,1.0,1048.5,4.0,560.0,1.0,500.0,1.0,,0.0
2023-04-27 21:31:29.75,1682602289750000000,1092.5,1092.5,1092.5,440.0,5.0,54625.0,1087.0,5.0,1108.0,1.0,1109.0,1.0,1110.0,4.0,,0.0,1049.0,1.0,1048.5,4.0,560.0,1.0,500.0,1.0,,0.0
2023-04-27 21:31:32.75,1682602292750000000,1092.5,1092.5,1092.5,440.0,5.0,54625.0,1088.5,5.0,1108.0,1.0,1109.0,1.0,1110.0,4.0,,0.0,1049.0,1.0,1048.5,4.0,560.0,1.0,500.0,1.0,,0.0
2023-04-27 21:32:12.0,1682602332000000000,1092.5,1092.5,1092.5,440.0,5.0,54625.0,1093.0,5.0,1108.0,1.0,1109.0,1.0,1110.0,4.0,,0.0,1049.0,1.0,1048.5,4.0,560.0,1.0,500.0,1.0,,0.0
2023-04-27 21:32:12.25,1682602332250000000,1092.5,1092.5,1092.5,440.0,5.0,54625.0,1108.0,1.0,1109.0,1.0,1110.0,4.0,,0.0,,0.0,1049.0,1.0,1048.5,4.0,560.0,1.0,500.0,1.0,,0.0
2023-04-27 21:32:53.75,1682602373750000000,1092.5,1092.5,1092.5,440.0,5.0,54625.0,1094.5,5.0,1108.0,1.0,1109.0,1.0,1110.0,4.0,,0.0,1049.0,1.0,1048.5,4.0,560.0,1.0,500.0,1.0,,0.0
2023-04-27 21:32:58.75,1682602378750000000,1092.5,1092.5,1092.5,440.0,5.0,54625.0,1096.0,5.0,1108.0,1.0,1109.0,1.0,1110.0,4.0,,0.0,1049.0,1.0,1048.5,4.0,560.0,1.0,500.0,1.0,,0.0
2023-04-27 21:33:02.5,1682602382500000000,1092.5,1092.5,1092.5,440.0,5.0,54625.0,1096.0,5.0,1109.0,1.0,1110.0,4.0,,0.0,,0.0,1049.0,1.0,1048.5,4.0,560.0,1.0,500.0,1.0,,0.0
2023-04-27 21:33:03.25,1682602383250000000,1092.5,1092.5,1092.5,440.0,5.0,54625.0,1097.5,5.0,1109.0,1.0,1110.0,4.0,,0.0,,0.0,1049.0,1.0,1048.5,4.0,560.0,1.0,500.0,1.0,,0.0
2023-04-27 21:33:05.0,1682602385000000000,1092.5,1092.5,1092.5,440.0,5.0,54625.0,1097.5,5.0,1110.0,4.0,,0.0,,0.0,,0.0,1049.0,1.0,1048.5,4.0,560.0,1.0,500.0,1.0,,0.0
2023-04-27 21:33:49.25,1682602429250000000,1092.5,1092.5,1092.5,440.0,5.0,54625.0,1096.0,5.0,1110.0,4.0,,0.0,,0.0,,0.0,1049.0,1.0,1048.5,4.0,560.0,1.0,500.0,1.0,,0.0
2023-04-27 21:34:02.0,1682602442000000000,1092.5,1092.5,1092.5,440.0,5.0,54625.0,1094.5,5.0,1110.0,4.0,,0.0,,0.0,,0.0,1049.0,1.0,1048.5,4.0,560.0,1.0,500.0,1.0,,0.0
2023-04-27 21:34:03.5,1682602443500000000,1092.5,1092.5,1092.5,440.0,5.0,54625.0,1093.0,5.0,1110.0,4.0,,0.0,,0.0,,0.0,1049.0,1.0,1048.5,4.0,560.0,1.0,500.0,1.0,,0.0
2023-04-27 21:34:07.0,1682602447000000000,1092.5,1092.5,1092.5,440.0,5.0,54625.0,1091.5,5.0,1110.0,4.0,,0.0,,0.0,,0.0,1049.0,1.0,1048.5,4.0,560.0,1.0,500.0,1.0,,0.0
2023-04-27 21:34:11.75,1682602451750000000,1092.5,1092.5,1092.5,440.0,5.0,54625.0,1093.0,5.0,1110.0,4.0,,0.0,,0.0,,0.0,1049.0,1.0,1048.5,4.0,560.0,1.0,500.0,1.0,,0.0
2023-04-27 21:34:22.5,1682602462500000000,1092.5,1092.5,1092.5,440.0,5.0,54625.0,1091.5,5.0,1110.0,4.0,,0.0,,0.0,,0.0,1049.0,1.0,1048.5,4.0,560.0,1.0,500.0,1.0,,0.0
2023-04-27 21:34:26.0,1682602466000000000,1092.5,1092.5,1092.5,440.0,5.0,54625.0,1093.0,5.0,1110.0,4.0,,0.0,,0.0,,0.0,1049.0,1.0,1048.5,4.0,560.0,1.0,500.0,1.0,,0.0
2023-04-27 21:34:41.0,1682602481000000000,1092.5,1092.5,1092.5,440.0,5.0,54625.0,1094.5,5.0,1110.0,4.0,,0.0,,0.0,,0.0,1049.0,1.0,1048.5,4.0,560.0,1.0,500.0,1.0,,0.0
2023-04-27 21:35:00.75,1682602500750000000,1092.5,1092.5,1092.5,440.0,5.0,54625.0,1092.5,5.0,1110.0,4.0,,0.0,,0.0,,0.0,1049.0,1.0,1048.5,4.0,560.0,1.0,500.0,1.0,,0.0
2023-04-27 21:35:41.0,1682602541000000000,1092.5,1092.5,1092.5,440.0,5.0,54625.0,1089.0,5.0,1110.0,4.0,,0.0,,0.0,,0.0,1049.0,1.0,1048.5,4.0,560.0,1.0,500.0,1.0,,0.0
2023-04-27 21:35:42.5,1682602542500000000,1092.5,1092.5,1092.5,440.0,5.0,54625.0,1090.5,5.0,1110.0,4.0,,0.0,,0.0,,0.0,1049.0,1.0,1048.5,4.0,560.0,1.0,500.0,1.0,,0.0
2023-04-27 21:35:50.75,1682602550750000000,1092.5,1092.5,1092.5,440.0,5.0,54625.0,1092.5,5.0,1110.0,4.0,,0.0,,0.0,,0.0,1049.0,1.0,1048.5,4.0,560.0,1.0,500.0,1.0,,0.0
2023-04-27 21:36:19.5,1682602579500000000,1092.5,1092.5,1092.5,440.0,5.0,54625.0,1091.0,5.0,1110.0,4.0,,0.0,,0.0,,0.0,1049.0,1.0,1048.5,4.0,560.0,1.0,500.0,1.0,,0.0
2023-04-27 21:36:59.75,1682602619750000000,1092.5,1092.5,1092.5,440.0,5.0,54625.0,1093.0,5.0,1110.0,4.0,,0.0,,0.0,,0.0,1049.0,1.0,1048.5,4.0,560.0,1.0,500.0,1.0,,0.0
2023-04-27 21:37:00.0,1682602620000000000,1092.5,1092.5,1092.5,440.0,5.0,54625.0,1094.5,5.0,1110.0,4.0,,0.0,,0.0,,0.0,1049.0,1.0,1048.5,4.0,560.0,1.0,500.0,1.0,,0.0
2023-04-27 21:37:12.0,1682602632000000000,1092.5,1092.5,1092.5,440.0,5.0,54625.0,1093.0,5.0,1110.0,4.0,,0.0,,0.0,,0.0,1049.0,1.0,1048.5,4.0,560.0,1.0,500.0,1.0,,0.0
2023-04-27 21:37:23.0,1682602643000000000,1092.5,1092.5,1092.5,440.0,5.0,54625.0,1091.5,5.0,1110.0,4.0,,0.0,,0.0,,0.0,1049.0,1.0,1048.5,4.0,560.0,1.0,500.0,1.0,,0.0
2023-04-27 21:37:26.25,1682602646250000000,1092.5,1092.5,1092.5,440.0,5.0,54625.0,1089.5,5.0,1110.0,4.0,,0.0,,0.0,,0.0,1049.0,1.0,1048.5,4.0,560.0,1.0,500.0,1.0,,0.0
2023-04-27 21:37:35.0,1682602655000000000,1092.5,1092.5,1092.5,440.0,5.0,54625.0,1088.0,5.0,1110.0,4.0,,0.0,,0.0,,0.0,1049.0,1.0,1048.5,4.0,560.0,1.0,500.0,1.0,,0.0
2023-04-27 21:38:02.25,1682602682250000000,1092.5,1092.5,1092.5,440.0,5.0,54625.0,1086.0,5.0,1110.0,4.0,,0.0,,0.0,,0.0,1049.0,1.0,1048.5,4.0,560.0,1.0,500.0,1.0,,0.0
2023-04-27 21:38:13.5,1682602693500000000,1092.5,1092.5,1092.5,440.0,5.0,54625.0,1088.0,5.0,1110.0,4.0,,0.0,,0.0,,0.0,1049.0,1.0,1048.5,4.0,560.0,1.0,500.0,1.0,,0.0
2023-04-27 21:38:44.0,1682602724000000000,1092.5,1092.5,1092.5,440.0,5.0,54625.0,1086.5,5.0,1110.0,4.0,,0.0,,0.0,,0.0,1049.0,1.0,1048.5,4.0,560.0,1.0,500.0,1.0,,0.0
2023-04-27 21:38:50.25,1682602730250000000,1092.5,1092.5,1092.5,440.0,5.0,54625.0,1088.0,5.0,1110.0,4.0,,0.0,,0.0,,0.0,1049.0,1.0,1048.5,4.0,560.0,1.0,500.0,1.0,,0.0
2023-04-27 21:39:18.5,1682602758500000000,1092.5,1092.5,1092.5,440.0,5.0,54625.0,1089.5,5.0,1110.0,4.0,,0.0,,0.0,,0.0,1049.0,1.0,1048.5,4.0,560.0,1.0,500.0,1.0,,0.0
2023-04-27 21:39:54.5,1682602794500000000,1092.5,1092.5,1092.5,440.0,5.0,54625.0,1088.0,5.0,1110.0,4.0,,0.0,,0.0,,0.0,1049.0,1.0,1048.5,4.0,560.0,1.0,500.0,1.0,,0.0
2023-04-27 21:40:01.0,1682602801000000000,1092.5,1092.5,1092.5,440.0,5.0,54625.0,1086.5,5.0,1110.0,4.0,,0.0,,0.0,,0.0,1049.0,1.0,1048.5,4.0,560.0,1.0,500.0,1.0,,0.0
2023-04-27 21:40:08.25,1682602808250000000,1092.5,1092.5,1092.5,440.0,5.0,54625.0,1088.0,5.0,1110.0,4.0,,0.0,,0.0,,0.0,1049.0,1.0,1048.5,4.0,560.0,1.0,500.0,1.0,,0.0
2023-04-27 21:40:16.25,1682602816250000000,1092.5,1092.5,1092.5,440.0,5.0,54625.0,1086.5,5.0,1110.0,4.0,,0.0,,0.0,,0.0,1049.0,1.0,1048.5,4.0,560.0,1.0,500.0,1.0,,0.0
2023-04-27 21:40:22.25,1682602822250000000,1092.5,1092.5,1092.5,440.0,5.0,54625.0,1088.0,5.0,1110.0,4.0,,0.0,,0.0,,0.0,1049.0,1.0,1048.5,4.0,560.0,1.0,500.0,1.0,,0.0
2023-04-27 21:40:35.25,1682602835250000000,1092.5,1092.5,1092.5,440.0,5.0,54625.0,1089.5,5.0,1110.0,4.0,,0.0,,0.0,,0.0,1049.0,1.0,1048.5,4.0,560.0,1.0,500.0,1.0,,0.0
2023-04-27 21:40:54.5,1682602854500000000,1092.5,1092.5,1092.5,440.0,5.0,54625.0,1088.0,5.0,1110.0,4.0,,0.0,,0.0,,0.0,1049.0,1.0,1048.5,4.0,560.0,1.0,500.0,1.0,,0.0
2023-04-27 21:41:28.75,1682602888750000000,1092.5,1092.5,1092.5,440.0,5.0,54625.0,1086.5,5.0,1110.0,4.0,,0.0,,0.0,,0.0,1049.0,1.0,1048.5,4.0,560.0,1.0,500.0,1.0,,0.0
2023-04-27 21:41:42.5,1682602902500000000,1092.5,1092.5,1092.5,440.0,5.0,54625.0,1084.5,5.0,1110.0,4.0,,0.0,,0.0,,0.0,1049.0,1.0,1048.5,4.0,560.0,1.0,500.0,1.0,,0.0
2023-04-27 21:41:56.5,1682602916500000000,1092.5,1092.5,1092.5,440.0,5.0,54625.0,1086.0,5.0,1110.0,4.0,,0.0,,0.0,,0.0,1049.0,1.0,1048.5,4.0,560.0,1.0,500.0,1.0,,0.0
2023-04-27 21:42:01.0,1682602921000000000,1092.5,1092.5,1092.5,440.0,5.0,54625.0,1084.5,5.0,1110.0,4.0,,0.0,,0.0,,0.0,1049.0,1.0,1048.5,4.0,560.0,1.0,500.0,1.0,,0.0
2023-04-27 21:42:21.0,1682602941000000000,1092.5,1092.5,1092.5,440.0,5.0,54625.0,1086.0,5.0,1110.0,4.0,,0.0,,0.0,,0.0,1049.0,1.0,1048.5,4.0,560.0,1.0,500.0,1.0,,0.0
2023-04-27 21:43:05.0,1682602985000000000,1092.5,1092.5,1092.5,440.0,5.0,54625.0,1088.0,5.0,1110.0,4.0,,0.0,,0.0,,0.0,1049.0,1.0,1048.5,4.0,560.0,1.0,500.0,1.0,,0.0
2023-04-27 21:43:06.25,1682602986250000000,1092.5,1092.5,1092.5,440.0,5.0,54625.0,1091.0,5.0,1110.0,4.0,,0.0,,0.0,,0.0,1049.0,1.0,1048.5,4.0,560.0,1.0,500.0,1.0,,0.0
2023-04-27 21:43:44.5,1682603024500000000,1092.5,1092.5,1092.5,440.0,5.0,54625.0,1093.0,5.0,1110.0,4.0,,0.0,,0.0,,0.0,1049.0,1.0,1048.5,4.0,560.0,1.0,500.0,1.0,,0.0
2023-04-27 21:44:19.25,1682603059250000000,1092.5,1092.5,1092.5,440.0,5.0,54625.0,1091.5,5.0,1110.0,4.0,,0.0,,0.0,,0.0,1049.0,1.0,1048.5,4.0,560.0,1.0,500.0,1.0,,0.0
2023-04-27 21:44:34.75,1682603074750000000,1092.5,1092.5,1092.5,440.0,5.0,54625.0,1093.0,5.0,1110.0,4.0,,0.0,,0.0,,0.0,1049.0,1.0,1048.5,4.0,560.0,1.0,500.0,1.0,,0.0
2023-04-27 21:45:01.5,1682603101500000000,1092.5,1092.5,1092.5,440.0,5.0,54625.0,1095.0,5.0,1110.0,4.0,,0.0,,0.0,,0.0,1049.0,1.0,1048.5,4.0,560.0,1.0,500.0,1.0,,0.0
2023-04-27 21:45:02.25,1682603102250000000,1092.5,1092.5,1092.5,440.0,5.0,54625.0,1093.5,5.0,1110.0,4.0,,0.0,,0.0,,0.0,1049.0,1.0,1048.5,4.0,560.0,1.0,500.0,1.0,,0.0
2023-04-27 21:45:03.5,1682603103500000000,1092.5,1092.5,1092.5,440.0,5.0,54625.0,1091.0,5.0,1110.0,4.0,,0.0,,0.0,,0.0,1049.0,1.0,1048.5,4.0,560.0,1.0,500.0,1.0,,0.0
2023-04-27 21:45:06.0,1682603106000000000,1092.5,1092.5,1092.5,440.0,5.0,54625.0,1092.5,5.0,1110.0,4.0,,0.0,,0.0,,0.0,1049.0,1.0,1048.5,4.0,560.0,1.0,500.0,1.0,,0.0
2023-04-27 21:46:03.75,1682603163750000000,1092.5,1092.5,1092.5,440.0,5.0,54625.0,1094.5,5.0,1110.0,4.0,,0.0,,0.0,,0.0,1049.0,1.0,1048.5,4.0,560.0,1.0,500.0,1.0,,0.0
2023-04-27 21:46:13.25,1682603173250000000,1092.5,1092.5,1092.5,440.0,5.0,54625.0,1092.5,5.0,1110.0,4.0,,0.0,,0.0,,0.0,1049.0,1.0,1048.5,4.0,560.0,1.0,500.0,1.0,,0.0
2023-04-27 21:46:25.75,1682603185750000000,1092.5,1092.5,1092.5,440.0,5.0,54625.0,1094.0,5.0,1110.0,4.0,,0.0,,0.0,,0.0,1049.0,1.0,1048.5,4.0,560.0,1.0,500.0,1.0,,0.0
2023-04-27 21:46:43.25,1682603203250000000,1092.5,1092.5,1092.5,440.0,5.0,54625.0,1092.5,5.0,1110.0,4.0,,0.0,,0.0,,0.0,1049.0,1.0,1048.5,4.0,560.0,1.0,500.0,1.0,,0.0
2023-04-27 21:47:15.25,1682603235250000000,1092.5,1092.5,1092.5,440.0,5.0,54625.0,1091.0,5.0,1110.0,4.0,,0.0,,0.0,,0.0,1049.0,1.0,1048.5,4.0,560.0,1.0,500.0,1.0,,0.0
2023-04-27 21:48:20.25,1682603300250000000,1092.5,1092.5,1092.5,440.0,5.0,54625.0,1092.5,5.0,1110.0,4.0,,0.0,,0.0,,0.0,1049.0,1.0,1048.5,4.0,560.0,1.0,500.0,1.0,,0.0
2023-04-27 21:48:24.0,1682603304000000000,1092.5,1092.5,1092.5,440.0,5.0,54625.0,1094.0,5.0,1110.0,4.0,,0.0,,0.0,,0.0,1049.0,1.0,1048.5,4.0,560.0,1.0,500.0,1.0,,0.0
2023-04-27 21:48:46.25,1682603326250000000,1092.5,1092.5,1092.5,440.0,5.0,54625.0,1092.5,5.0,1110.0,4.0,,0.0,,0.0,,0.0,1049.0,1.0,1048.5,4.0,560.0,1.0,500.0,1.0,,0.0
2023-04-27 21:48:59.0,1682603339000000000,1092.5,1092.5,1092.5,440.0,5.0,54625.0,1091.0,5.0,1110.0,4.0,,0.0,,0.0,,0.0,1049.0,1.0,1048.5,4.0,560.0,1.0,500.0,1.0,,0.0
2023-04-27 21:50:41.75,1682603441750000000,1092.5,1092.5,1092.5,440.0,5.0,54625.0,1092.5,5.0,1110.0,4.0,,0.0,,0.0,,0.0,1049.0,1.0,1048.5,4.0,560.0,1.0,500.0,1.0,,0.0
2023-04-27 21:51:07.0,1682603467000000000,1092.5,1092.5,1092.5,440.0,5.0,54625.0,1094.5,5.0,1110.0,4.0,,0.0,,0.0,,0.0,1049.0,1.0,1048.5,4.0,560.0,1.0,500.0,1.0,,0.0
2023-04-27 21:51:11.5,1682603471500000000,1092.5,1092.5,1092.5,440.0,5.0,54625.0,1096.0,5.0,1110.0,4.0,,0.0,,0.0,,0.0,1049.0,1.0,1048.5,4.0,560.0,1.0,500.0,1.0,,0.0
2023-04-27 21:51:22.75,1682603482750000000,1092.5,1092.5,1092.5,440.0,5.0,54625.0,1094.5,5.0,1110.0,4.0,,0.0,,0.0,,0.0,1049.0,1.0,1048.5,4.0,560.0,1.0,500.0,1.0,,0.0
2023-04-27 21:52:15.5,1682603535500000000,1092.5,1092.5,1092.5,440.0,5.0,54625.0,1096.0,5.0,1110.0,4.0,,0.0,,0.0,,0.0,1049.0,1.0,1048.5,4.0,560.0,1.0,500.0,1.0,,0.0
2023-04-27 21:52:27.75,1682603547750000000,1092.5,1092.5,1092.5,440.0,5.0,54625.0,1094.5,5.0,1110.0,4.0,,0.0,,0.0,,0.0,1049.0,1.0,1048.5,4.0,560.0,1.0,500.0,1.0,,0.0
2023-04-27 21:52:39.25,1682603559250000000,1092.5,1092.5,1092.5,440.0,5.0,54625.0,1096.0,5.0,1110.0,4.0,,0.0,,0.0,,0.0,1049.0,1.0,1048.5,4.0,560.0,1.0,500.0,1.0,,0.0
2023-04-27 21:52:52.0,1682603572000000000,1092.5,1092.5,1092.5,440.0,5.0,54625.0,1097.5,5.0,1110.0,4.0,,0.0,,0.0,,0.0,1049.0,1.0,1048.5,4.0,560.0,1.0,500.0,1.0,,0.0
2023-04-27 21:53:00.5,1682603580500000000,1092.5,1092.5,1092.5,440.0,5.0,54625.0,1099.5,5.0,1110.0,4.0,,0.0,,0.0,,0.0,1049.0,1.0,1048.5,4.0,560.0,1.0,500.0,1.0,,0.0
2023-04-27 21:53:08.75,1682603588750000000,1092.5,1092.5,1092.5,440.0,5.0,54625.0,1098.0,5.0,1110.0,4.0,,0.0,,0.0,,0.0,1049.0,1.0,1048.5,4.0,560.0,1.0,500.0,1.0,,0.0
2023-04-27 21:53:10.0,1682603590000000000,1092.5,1092.5,1092.5,440.0,5.0,54625.0,1099.5,5.0,1110.0,4.0,,0.0,,0.0,,0.0,1049.0,1.0,1048.5,4.0,560.0,1.0,500.0,1.0,,0.0
2023-04-27 21:53:15.75,1682603595750000000,1092.5,1092.5,1092.5,440.0,5.0,54625.0,1098.0,5.0,1110.0,4.0,,0.0,,0.0,,0.0,1049.0,1.0,1048.5,4.0,560.0,1.0,500.0,1.0,,0.0
2023-04-27 21:55:43.5,1682603743500000000,1092.5,1092.5,1092.5,440.0,5.0,54625.0,1096.0,5.0,1110.0,4.0,,0.0,,0.0,,0.0,1049.0,1.0,1048.5,4.0,560.0,1.0,500.0,1.0,,0.0
2023-04-27 21:55:46.75,1682603746750000000,1092.5,1092.5,1092.5,440.0,5.0,54625.0,1094.5,5.0,1110.0,4.0,,0.0,,0.0,,0.0,1049.0,1.0,1048.5,4.0,560.0,1.0,500.0,1.0,,0.0
2023-04-27 21:55:51.25,1682603751250000000,1092.5,1092.5,1092.5,440.0,5.0,54625.0,1096.5,5.0,1110.0,4.0,,0.0,,0.0,,0.0,1049.0,1.0,1048.5,4.0,560.0,1.0,500.0,1.0,,0.0
2023-04-27 21:56:17.5,1682603777500000000,1092.5,1092.5,1092.5,440.0,5.0,54625.0,1098.0,5.0,1110.0,4.0,,0.0,,0.0,,0.0,1049.0,1.0,1048.5,4.0,560.0,1.0,500.0,1.0,,0.0
2023-04-27 21:56:40.5,1682603800500000000,1092.5,1092.5,1092.5,440.0,5.0,54625.0,1096.5,5.0,1110.0,4.0,,0.0,,0.0,,0.0,1049.0,1.0,1048.5,4.0,560.0,1.0,500.0,1.0,,0.0
2023-04-27 21:56:46.0,1682603806000000000,1092.5,1092.5,1092.5,440.0,5.0,54625.0,1098.0,5.0,1110.0,4.0,,0.0,,0.0,,0.0,1049.0,1.0,1048.5,4.0,560.0,1.0,500.0,1.0,,0.0
2023-04-27 21:57:34.25,1682603854250000000,1092.5,1092.5,1092.5,440.0,5.0,54625.0,1096.5,5.0,1110.0,4.0,,0.0,,0.0,,0.0,1049.0,1.0,1048.5,4.0,560.0,1.0,500.0,1.0,,0.0
2023-04-27 21:58:03.25,1682603883250000000,1092.5,1092.5,1092.5,440.0,5.0,54625.0,1098.0,5.0,1110.0,4.0,,0.0,,0.0,,0.0,1049.0,1.0,1048.5,4.0,560.0,1.0,500.0,1.0,,0.0
2023-04-27 21:58:26.0,1682603906000000000,1092.5,1092.5,1092.5,440.0,5.0,54625.0,1096.0,5.0,1110.0,4.0,,0.0,,0.0,,0.0,1049.0,1.0,1048.5,4.0,560.0,1.0,500.0,1.0,,0.0
2023-04-27 21:58:30.5,1682603910500000000,1092.5,1092.5,1092.5,440.0,5.0,54625.0,1094.5,5.0,1110.0,4.0,,0.0,,0.0,,0.0,1049.0,1.0,1048.5,4.0,560.0,1.0,500.0,1.0,,0.0
2023-04-27 21:58:37.75,1682603917750000000,1092.5,1092.5,1092.5,440.0,5.0,54625.0,1096.0,5.0,1110.0,4.0,,0.0,,0.0,,0.0,1049.0,1.0,1048.5,4.0,560.0,1.0,500.0,1.0,,0.0
2023-04-27 21:59:02.75,1682603942750000000,1092.5,1092.5,1092.5,440.0,5.0,54625.0,1094.5,5.0,1110.0,4.0,,0.0,,0.0,,0.0,1049.0,1.0,1048.5,4.0,560.0,1.0,500.0,1.0,,0.0
2023-04-27 21:59:21.0,1682603961000000000,1092.5,1092.5,1092.5,440.0,5.0,54625.0,1093.0,5.0,1110.0,4.0,,0.0,,0.0,,0.0,1049.0,1.0,1048.5,4.0,560.0,1.0,500.0,1.0,,0.0
2023-04-27 21:59:30.5,1682603970500000000,1092.5,1092.5,1092.5,440.0,5.0,54625.0,1091.0,5.0,1110.0,4.0,,0.0,,0.0,,0.0,1049.0,1.0,1048.5,4.0,560.0,1.0,500.0,1.0,,0.0
2023-04-27 21:59:45.0,1682603985000000000,1092.5,1092.5,1092.5,440.0,5.0,54625.0,1092.5,5.0,1110.0,4.0,,0.0,,0.0,,0.0,1049.0,1.0,1048.5,4.0,560.0,1.0,500.0,1.0,,0.0
2023-04-27 22:00:01.25,1682604001250000000,1092.5,1092.5,1092.5,440.0,5.0,54625.0,1094.0,5.0,1110.0,4.0,,0.0,,0.0,,0.0,1049.0,1.0,1048.5,4.0,560.0,1.0,500.0,1.0,,0.0
2023-04-27 22:00:11.5,1682604011500000000,1092.5,1092.5,1092.5,440.0,5.0,54625.0,1095.5,5.0,1110.0,4.0,,0.0,,0.0,,0.0,1049.0,1.0,1048.5,4.0,560.0,1.0,500.0,1.0,,0.0
2023-04-27 22:00:32.75,1682604032750000000,1092.5,1092.5,1092.5,440.0,5.0,54625.0,1094.0,5.0,1110.0,4.0,,0.0,,0.0,,0.0,1049.0,1.0,1048.5,4.0,560.0,1.0,500.0,1.0,,0.0
2023-04-27 22:00:36.25,1682604036250000000,1092.5,1092.5,1092.5,440.0,5.0,54625.0,1092.5,5.0,1110.0,4.0,,0.0,,0.0,,0.0,1049.0,1.0,1048.5,4.0,560.0,1.0,500.0,1.0,,0.0
2023-04-27 22:01:02.75,1682604062750000000,1092.5,1092.5,1092.5,440.0,5.0,54625.0,1094.0,5.0,1110.0,4.0,,0.0,,0.0,,0.0,1049.0,1.0,1048.5,4.0,560.0,1.0,500.0,1.0,,0.0
2023-04-27 22:01:05.75,1682604065750000000,1092.5,1092.5,1092.5,440.0,5.0,54625.0,1097.5,5.0,1110.0,4.0,,0.0,,0.0,,0.0,1049.0,1.0,1048.5,4.0,560.0,1.0,500.0,1.0,,0.0
2023-04-27 22:01:23.75,1682604083750000000,1092.5,1092.5,1092.5,440.0,5.0,54625.0,1099.0,5.0,1110.0,4.0,,0.0,,0.0,,0.0,1049.0,1.0,1048.5,4.0,560.0,1.0,500.0,1.0,,0.0
2023-04-27 22:01:33.25,1682604093250000000,1092.5,1092.5,1092.5,440.0,5.0,54625.0,1100.5,5.0,1110.0,4.0,,0.0,,0.0,,0.0,1049.0,1.0,1048.5,4.0,560.0,1.0,500.0,1.0,,0.0
2023-04-27 22:01:35.25,1682604095250000000,1092.5,1092.5,1092.5,440.0,5.0,54625.0,1102.0,5.0,1110.0,4.0,,0.0,,0.0,,0.0,1049.0,1.0,1048.5,4.0,560.0,1.0,500.0,1.0,,0.0
2023-04-27 22:02:19.75,1682604139750000000,1092.5,1092.5,1092.5,440.0,5.0,54625.0,1100.0,5.0,1110.0,4.0,,0.0,,0.0,,0.0,1049.0,1.0,1048.5,4.0,560.0,1.0,500.0,1.0,,0.0
2023-04-27 22:02:31.25,1682604151250000000,1092.5,1092.5,1092.5,440.0,5.0,54625.0,1098.5,5.0,1110.0,4.0,,0.0,,0.0,,0.0,1049.0,1.0,1048.5,4.0,560.0,1.0,500.0,1.0,,0.0
2023-04-27 22:02:45.0,1682604165000000000,1092.5,1092.5,1092.5,440.0,5.0,54625.0,1096.0,5.0,1110.0,4.0,,0.0,,0.0,,0.0,1049.0,1.0,1048.5,4.0,560.0,1.0,500.0,1.0,,0.0
2023-04-27 22:02:55.0,1682604175000000000,1092.5,1092.5,1092.5,440.0,5.0,54625.0,1097.5,5.0,1110.0,4.0,,0.0,,0.0,,0.0,1049.0,1.0,1048.5,4.0,560.0,1.0,500.0,1.0,,0.0
2023-04-27 22:03:10.75,1682604190750000000,1092.5,1092.5,1092.5,440.0,5.0,54625.0,1099.0,5.0,1110.0,4.0,,0.0,,0.0,,0.0,1049.0,1.0,1048.5,4.0,560.0,1.0,500.0,1.0,,0.0
2023-04-27 22:03:14.25,1682604194250000000,1092.5,1092.5,1092.5,440.0,5.0,54625.0,1101.0,5.0,1110.0,4.0,,0.0,,0.0,,0.0,1049.0,1.0,1048.5,4.0,560.0,1.0,500.0,1.0,,0.0
2023-04-27 22:03:38.75,1682604218750000000,1092.5,1092.5,1092.5,440.0,5.0,54625.0,1103.0,5.0,1110.0,4.0,,0.0,,0.0,,0.0,1049.0,1.0,1048.5,4.0,560.0,1.0,500.0,1.0,,0.0
2023-04-27 22:03:52.5,1682604232500000000,1092.5,1092.5,1092.5,440.0,5.0,54625.0,1103.0,5.0,1110.0,4.0,,0.0,,0.0,,0.0,1070.0,4.0,1049.0,1.0,560.0,1.0,500.0,1.0,,0.0
2023-04-27 22:04:15.75,1682604255750000000,1092.5,1092.5,1092.5,440.0,5.0,54625.0,1104.5,5.0,1110.0,4.0,,0.0,,0.0,,0.0,1070.0,4.0,1049.0,1.0,560.0,1.0,500.0,1.0,,0.0
2023-04-27 22:04:21.0,1682604261000000000,1092.5,1092.5,1092.5,440.0,5.0,54625.0,1103.0,5.0,1110.0,4.0,,0.0,,0.0,,0.0,1070.0,4.0,1049.0,1.0,560.0,1.0,500.0,1.0,,0.0
2023-04-27 22:04:33.5,1682604273500000000,1092.5,1092.5,1092.5,440.0,5.0,54625.0,1101.5,5.0,1110.0,4.0,,0.0,,0.0,,0.0,1070.0,4.0,1049.0,1.0,560.0,1.0,500.0,1.0,,0.0
2023-04-27 22:04:38.75,1682604278750000000,1092.5,1092.5,1092.5,440.0,5.0,54625.0,1100.0,5.0,1110.0,4.0,,0.0,,0.0,,0.0,1070.0,4.0,1049.0,1.0,560.0,1.0,500.0,1.0,,0.0
2023-04-27 22:04:46.5,1682604286500000000,1092.5,1092.5,1092.5,440.0,5.0,54625.0,1101.5,5.0,1110.0,4.0,,0.0,,0.0,,0.0,1070.0,4.0,1049.0,1.0,560.0,1.0,500.0,1.0,,0.0
2023-04-27 22:05:31.75,1682604331750000000,1092.5,1092.5,1092.5,440.0,5.0,54625.0,1103.5,5.0,1110.0,4.0,,0.0,,0.0,,0.0,1070.0,4.0,1049.0,1.0,560.0,1.0,500.0,1.0,,0.0
2023-04-27 22:05:39.75,1682604339750000000,1092.5,1092.5,1092.5,440.0,5.0,54625.0,1102.0,5.0,1110.0,4.0,,0.0,,0.0,,0.0,1070.0,4.0,1049.0,1.0,560.0,1.0,500.0,1.0,,0.0
2023-04-27 22:05:52.25,1682604352250000000,1092.5,1092.5,1092.5,440.0,5.0,54625.0,1103.5,5.0,1110.0,4.0,,0.0,,0.0,,0.0,1070.0,4.0,1049.0,1.0,560.0,1.0,500.0,1.0,,0.0
2023-04-27 22:06:14.0,1682604374000000000,1092.5,1092.5,1092.5,440.0,5.0,54625.0,1102.0,5.0,1110.0,4.0,,0.0,,0.0,,0.0,1070.0,4.0,1049.0,1.0,560.0,1.0,500.0,1.0,,0.0
2023-04-27 22:06:39.5,1682604399500000000,1092.5,1092.5,1092.5,440.0,5.0,54625.0,1103.5,5.0,1110.0,4.0,,0.0,,0.0,,0.0,1070.0,4.0,1049.0,1.0,560.0,1.0,500.0,1.0,,0.0
2023-04-27 22:06:53.0,1682604413000000000,1092.5,1092.5,1092.5,440.0,5.0,54625.0,1102.0,5.0,1110.0,4.0,,0.0,,0.0,,0.0,1070.0,4.0,1049.0,1.0,560.0,1.0,500.0,1.0,,0.0
2023-04-27 22:07:14.5,1682604434500000000,1092.5,1092.5,1092.5,440.0,5.0,54625.0,1100.5,5.0,1110.0,4.0,,0.0,,0.0,,0.0,1070.0,4.0,1049.0,1.0,560.0,1.0,500.0,1.0,,0.0
2023-04-27 22:07:16.75,1682604436750000000,1092.5,1092.5,1092.5,440.0,5.0,54625.0,1097.5,5.0,1110.0,4.0,,0.0,,0.0,,0.0,1070.0,4.0,1049.0,1.0,560.0,1.0,500.0,1.0,,0.0
2023-04-27 22:07:41.25,1682604461250000000,1092.5,1092.5,1092.5,440.0,5.0,54625.0,1096.0,5.0,1110.0,4.0,,0.0,,0.0,,0.0,1070.0,4.0,1049.0,1.0,560.0,1.0,500.0,1.0,,0.0
2023-04-27 22:07:52.25,1682604472250000000,1092.5,1092.5,1092.5,440.0,5.0,54625.0,1097.5,5.0,1110.0,4.0,,0.0,,0.0,,0.0,1070.0,4.0,1049.0,1.0,560.0,1.0,500.0,1.0,,0.0
2023-04-27 22:08:22.25,1682604502250000000,1092.5,1092.5,1092.5,440.0,5.0,54625.0,1099.0,5.0,1110.0,4.0,,0.0,,0.0,,0.0,1070.0,4.0,1049.0,1.0,560.0,1.0,500.0,1.0,,0.0
2023-04-27 22:09:15.5,1682604555500000000,1092.5,1092.5,1092.5,440.0,5.0,54625.0,1100.5,5.0,1110.0,4.0,,0.0,,0.0,,0.0,1070.0,4.0,1049.0,1.0,560.0,1.0,500.0,1.0,,0.0
2023-04-27 22:09:32.0,1682604572000000000,1092.5,1092.5,1092.5,440.0,5.0,54625.0,1099.0,5.0,1110.0,4.0,,0.0,,0.0,,0.0,1070.0,4.0,1049.0,1.0,560.0,1.0,500.0,1.0,,0.0
2023-04-27 22:10:21.75,1682604621750000000,1092.5,1092.5,1092.5,440.0,5.0,54625.0,1100.5,5.0,1110.0,4.0,,0.0,,0.0,,0.0,1070.0,4.0,1049.0,1.0,560.0,1.0,500.0,1.0,,0.0
2023-04-27 22:10:48.5,1682604648500000000,1092.5,1092.5,1092.5,440.0,5.0,54625.0,1102.5,5.0,1110.0,4.0,,0.0,,0.0,,0.0,1070.0,4.0,1049.0,1.0,560.0,1.0,500.0,1.0,,0.0
2023-04-27 22:11:23.25,1682604683250000000,1092.5,1092.5,1092.5,440.0,5.0,54625.0,1100.0,5.0,1110.0,4.0,,0.0,,0.0,,0.0,1070.0,4.0,1049.0,1.0,560.0,1.0,500.0,1.0,,0.0
2023-04-27 22:11:25.0,1682604685000000000,1092.5,1092.5,1092.5,440.0,5.0,54625.0,1098.5,5.0,1110.0,4.0,,0.0,,0.0,,0.0,1070.0,4.0,1049.0,1.0,560.0,1.0,500.0,1.0,,0.0
2023-04-27 22:11:33.25,1682604693250000000,1092.5,1092.5,1092.5,440.0,5.0,54625.0,1100.0,5.0,1110.0,4.0,,0.0,,0.0,,0.0,1070.0,4.0,1049.0,1.0,560.0,1.0,500.0,1.0,,0.0
2023-04-27 22:12:09.25,1682604729250000000,1092.5,1092.5,1092.5,440.0,5.0,54625.0,1098.0,5.0,1110.0,4.0,,0.0,,0.0,,0.0,1070.0,4.0,1049.0,1.0,560.0,1.0,500.0,1.0,,0.0
2023-04-27 22:12:27.0,1682604747000000000,1092.5,1092.5,1092.5,440.0,5.0,54625.0,1096.5,5.0,1110.0,4.0,,0.0,,0.0,,0.0,1070.0,4.0,1049.0,1.0,560.0,1.0,500.0,1.0,,0.0
2023-04-27 22:13:07.75,1682604787750000000,1092.5,1092.5,1092.5,440.0,5.0,54625.0,1098.0,5.0,1110.0,4.0,,0.0,,0.0,,0.0,1070.0,4.0,1049.0,1.0,560.0,1.0,500.0,1.0,,0.0
2023-04-27 22:13:24.25,1682604804250000000,1092.5,1092.5,1092.5,440.0,5.0,54625.0,1096.5,5.0,1110.0,4.0,,0.0,,0.0,,0.0,1070.0,4.0,1049.0,1.0,560.0,1.0,500.0,1.0,,0.0
2023-04-27 22:13:39.5,1682604819500000000,1092.5,1092.5,1092.5,440.0,5.0,54625.0,1098.0,5.0,1110.0,4.0,,0.0,,0.0,,0.0,1070.0,4.0,1049.0,1.0,560.0,1.0,500.0,1.0,,0.0
2023-04-27 22:13:46.25,1682604826250000000,1092.5,1092.5,1092.5,440.0,5.0,54625.0,1096.5,5.0,1110.0,4.0,,0.0,,0.0,,0.0,1070.0,4.0,1049.0,1.0,560.0,1.0,500.0,1.0,,0.0
2023-04-27 22:14:03.5,1682604843500000000,1092.5,1092.5,1092.5,440.0,5.0,54625.0,1098.0,5.0,1110.0,4.0,,0.0,,0.0,,0.0,1070.0,4.0,1049.0,1.0,560.0,1.0,500.0,1.0,,0.0
2023-04-27 22:14:20.0,1682604860000000000,1092.5,1092.5,1092.5,440.0,5.0,54625.0,1099.5,5.0,1110.0,4.0,,0.0,,0.0,,0.0,1070.0,4.0,1049.0,1.0,560.0,1.0,500.0,1.0,,0.0
2023-04-27 22:14:48.0,1682604888000000000,1092.5,1092.5,1092.5,440.0,5.0,54625.0,1101.5,5.0,1110.0,4.0,,0.0,,0.0,,0.0,1070.0,4.0,1049.0,1.0,560.0,1.0,500.0,1.0,,0.0
2023-04-27 22:14:50.25,1682604890250000000,1092.5,1092.5,1092.5,440.0,5.0,54625.0,1110.0,4.0,,0.0,,0.0,,0.0,,0.0,1070.0,4.0,1049.0,1.0,560.0,1.0,500.0,1.0,,0.0
2023-04-27 22:14:50.5,1682604890500000000,1092.5,1092.5,1092.5,440.0,5.0,54625.0,1109.5,10.0,1110.0,4.0,,0.0,,0.0,,0.0,1070.0,4.0,1049.0,1.0,560.0,1.0,500.0,1.0,,0.0
2023-04-27 22:17:33.5,1682605053500000000,1092.5,1092.5,1092.5,440.0,5.0,54625.0,1097.0,5.0,1109.5,10.0,1110.0,4.0,,0.0,,0.0,1070.0,4.0,1049.0,1.0,560.0,1.0,500.0,1.0,,0.0
2023-04-27 22:17:33.75,1682605053750000000,1092.5,1092.5,1092.5,440.0,5.0,54625.0,1097.0,5.0,1110.0,4.0,,0.0,,0.0,,0.0,1070.0,4.0,1049.0,1.0,560.0,1.0,500.0,1.0,,0.0
2023-04-27 22:17:56.75,1682605076750000000,1092.5,1092.5,1092.5,440.0,5.0,54625.0,1098.5,5.0,1110.0,4.0,,0.0,,0.0,,0.0,1070.0,4.0,1049.0,1.0,560.0,1.0,500.0,1.0,,0.0
2023-04-27 22:18:30.0,1682605110000000000,1092.5,1092.5,1092.5,440.0,5.0,54625.0,1097.0,5.0,1110.0,4.0,,0.0,,0.0,,0.0,1070.0,4.0,1049.0,1.0,560.0,1.0,500.0,1.0,,0.0
2023-04-27 22:18:41.25,1682605121250000000,1092.5,1092.5,1092.5,440.0,5.0,54625.0,1095.5,5.0,1110.0,4.0,,0.0,,0.0,,0.0,1070.0,4.0,1049.0,1.0,560.0,1.0,500.0,1.0,,0.0
2023-04-27 22:19:21.5,1682605161500000000,1092.5,1092.5,1092.5,440.0,5.0,54625.0,1097.0,5.0,1110.0,4.0,,0.0,,0.0,,0.0,1070.0,4.0,1049.0,1.0,560.0,1.0,500.0,1.0,,0.0
2023-04-27 22:20:01.75,1682605201750000000,1092.5,1092.5,1092.5,440.0,5.0,54625.0,1095.5,5.0,1110.0,4.0,,0.0,,0.0,,0.0,1070.0,4.0,1049.0,1.0,560.0,1.0,500.0,1.0,,0.0
2023-04-27 22:20:25.0,1682605225000000000,1092.5,1092.5,1092.5,440.0,5.0,54625.0,1097.0,5.0,1110.0,4.0,,0.0,,0.0,,0.0,1070.0,4.0,1049.0,1.0,560.0,1.0,500.0,1.0,,0.0
2023-04-27 22:20:43.0,1682605243000000000,1092.5,1092.5,1092.5,440.0,5.0,54625.0,1099.5,5.0,1110.0,4.0,,0.0,,0.0,,0.0,1070.0,4.0,1049.0,1.0,560.0,1.0,500.0,1.0,,0.0
2023-04-27 22:21:02.25,1682605262250000000,1092.5,1092.5,1092.5,440.0,5.0,54625.0,1098.0,5.0,1110.0,4.0,,0.0,,0.0,,0.0,1070.0,4.0,1049.0,1.0,560.0,1.0,500.0,1.0,,0.0
2023-04-27 22:21:22.75,1682605282750000000,1092.5,1092.5,1092.5,440.0,5.0,54625.0,1096.5,5.0,1110.0,4.0,,0.0,,0.0,,0.0,1070.0,4.0,1049.0,1.0,560.0,1.0,500.0,1.0,,0.0
2023-04-27 22:21:31.25,1682605291250000000,1092.5,1092.5,1092.5,440.0,5.0,54625.0,1095.0,5.0,1110.0,4.0,,0.0,,0.0,,0.0,1070.0,4.0,1049.0,1.0,560.0,1.0,500.0,1.0,,0.0
2023-04-27 22:21:33.75,1682605293750000000,1092.5,1092.5,1092.5,440.0,5.0,54625.0,1093.5,5.0,1110.0,4.0,,0.0,,0.0,,0.0,1070.0,4.0,1049.0,1.0,560.0,1.0,500.0,1.0,,0.0
2023-04-27 22:21:41.0,1682605301000000000,1092.5,1092.5,1092.5,440.0,5.0,54625.0,1095.0,5.0,1110.0,4.0,,0.0,,0.0,,0.0,1070.0,4.0,1049.0,1.0,560.0,1.0,500.0,1.0,,0.0
2023-04-27 22:22:02.25,1682605322250000000,1092.5,1092.5,1092.5,440.0,5.0,54625.0,1093.5,5.0,1110.0,4.0,,0.0,,0.0,,0.0,1070.0,4.0,1049.0,1.0,560.0,1.0,500.0,1.0,,0.0
2023-04-27 22:22:04.75,1682605324750000000,1092.5,1092.5,1092.5,440.0,5.0,54625.0,1092.0,5.0,1110.0,4.0,,0.0,,0.0,,0.0,1070.0,4.0,1049.0,1.0,560.0,1.0,500.0,1.0,,0.0
2023-04-27 22:22:09.75,1682605329750000000,1092.5,1092.5,1092.5,440.0,5.0,54625.0,1093.5,5.0,1110.0,4.0,,0.0,,0.0,,0.0,1070.0,4.0,1049.0,1.0,560.0,1.0,500.0,1.0,,0.0
2023-04-27 22:23:26.75,1682605406750000000,1092.5,1092.5,1092.5,440.0,5.0,54625.0,1092.0,5.0,1110.0,4.0,,0.0,,0.0,,0.0,1070.0,4.0,1049.0,1.0,560.0,1.0,500.0,1.0,,0.0
2023-04-27 22:23:28.25,1682605408250000000,1092.5,1092.5,1092.5,440.0,5.0,54625.0,1089.0,5.0,1110.0,4.0,,0.0,,0.0,,0.0,1070.0,4.0,1049.0,1.0,560.0,1.0,500.0,1.0,,0.0
2023-04-27 22:23:31.75,1682605411750000000,1092.5,1092.5,1092.5,440.0,5.0,54625.0,1090.5,5.0,1110.0,4.0,,0.0,,0.0,,0.0,1070.0,4.0,1049.0,1.0,560.0,1.0,500.0,1.0,,0.0
2023-04-27 22:24:00.5,1682605440500000000,1092.5,1092.5,1092.5,440.0,5.0,54625.0,1092.5,5.0,1110.0,4.0,,0.0,,0.0,,0.0,1070.0,4.0,1049.0,1.0,560.0,1.0,500.0,1.0,,0.0
2023-04-27 22:25:08.25,1682605508250000000,1092.5,1092.5,1092.5,440.0,5.0,54625.0,1094.0,5.0,1110.0,4.0,,0.0,,0.0,,0.0,1070.0,4.0,1049.0,1.0,560.0,1.0,500.0,1.0,,0.0
2023-04-27 22:25:34.5,1682605534500000000,1092.5,1092.5,1092.5,440.0,5.0,54625.0,1092.5,5.0,1110.0,4.0,,0.0,,0.0,,0.0,1070.0,4.0,1049.0,1.0,560.0,1.0,500.0,1.0,,0.0
2023-04-27 22:25:38.25,1682605538250000000,1092.5,1092.5,1092.5,440.0,5.0,54625.0,1091.0,5.0,1110.0,4.0,,0.0,,0.0,,0.0,1070.0,4.0,1049.0,1.0,560.0,1.0,500.0,1.0,,0.0
2023-04-27 22:26:03.25,1682605563250000000,1092.5,1092.5,1092.5,440.0,5.0,54625.0,1089.5,5.0,1110.0,4.0,,0.0,,0.0,,0.0,1070.0,4.0,1049.0,1.0,560.0,1.0,500.0,1.0,,0.0
2023-04-27 22:27:15.5,1682605635500000000,1092.5,1092.5,1092.5,440.0,5.0,54625.0,1091.0,5.0,1110.0,4.0,,0.0,,0.0,,0.0,1070.0,4.0,1049.0,1.0,560.0,1.0,500.0,1.0,,0.0
2023-04-27 22:27:35.25,1682605655250000000,1092.5,1092.5,1092.5,440.0,5.0,54625.0,1089.0,5.0,1110.0,4.0,,0.0,,0.0,,0.0,1070.0,4.0,1049.0,1.0,560.0,1.0,500.0,1.0,,0.0
2023-04-27 22:27:39.0,1682605659000000000,1092.5,1092.5,1092.5,440.0,5.0,54625.0,1087.5,5.0,1110.0,4.0,,0.0,,0.0,,0.0,1070.0,4.0,1049.0,1.0,560.0,1.0,500.0,1.0,,0.0
2023-04-27 22:28:01.5,1682605681500000000,1092.5,1092.5,1092.5,440.0,5.0,54625.0,1086.0,5.0,1110.0,4.0,,0.0,,0.0,,0.0,1070.0,4.0,1049.0,1.0,560.0,1.0,500.0,1.0,,0.0
2023-04-27 22:28:15.0,1682605695000000000,1092.5,1092.5,1092.5,440.0,5.0,54625.0,1088.0,5.0,1110.0,4.0,,0.0,,0.0,,0.0,1070.0,4.0,1049.0,1.0,560.0,1.0,500.0,1.0,,0.0
2023-04-27 22:28:21.5,1682605701500000000,1092.5,1092.5,1092.5,440.0,5.0,54625.0,1089.5,5.0,1110.0,4.0,,0.0,,0.0,,0.0,1070.0,4.0,1049.0,1.0,560.0,1.0,500.0,1.0,,0.0
2023-04-27 22:28:49.5,1682605729500000000,1092.5,1092.5,1092.5,440.0,5.0,54625.0,1088.0,5.0,1110.0,4.0,,0.0,,0.0,,0.0,1070.0,4.0,1049.0,1.0,560.0,1.0,500.0,1.0,,0.0
2023-04-27 22:28:58.0,1682605738000000000,1092.5,1092.5,1092.5,440.0,5.0,54625.0,1086.5,5.0,1110.0,4.0,,0.0,,0.0,,0.0,1070.0,4.0,1049.0,1.0,560.0,1.0,500.0,1.0,,0.0
2023-04-27 22:29:21.0,1682605761000000000,1092.5,1092.5,1092.5,440.0,5.0,54625.0,1088.0,5.0,1110.0,4.0,,0.0,,0.0,,0.0,1070.0,4.0,1049.0,1.0,560.0,1.0,500.0,1.0,,0.0
2023-04-27 22:29:31.5,1682605771500000000,1092.5,1092.5,1092.5,440.0,5.0,54625.0,1086.5,5.0,1110.0,4.0,,0.0,,0.0,,0.0,1070.0,4.0,1049.0,1.0,560.0,1.0,500.0,1.0,,0.0
2023-04-27 22:29:42.25,1682605782250000000,1092.5,1092.5,1092.5,440.0,5.0,54625.0,1085.0,5.0,1110.0,4.0,,0.0,,0.0,,0.0,1070.0,4.0,1049.0,1.0,560.0,1.0,500.0,1.0,,0.0
2023-04-27 22:29:53.75,1682605793750000000,1092.5,1092.5,1092.5,440.0,5.0,54625.0,1083.5,5.0,1110.0,4.0,,0.0,,0.0,,0.0,1070.0,4.0,1049.0,1.0,560.0,1.0,500.0,1.0,,0.0
2023-04-27 22:29:54.25,1682605794250000000,1092.5,1092.5,1092.5,440.0,5.0,54625.0,1081.5,5.0,1110.0,4.0,,0.0,,0.0,,0.0,1070.0,4.0,1049.0,1.0,560.0,1.0,500.0,1.0,,0.0
2023-04-27 22:29:56.0,1682605796000000000,1092.5,1092.5,1092.5,440.0,5.0,54625.0,1081.5,5.0,1110.0,4.0,,0.0,,0.0,,0.0,1049.0,1.0,1045.5,4.0,560.0,1.0,500.0,1.0,,0.0
2023-04-27 22:30:24.5,1682605824500000000,1092.5,1092.5,1092.5,440.0,5.0,54625.0,1080.0,5.0,1110.0,4.0,,0.0,,0.0,,0.0,1049.0,1.0,1045.5,4.0,560.0,1.0,500.0,1.0,,0.0
2023-04-27 22:30:41.75,1682605841750000000,1092.5,1092.5,1092.5,440.0,5.0,54625.0,1081.5,5.0,1110.0,4.0,,0.0,,0.0,,0.0,1049.0,1.0,1045.5,4.0,560.0,1.0,500.0,1.0,,0.0
2023-04-27 22:30:47.25,1682605847250000000,1092.5,1092.5,1092.5,440.0,5.0,54625.0,1083.0,5.0,1110.0,4.0,,0.0,,0.0,,0.0,1049.0,1.0,1045.5,4.0,560.0,1.0,500.0,1.0,,0.0
2023-04-27 22:30:56.0,1682605856000000000,1092.5,1092.5,1092.5,440.0,5.0,54625.0,1084.5,5.0,1110.0,4.0,,0.0,,0.0,,0.0,1049.0,1.0,1045.5,4.0,560.0,1.0,500.0,1.0,,0.0
2023-04-27 22:30:59.75,1682605859750000000,1092.5,1092.5,1092.5,440.0,5.0,54625.0,1083.0,5.0,1110.0,4.0,,0.0,,0.0,,0.0,1049.0,1.0,1045.5,4.0,560.0,1.0,500.0,1.0,,0.0
2023-04-27 22:31:01.5,1682605861500000000,1092.5,1092.5,1092.5,440.0,5.0,54625.0,1082.0,5.0,1110.0,4.0,,0.0,,0.0,,0.0,1049.0,1.0,1045.5,4.0,560.0,1.0,500.0,1.0,,0.0
2023-04-27 22:31:04.25,1682605864250000000,1092.5,1092.5,1092.5,440.0,5.0,54625.0,1080.5,5.0,1110.0,4.0,,0.0,,0.0,,0.0,1049.0,1.0,1045.5,4.0,560.0,1.0,500.0,1.0,,0.0
2023-04-27 22:31:05.75,1682605865750000000,1092.5,1092.5,1092.5,440.0,5.0,54625.0,1078.5,5.0,1110.0,4.0,,0.0,,0.0,,0.0,1049.0,1.0,1045.5,4.0,560.0,1.0,500.0,1.0,,0.0
2023-04-27 22:31:07.5,1682605867500000000,1092.5,1092.5,1092.5,440.0,5.0,54625.0,1077.0,5.0,1110.0,4.0,,0.0,,0.0,,0.0,1049.0,1.0,1045.5,4.0,560.0,1.0,500.0,1.0,,0.0
2023-04-27 22:31:09.0,1682605869000000000,1092.5,1092.5,1092.5,440.0,5.0,54625.0,1073.5,5.0,1110.0,4.0,,0.0,,0.0,,0.0,1049.0,1.0,1045.5,4.0,560.0,1.0,500.0,1.0,,0.0
2023-04-27 22:31:09.5,1682605869500000000,1092.5,1092.5,1092.5,440.0,5.0,54625.0,1071.5,5.0,1110.0,4.0,,0.0,,0.0,,0.0,1049.0,1.0,1045.5,4.0,560.0,1.0,500.0,1.0,,0.0
2023-04-27 22:31:09.75,1682605869750000000,1092.5,1092.5,1092.5,440.0,5.0,54625.0,1073.5,5.0,1110.0,4.0,,0.0,,0.0,,0.0,1049.0,1.0,1045.5,4.0,560.0,1.0,500.0,1.0,,0.0
2023-04-27 22:31:11.25,1682605871250000000,1092.5,1092.5,1092.5,440.0,5.0,54625.0,1072.0,5.0,1110.0,4.0,,0.0,,0.0,,0.0,1049.0,1.0,1045.5,4.0,560.0,1.0,500.0,1.0,,0.0
2023-04-27 22:31:12.0,1682605872000000000,1092.5,1092.5,1092.5,440.0,5.0,54625.0,1070.5,5.0,1110.0,4.0,,0.0,,0.0,,0.0,1049.0,1.0,1045.5,4.0,560.0,1.0,500.0,1.0,,0.0
2023-04-27 22:31:17.25,1682605877250000000,1092.5,1092.5,1092.5,440.0,5.0,54625.0,1069.0,5.0,1110.0,4.0,,0.0,,0.0,,0.0,1049.0,1.0,1045.5,4.0,560.0,1.0,500.0,1.0,,0.0
2023-04-27 22:31:18.0,1682605878000000000,1092.5,1092.5,1092.5,440.0,5.0,54625.0,1070.5,5.0,1110.0,4.0,,0.0,,0.0,,0.0,1049.0,1.0,1045.5,4.0,560.0,1.0,500.0,1.0,,0.0
2023-04-27 22:31:18.75,1682605878750000000,1092.5,1092.5,1092.5,440.0,5.0,54625.0,1072.0,5.0,1110.0,4.0,,0.0,,0.0,,0.0,1049.0,1.0,1045.5,4.0,560.0,1.0,500.0,1.0,,0.0
2023-04-27 22:31:21.25,1682605881250000000,1092.5,1092.5,1092.5,440.0,5.0,54625.0,1073.5,5.0,1110.0,4.0,,0.0,,0.0,,0.0,1049.0,1.0,1045.5,4.0,560.0,1.0,500.0,1.0,,0.0
2023-04-27 22:31:23.25,1682605883250000000,1092.5,1092.5,1092.5,440.0,5.0,54625.0,1072.0,5.0,1110.0,4.0,,0.0,,0.0,,0.0,1049.0,1.0,1045.5,4.0,560.0,1.0,500.0,1.0,,0.0
2023-04-27 22:31:24.25,1682605884250000000,1092.5,1092.5,1092.5,440.0,5.0,54625.0,1070.5,5.0,1110.0,4.0,,0.0,,0.0,,0.0,1049.0,1.0,1045.5,4.0,560.0,1.0,500.0,1.0,,0.0
2023-04-27 22:31:25.5,1682605885500000000,1092.5,1092.5,1092.5,440.0,5.0,54625.0,1069.0,5.0,1110.0,4.0,,0.0,,0.0,,0.0,1049.0,1.0,1045.5,4.0,560.0,1.0,500.0,1.0,,0.0
2023-04-27 22:31:30.75,1682605890750000000,1092.5,1092.5,1092.5,440.0,5.0,54625.0,1067.0,5.0,1110.0,4.0,,0.0,,0.0,,0.0,1049.0,1.0,1045.5,4.0,560.0,1.0,500.0,1.0,,0.0
2023-04-27 22:31:41.0,1682605901000000000,1092.5,1092.5,1092.5,440.0,5.0,54625.0,1068.5,5.0,1110.0,4.0,,0.0,,0.0,,0.0,1049.0,1.0,1045.5,4.0,560.0,1.0,500.0,1.0,,0.0
2023-04-27 22:31:42.5,1682605902500000000,1092.5,1092.5,1092.5,440.0,5.0,54625.0,1070.0,5.0,1110.0,4.0,,0.0,,0.0,,0.0,1049.0,1.0,1045.5,4.0,560.0,1.0,500.0,1.0,,0.0
2023-04-27 22:31:47.5,1682605907500000000,1092.5,1092.5,1092.5,440.0,5.0,54625.0,1068.5,5.0,1110.0,4.0,,0.0,,0.0,,0.0,1049.0,1.0,1045.5,4.0,560.0,1.0,500.0,1.0,,0.0
2023-04-27 22:31:50.5,1682605910500000000,1092.5,1092.5,1092.5,440.0,5.0,54625.0,1067.0,5.0,1110.0,4.0,,0.0,,0.0,,0.0,1049.0,1.0,1045.5,4.0,560.0,1.0,500.0,1.0,,0.0
2023-04-27 22:31:52.25,1682605912250000000,1092.5,1092.5,1092.5,440.0,5.0,54625.0,1065.5,5.0,1110.0,4.0,,0.0,,0.0,,0.0,1049.0,1.0,1045.5,4.0,560.0,1.0,500.0,1.0,,0.0
2023-04-27 22:31:52.5,1682605912500000000,1092.5,1092.5,1092.5,440.0,5.0,54625.0,1065.5,5.0,1110.0,4.0,,0.0,,0.0,,0.0,1045.5,4.0,560.0,1.0,500.0,1.0,,0.0,,0.0
2023-04-27 22:31:53.0,1682605913000000000,1092.5,1092.5,1092.5,440.0,5.0,54625.0,1064.0,5.0,1110.0,4.0,,0.0,,0.0,,0.0,1045.5,4.0,560.0,1.0,500.0,1.0,,0.0,,0.0
2023-04-27 22:31:58.25,1682605918250000000,1092.5,1092.5,1092.5,440.0,5.0,54625.0,1065.5,5.0,1110.0,4.0,,0.0,,0.0,,0.0,1045.5,4.0,560.0,1.0,500.0,1.0,,0.0,,0.0
2023-04-27 22:32:02.5,1682605922500000000,1092.5,1092.5,1092.5,440.0,5.0,54625.0,1067.0,5.0,1110.0,4.0,,0.0,,0.0,,0.0,1045.5,4.0,560.0,1.0,500.0,1.0,,0.0,,0.0
2023-04-27 22:32:08.75,1682605928750000000,1092.5,1092.5,1092.5,440.0,5.0,54625.0,1068.5,5.0,1110.0,4.0,,0.0,,0.0,,0.0,1045.5,4.0,560.0,1.0,500.0,1.0,,0.0,,0.0
2023-04-27 22:32:10.0,1682605930000000000,1092.5,1092.5,1092.5,440.0,5.0,54625.0,1070.0,5.0,1110.0,4.0,,0.0,,0.0,,0.0,1045.5,4.0,560.0,1.0,500.0,1.0,,0.0,,0.0
2023-04-27 22:32:15.25,1682605935250000000,1092.5,1092.5,1092.5,440.0,5.0,54625.0,1068.5,5.0,1110.0,4.0,,0.0,,0.0,,0.0,1045.5,4.0,560.0,1.0,500.0,1.0,,0.0,,0.0
2023-04-27 22:32:16.5,1682605936500000000,1092.5,1092.5,1092.5,440.0,5.0,54625.0,1067.0,5.0,1110.0,4.0,,0.0,,0.0,,0.0,1045.5,4.0,560.0,1.0,500.0,1.0,,0.0,,0.0
2023-04-27 22:32:16.75,1682605936750000000,1092.5,1092.5,1092.5,440.0,5.0,54625.0,1068.5,5.0,1110.0,4.0,,0.0,,0.0,,0.0,1045.5,4.0,560.0,1.0,500.0,1.0,,0.0,,0.0
2023-04-27 22:32:17.5,1682605937500000000,1092.5,1092.5,1092.5,440.0,5.0,54625.0,1067.0,5.0,1110.0,4.0,,0.0,,0.0,,0.0,1045.5,4.0,560.0,1.0,500.0,1.0,,0.0,,0.0
2023-04-27 22:32:27.5,1682605947500000000,1092.5,1092.5,1092.5,440.0,5.0,54625.0,1065.5,5.0,1110.0,4.0,,0.0,,0.0,,0.0,1045.5,4.0,560.0,1.0,500.0,1.0,,0.0,,0.0
2023-04-27 22:32:50.0,1682605970000000000,1092.5,1092.5,1092.5,440.0,5.0,54625.0,1063.5,5.0,1110.0,4.0,,0.0,,0.0,,0.0,1045.5,4.0,560.0,1.0,500.0,1.0,,0.0,,0.0
2023-04-27 22:32:53.5,1682605973500000000,1092.5,1092.5,1092.5,440.0,5.0,54625.0,1065.0,5.0,1110.0,4.0,,0.0,,0.0,,0.0,1045.5,4.0,560.0,1.0,500.0,1.0,,0.0,,0.0
2023-04-27 22:33:00.5,1682605980500000000,1092.5,1092.5,1092.5,440.0,5.0,54625.0,1066.5,5.0,1110.0,4.0,,0.0,,0.0,,0.0,1045.5,4.0,560.0,1.0,500.0,1.0,,0.0,,0.0
2023-04-27 22:33:02.25,1682605982250000000,1092.5,1092.5,1092.5,440.0,5.0,54625.0,1064.0,5.0,1110.0,4.0,,0.0,,0.0,,0.0,1045.5,4.0,560.0,1.0,500.0,1.0,,0.0,,0.0
2023-04-27 22:33:04.25,1682605984250000000,1092.5,1092.5,1092.5,440.0,5.0,54625.0,1062.5,5.0,1110.0,4.0,,0.0,,0.0,,0.0,1045.5,4.0,560.0,1.0,500.0,1.0,,0.0,,0.0
2023-04-27 22:33:11.25,1682605991250000000,1092.5,1092.5,1092.5,440.0,5.0,54625.0,1064.0,5.0,1110.0,4.0,,0.0,,0.0,,0.0,1045.5,4.0,560.0,1.0,500.0,1.0,,0.0,,0.0
2023-04-27 22:33:13.25,1682605993250000000,1092.5,1092.5,1092.5,440.0,5.0,54625.0,1065.5,5.0,1110.0,4.0,,0.0,,0.0,,0.0,1045.5,4.0,560.0,1.0,500.0,1.0,,0.0,,0.0
2023-04-27 22:33:14.75,1682605994750000000,1092.5,1092.5,1092.5,440.0,5.0,54625.0,1063.5,5.0,1110.0,4.0,,0.0,,0.0,,0.0,1045.5,4.0,560.0,1.0,500.0,1.0,,0.0,,0.0
2023-04-27 22:33:23.75,1682606003750000000,1092.5,1092.5,1092.5,440.0,5.0,54625.0,1061.5,5.0,1110.0,4.0,,0.0,,0.0,,0.0,1045.5,4.0,560.0,1.0,500.0,1.0,,0.0,,0.0
2023-04-27 22:33:25.25,1682606005250000000,1092.5,1092.5,1092.5,440.0,5.0,54625.0,1061.5,5.0,1088.5,4.0,,0.0,,0.0,,0.0,1045.5,4.0,560.0,1.0,500.0,1.0,,0.0,,0.0
2023-04-27 22:33:26.0,1682606006000000000,1092.5,1092.5,1092.5,440.0,5.0,54625.0,1060.0,5.0,1088.5,4.0,,0.0,,0.0,,0.0,1045.5,4.0,560.0,1.0,500.0,1.0,,0.0,,0.0
2023-04-27 22:33:35.5,1682606015500000000,1092.5,1092.5,1092.5,440.0,5.0,54625.0,1058.5,5.0,1088.5,4.0,,0.0,,0.0,,0.0,1045.5,4.0,560.0,1.0,500.0,1.0,,0.0,,0.0
2023-04-27 22:33:42.5,1682606022500000000,1092.5,1092.5,1092.5,440.0,5.0,54625.0,1060.0,5.0,1088.5,4.0,,0.0,,0.0,,0.0,1045.5,4.0,560.0,1.0,500.0,1.0,,0.0,,0.0
2023-04-27 22:33:48.0,1682606028000000000,1092.5,1092.5,1092.5,440.0,5.0,54625.0,1061.5,5.0,1088.5,4.0,,0.0,,0.0,,0.0,1045.5,4.0,560.0,1.0,500.0,1.0,,0.0,,0.0
2023-04-27 22:33:51.5,1682606031500000000,1092.5,1092.5,1092.5,440.0,5.0,54625.0,1063.0,5.0,1088.5,4.0,,0.0,,0.0,,0.0,1045.5,4.0,560.0,1.0,500.0,1.0,,0.0,,0.0
2023-04-27 22:33:53.75,1682606033750000000,1092.5,1092.5,1092.5,440.0,5.0,54625.0,1061.5,5.0,1088.5,4.0,,0.0,,0.0,,0.0,1045.5,4.0,560.0,1.0,500.0,1.0,,0.0,,0.0
2023-04-27 22:33:56.25,1682606036250000000,1092.5,1092.5,1092.5,440.0,5.0,54625.0,1063.0,5.0,1088.5,4.0,,0.0,,0.0,,0.0,1045.5,4.0,560.0,1.0,500.0,1.0,,0.0,,0.0
2023-04-27 22:34:02.75,1682606042750000000,1092.5,1092.5,1092.5,440.0,5.0,54625.0,1061.0,5.0,1088.5,4.0,,0.0,,0.0,,0.0,1045.5,4.0,560.0,1.0,500.0,1.0,,0.0,,0.0
2023-04-27 22:34:08.25,1682606048250000000,1092.5,1092.5,1092.5,440.0,5.0,54625.0,1059.5,5.0,1088.5,4.0,,0.0,,0.0,,0.0,1045.5,4.0,560.0,1.0,500.0,1.0,,0.0,,0.0
2023-04-27 22:34:11.5,1682606051500000000,1092.5,1092.5,1092.5,440.0,5.0,54625.0,1057.5,5.0,1088.5,4.0,,0.0,,0.0,,0.0,1045.5,4.0,560.0,1.0,500.0,1.0,,0.0,,0.0
2023-04-27 22:34:13.0,1682606053000000000,1092.5,1092.5,1092.5,440.0,5.0,54625.0,1057.5,5.0,1088.5,4.0,,0.0,,0.0,,0.0,915.0,4.0,560.0,1.0,500.0,1.0,,0.0,,0.0
2023-04-27 22:34:13.25,1682606053250000000,1092.5,1092.5,1092.5,440.0,5.0,54625.0,1054.5,5.0,1088.5,4.0,,0.0,,0.0,,0.0,915.0,4.0,560.0,1.0,500.0,1.0,,0.0,,0.0
2023-04-27 22:34:13.5,1682606053500000000,1092.5,1092.5,1092.5,440.0,5.0,54625.0,1054.5,5.0,1088.5,4.0,,0.0,,0.0,,0.0,916.5,1.0,915.0,4.0,560.0,1.0,500.0,1.0,,0.0
2023-04-27 22:34:13.75,1682606053750000000,1092.5,1092.5,1092.5,440.0,5.0,54625.0,1053.0,5.0,1088.5,4.0,,0.0,,0.0,,0.0,916.5,1.0,915.0,4.0,560.0,1.0,500.0,1.0,,0.0
2023-04-27 22:34:14.0,1682606054000000000,1092.5,1092.5,1092.5,440.0,5.0,54625.0,1054.5,5.0,1088.5,4.0,,0.0,,0.0,,0.0,973.5,4.0,916.5,1.0,560.0,1.0,500.0,1.0,,0.0
2023-04-27 22:34:14.25,1682606054250000000,1092.5,1092.5,1092.5,440.0,5.0,54625.0,1056.0,5.0,1088.5,4.0,,0.0,,0.0,,0.0,973.5,4.0,916.5,1.0,560.0,1.0,500.0,1.0,,0.0
2023-04-27 22:34:14.5,1682606054500000000,1092.5,1092.5,1092.5,440.0,5.0,54625.0,1056.0,5.0,1088.5,4.0,,0.0,,0.0,,0.0,973.5,4.0,560.0,1.0,500.0,1.0,,0.0,,0.0
2023-04-27 22:34:15.0,1682606055000000000,1092.5,1092.5,1092.5,440.0,5.0,54625.0,1054.5,5.0,1088.5,4.0,,0.0,,0.0,,0.0,973.5,4.0,560.0,1.0,500.0,1.0,,0.0,,0.0
2023-04-27 22:34:15.5,1682606055500000000,1092.5,1092.5,1092.5,440.0,5.0,54625.0,1054.5,5.0,1088.5,4.0,,0.0,,0.0,,0.0,974.0,1.0,973.5,4.0,560.0,1.0,500.0,1.0,,0.0
2023-04-27 22:34:15.75,1682606055750000000,1092.5,1092.5,1092.5,440.0,5.0,54625.0,1054.5,5.0,1088.5,4.0,,0.0,,0.0,,0.0,1019.5,4.0,974.0,1.0,560.0,1.0,500.0,1.0,,0.0
2023-04-27 22:34:16.25,1682606056250000000,1092.5,1092.5,1092.5,440.0,5.0,54625.0,1056.0,5.0,1088.5,4.0,,0.0,,0.0,,0.0,1019.5,4.0,974.0,1.0,560.0,1.0,500.0,1.0,,0.0
2023-04-27 22:34:22.5,1682606062500000000,1092.5,1092.5,1092.5,440.0,5.0,54625.0,1054.5,5.0,1088.5,4.0,,0.0,,0.0,,0.0,1019.5,4.0,974.0,1.0,560.0,1.0,500.0,1.0,,0.0
2023-04-27 22:34:27.0,1682606067000000000,1092.5,1092.5,1092.5,440.0,5.0,54625.0,1056.0,5.0,1088.5,4.0,,0.0,,0.0,,0.0,1019.5,4.0,974.0,1.0,560.0,1.0,500.0,1.0,,0.0
2023-04-27 22:34:30.25,1682606070250000000,1092.5,1092.5,1092.5,440.0,5.0,54625.0,1057.5,5.0,1088.5,4.0,,0.0,,0.0,,0.0,1019.5,4.0,974.0,1.0,560.0,1.0,500.0,1.0,,0.0
2023-04-27 22:34:39.75,1682606079750000000,1092.5,1092.5,1092.5,440.0,5.0,54625.0,1056.0,5.0,1088.5,4.0,,0.0,,0.0,,0.0,1019.5,4.0,974.0,1.0,560.0,1.0,500.0,1.0,,0.0
2023-04-27 22:34:52.75,1682606092750000000,1092.5,1092.5,1092.5,440.0,5.0,54625.0,1054.5,5.0,1088.5,4.0,,0.0,,0.0,,0.0,1019.5,4.0,974.0,1.0,560.0,1.0,500.0,1.0,,0.0
2023-04-27 22:34:55.75,1682606095750000000,1092.5,1092.5,1092.5,440.0,5.0,54625.0,1056.0,5.0,1088.5,4.0,,0.0,,0.0,,0.0,1019.5,4.0,974.0,1.0,560.0,1.0,500.0,1.0,,0.0
2023-04-27 22:35:02.75,1682606102750000000,1092.5,1092.5,1092.5,440.0,5.0,54625.0,1058.0,5.0,1088.5,4.0,,0.0,,0.0,,0.0,1019.5,4.0,974.0,1.0,560.0,1.0,500.0,1.0,,0.0
2023-04-27 22:35:03.5,1682606103500000000,1092.5,1092.5,1092.5,440.0,5.0,54625.0,1059.5,5.0,1088.5,4.0,,0.0,,0.0,,0.0,1019.5,4.0,974.0,1.0,560.0,1.0,500.0,1.0,,0.0
2023-04-27 22:35:06.25,1682606106250000000,1092.5,1092.5,1092.5,440.0,5.0,54625.0,1062.5,5.0,1088.5,4.0,,0.0,,0.0,,0.0,1019.5,4.0,974.0,1.0,560.0,1.0,500.0,1.0,,0.0
2023-04-27 22:35:07.75,1682606107750000000,1092.5,1092.5,1092.5,440.0,5.0,54625.0,1060.5,5.0,1088.5,4.0,,0.0,,0.0,,0.0,1019.5,4.0,974.0,1.0,560.0,1.0,500.0,1.0,,0.0
2023-04-27 22:35:16.25,1682606116250000000,1092.5,1092.5,1092.5,440.0,5.0,54625.0,1062.0,5.0,1088.5,4.0,,0.0,,0.0,,0.0,1019.5,4.0,974.0,1.0,560.0,1.0,500.0,1.0,,0.0
2023-04-27 22:35:31.0,1682606131000000000,1092.5,1092.5,1092.5,440.0,5.0,54625.0,1060.0,5.0,1088.5,4.0,,0.0,,0.0,,0.0,1019.5,4.0,974.0,1.0,560.0,1.0,500.0,1.0,,0.0
2023-04-27 22:35:49.5,1682606149500000000,1092.5,1092.5,1092.5,440.0,5.0,54625.0,1058.5,5.0,1088.5,4.0,,0.0,,0.0,,0.0,1019.5,4.0,974.0,1.0,560.0,1.0,500.0,1.0,,0.0
2023-04-27 22:35:55.5,1682606155500000000,1092.5,1092.5,1092.5,440.0,5.0,54625.0,1057.0,5.0,1088.5,4.0,,0.0,,0.0,,0.0,1019.5,4.0,974.0,1.0,560.0,1.0,500.0,1.0,,0.0
2023-04-27 22:35:57.5,1682606157500000000,1092.5,1092.5,1092.5,440.0,5.0,54625.0,1055.0,5.0,1088.5,4.0,,0.0,,0.0,,0.0,1019.5,4.0,974.0,1.0,560.0,1.0,500.0,1.0,,0.0
2023-04-27 22:36:00.75,1682606160750000000,1092.5,1092.5,1092.5,440.0,5.0,54625.0,1058.0,5.0,1088.5,4.0,,0.0,,0.0,,0.0,1019.5,4.0,974.0,1.0,560.0,1.0,500.0,1.0,,0.0
2023-04-27 22:36:09.75,1682606169750000000,1092.5,1092.5,1092.5,440.0,5.0,54625.0,1056.0,5.0,1088.5,4.0,,0.0,,0.0,,0.0,1019.5,4.0,974.0,1.0,560.0,1.0,500.0,1.0,,0.0
2023-04-27 22:36:13.25,1682606173250000000,1092.5,1092.5,1092.5,440.0,5.0,54625.0,1054.0,5.0,1088.5,4.0,,0.0,,0.0,,0.0,1019.5,4.0,974.0,1.0,560.0,1.0,500.0,1.0,,0.0
2023-04-27 22:36:25.5,1682606185500000000,1092.5,1092.5,1092.5,440.0,5.0,54625.0,1055.5,5.0,1088.5,4.0,,0.0,,0.0,,0.0,1019.5,4.0,974.0,1.0,560.0,1.0,500.0,1.0,,0.0
2023-04-27 22:36:28.75,1682606188750000000,1092.5,1092.5,1092.5,440.0,5.0,54625.0,1057.5,5.0,1088.5,4.0,,0.0,,0.0,,0.0,1019.5,4.0,974.0,1.0,560.0,1.0,500.0,1.0,,0.0
2023-04-27 22:36:41.75,1682606201750000000,1092.5,1092.5,1092.5,440.0,5.0,54625.0,1056.0,5.0,1088.5,4.0,,0.0,,0.0,,0.0,1019.5,4.0,974.0,1.0,560.0,1.0,500.0,1.0,,0.0
2023-04-27 22:37:03.5,1682606223500000000,1092.5,1092.5,1092.5,440.0,5.0,54625.0,1058.0,5.0,1088.5,4.0,,0.0,,0.0,,0.0,1019.5,4.0,974.0,1.0,560.0,1.0,500.0,1.0,,0.0
2023-04-27 22:37:08.0,1682606228000000000,1092.5,1092.5,1092.5,440.0,5.0,54625.0,1060.0,5.0,1088.5,4.0,,0.0,,0.0,,0.0,1019.5,4.0,974.0,1.0,560.0,1.0,500.0,1.0,,0.0
2023-04-27 22:37:12.5,1682606232500000000,1092.5,1092.5,1092.5,440.0,5.0,54625.0,1061.5,5.0,1088.5,4.0,,0.0,,0.0,,0.0,1019.5,4.0,974.0,1.0,560.0,1.0,500.0,1.0,,0.0
2023-04-27 22:37:14.75,1682606234750000000,1092.5,1092.5,1092.5,440.0,5.0,54625.0,1063.0,5.0,1088.5,4.0,,0.0,,0.0,,0.0,1019.5,4.0,974.0,1.0,560.0,1.0,500.0,1.0,,0.0
2023-04-27 22:37:15.25,1682606235250000000,1092.5,1092.5,1092.5,440.0,5.0,54625.0,1061.5,5.0,1088.5,4.0,,0.0,,0.0,,0.0,1019.5,4.0,974.0,1.0,560.0,1.0,500.0,1.0,,0.0
2023-04-27 22:37:23.25,1682606243250000000,1092.5,1092.5,1092.5,440.0,5.0,54625.0,1063.0,5.0,1088.5,4.0,,0.0,,0.0,,0.0,1019.5,4.0,974.0,1.0,560.0,1.0,500.0,1.0,,0.0
2023-04-27 22:37:28.5,1682606248500000000,1092.5,1092.5,1092.5,440.0,5.0,54625.0,1061.5,5.0,1088.5,4.0,,0.0,,0.0,,0.0,1019.5,4.0,974.0,1.0,560.0,1.0,500.0,1.0,,0.0
2023-04-27 22:37:31.0,1682606251000000000,1092.5,1092.5,1092.5,440.0,5.0,54625.0,1063.0,5.0,1088.5,4.0,,0.0,,0.0,,0.0,1019.5,4.0,974.0,1.0,560.0,1.0,500.0,1.0,,0.0
2023-04-27 22:37:33.75,1682606253750000000,1092.5,1092.5,1092.5,440.0,5.0,54625.0,1061.5,5.0,1088.5,4.0,,0.0,,0.0,,0.0,1019.5,4.0,974.0,1.0,560.0,1.0,500.0,1.0,,0.0
2023-04-27 22:37:45.75,1682606265750000000,1092.5,1092.5,1092.5,440.0,5.0,54625.0,1063.0,5.0,1088.5,4.0,,0.0,,0.0,,0.0,1019.5,4.0,974.0,1.0,560.0,1.0,500.0,1.0,,0.0
2023-04-27 22:37:52.75,1682606272750000000,1092.5,1092.5,1092.5,440.0,5.0,54625.0,1061.0,5.0,1088.5,4.0,,0.0,,0.0,,0.0,1019.5,4.0,974.0,1.0,560.0,1.0,500.0,1.0,,0.0
2023-04-27 22:38:02.0,1682606282000000000,1092.5,1092.5,1092.5,440.0,5.0,54625.0,1062.5,5.0,1088.5,4.0,,0.0,,0.0,,0.0,1019.5,4.0,974.0,1.0,560.0,1.0,500.0,1.0,,0.0
2023-04-27 22:38:08.0,1682606288000000000,1092.5,1092.5,1092.5,440.0,5.0,54625.0,1061.0,5.0,1088.5,4.0,,0.0,,0.0,,0.0,1019.5,4.0,974.0,1.0,560.0,1.0,500.0,1.0,,0.0
2023-04-27 22:38:12.0,1682606292000000000,1092.5,1092.5,1092.5,440.0,5.0,54625.0,1059.0,5.0,1088.5,4.0,,0.0,,0.0,,0.0,1019.5,4.0,974.0,1.0,560.0,1.0,500.0,1.0,,0.0
2023-04-27 22:38:14.0,1682606294000000000,1092.5,1092.5,1092.5,440.0,5.0,54625.0,1057.5,5.0,1088.5,4.0,,0.0,,0.0,,0.0,1019.5,4.0,974.0,1.0,560.0,1.0,500.0,1.0,,0.0
2023-04-27 22:38:15.25,1682606295250000000,1092.5,1092.5,1092.5,440.0,5.0,54625.0,1056.0,5.0,1088.5,4.0,,0.0,,0.0,,0.0,1019.5,4.0,974.0,1.0,560.0,1.0,500.0,1.0,,0.0
2023-04-27 22:38:21.25,1682606301250000000,1092.5,1092.5,1092.5,440.0,5.0,54625.0,1054.0,5.0,1088.5,4.0,,0.0,,0.0,,0.0,1019.5,4.0,974.0,1.0,560.0,1.0,500.0,1.0,,0.0
2023-04-27 22:38:30.5,1682606310500000000,1092.5,1092.5,1092.5,440.0,5.0,54625.0,1052.5,5.0,1088.5,4.0,,0.0,,0.0,,0.0,1019.5,4.0,974.0,1.0,560.0,1.0,500.0,1.0,,0.0
2023-04-27 22:38:33.75,1682606313750000000,1092.5,1092.5,1092.5,440.0,5.0,54625.0,1051.0,5.0,1088.5,4.0,,0.0,,0.0,,0.0,1019.5,4.0,974.0,1.0,560.0,1.0,500.0,1.0,,0.0
2023-04-27 22:38:35.25,1682606315250000000,1092.5,1092.5,1092.5,440.0,5.0,54625.0,1048.0,5.0,1088.5,4.0,,0.0,,0.0,,0.0,1019.5,4.0,974.0,1.0,560.0,1.0,500.0,1.0,,0.0
2023-04-27 22:38:35.5,1682606315500000000,1092.5,1092.5,1092.5,440.0,5.0,54625.0,1050.5,5.0,1088.5,4.0,,0.0,,0.0,,0.0,1019.5,4.0,974.0,1.0,560.0,1.0,500.0,1.0,,0.0
2023-04-27 22:38:39.0,1682606319000000000,1092.5,1092.5,1092.5,440.0,5.0,54625.0,1048.5,5.0,1088.5,4.0,,0.0,,0.0,,0.0,1019.5,4.0,974.0,1.0,560.0,1.0,500.0,1.0,,0.0
2023-04-27 22:38:40.75,1682606320750000000,1092.5,1092.5,1092.5,440.0,5.0,54625.0,1050.0,5.0,1088.5,4.0,,0.0,,0.0,,0.0,1019.5,4.0,974.0,1.0,560.0,1.0,500.0,1.0,,0.0
2023-04-27 22:38:44.5,1682606324500000000,1092.5,1092.5,1092.5,440.0,5.0,54625.0,1051.5,5.0,1088.5,4.0,,0.0,,0.0,,0.0,1019.5,4.0,974.0,1.0,560.0,1.0,500.0,1.0,,0.0
2023-04-27 22:38:46.0,1682606326000000000,1092.5,1092.5,1092.5,440.0,5.0,54625.0,1050.0,5.0,1088.5,4.0,,0.0,,0.0,,0.0,1019.5,4.0,974.0,1.0,560.0,1.0,500.0,1.0,,0.0
2023-04-27 22:38:49.75,1682606329750000000,1092.5,1092.5,1092.5,440.0,5.0,54625.0,1051.5,5.0,1088.5,4.0,,0.0,,0.0,,0.0,1019.5,4.0,974.0,1.0,560.0,1.0,500.0,1.0,,0.0
2023-04-27 22:39:12.5,1682606352500000000,1092.5,1092.5,1092.5,440.0,5.0,54625.0,1053.0,5.0,1088.5,4.0,,0.0,,0.0,,0.0,1019.5,4.0,974.0,1.0,560.0,1.0,500.0,1.0,,0.0
2023-04-27 22:39:16.25,1682606356250000000,1092.5,1092.5,1092.5,440.0,5.0,54625.0,1054.5,5.0,1088.5,4.0,,0.0,,0.0,,0.0,1019.5,4.0,974.0,1.0,560.0,1.0,500.0,1.0,,0.0
2023-04-27 22:39:19.0,1682606359000000000,1092.5,1092.5,1092.5,440.0,5.0,54625.0,1056.0,5.0,1088.5,4.0,,0.0,,0.0,,0.0,1019.5,4.0,974.0,1.0,560.0,1.0,500.0,1.0,,0.0
2023-04-27 22:39:32.5,1682606372500000000,1092.5,1092.5,1092.5,440.0,5.0,54625.0,1054.5,5.0,1088.5,4.0,,0.0,,0.0,,0.0,1019.5,4.0,974.0,1.0,560.0,1.0,500.0,1.0,,0.0
2023-04-27 22:39:43.25,1682606383250000000,1092.5,1092.5,1092.5,440.0,5.0,54625.0,1056.0,5.0,1088.5,4.0,,0.0,,0.0,,0.0,1019.5,4.0,974.0,1.0,560.0,1.0,500.0,1.0,,0.0
2023-04-27 22:39:45.5,1682606385500000000,1092.5,1092.5,1092.5,440.0,5.0,54625.0,1058.5,5.0,1088.5,4.0,,0.0,,0.0,,0.0,1019.5,4.0,974.0,1.0,560.0,1.0,500.0,1.0,,0.0
2023-04-27 22:39:56.0,1682606396000000000,1092.5,1092.5,1092.5,440.0,5.0,54625.0,1057.0,5.0,1088.5,4.0,,0.0,,0.0,,0.0,1019.5,4.0,974.0,1.0,560.0,1.0,500.0,1.0,,0.0
2023-04-27 22:40:03.25,1682606403250000000,1092.5,1092.5,1092.5,440.0,5.0,54625.0,1055.5,5.0,1088.5,4.0,,0.0,,0.0,,0.0,1019.5,4.0,974.0,1.0,560.0,1.0,500.0,1.0,,0.0
2023-04-27 22:40:04.75,1682606404750000000,1092.5,1092.5,1092.5,440.0,5.0,54625.0,1057.5,5.0,1088.5,4.0,,0.0,,0.0,,0.0,1019.5,4.0,974.0,1.0,560.0,1.0,500.0,1.0,,0.0
2023-04-27 22:40:10.0,1682606410000000000,1092.5,1092.5,1092.5,440.0,5.0,54625.0,1059.0,5.0,1088.5,4.0,,0.0,,0.0,,0.0,1019.5,4.0,974.0,1.0,560.0,1.0,500.0,1.0,,0.0
2023-04-27 22:40:11.25,1682606411250000000,1092.5,1092.5,1092.5,440.0,5.0,54625.0,1060.5,5.0,1088.5,4.0,,0.0,,0.0,,0.0,1019.5,4.0,974.0,1.0,560.0,1.0,500.0,1.0,,0.0
2023-04-27 22:40:13.0,1682606413000000000,1092.5,1092.5,1092.5,440.0,5.0,54625.0,1059.0,5.0,1088.5,4.0,,0.0,,0.0,,0.0,1019.5,4.0,974.0,1.0,560.0,1.0,500.0,1.0,,0.0
2023-04-27 22:40:18.0,1682606418000000000,1092.5,1092.5,1092.5,440.0,5.0,54625.0,1060.5,5.0,1088.5,4.0,,0.0,,0.0,,0.0,1019.5,4.0,974.0,1.0,560.0,1.0,500.0,1.0,,0.0
2023-04-27 22:40:32.25,1682606432250000000,1092.5,1092.5,1092.5,440.0,5.0,54625.0,1062.0,5.0,1088.5,4.0,,0.0,,0.0,,0.0,1019.5,4.0,974.0,1.0,560.0,1.0,500.0,1.0,,0.0
2023-04-27 22:40:33.25,1682606433250000000,1092.5,1092.5,1092.5,440.0,5.0,54625.0,1060.5,5.0,1088.5,4.0,,0.0,,0.0,,0.0,1019.5,4.0,974.0,1.0,560.0,1.0,500.0,1.0,,0.0
2023-04-27 22:40:37.0,1682606437000000000,1092.5,1092.5,1092.5,440.0,5.0,54625.0,1058.5,5.0,1088.5,4.0,,0.0,,0.0,,0.0,1019.5,4.0,974.0,1.0,560.0,1.0,500.0,1.0,,0.0
2023-04-27 22:40:45.5,1682606445500000000,1092.5,1092.5,1092.5,440.0,5.0,54625.0,1057.0,5.0,1088.5,4.0,,0.0,,0.0,,0.0,1019.5,4.0,974.0,1.0,560.0,1.0,500.0,1.0,,0.0
2023-04-27 22:41:00.75,1682606460750000000,1092.5,1092.5,1092.5,440.0,5.0,54625.0,1058.5,5.0,1088.5,4.0,,0.0,,0.0,,0.0,1019.5,4.0,974.0,1.0,560.0,1.0,500.0,1.0,,0.0
2023-04-27 22:41:03.5,1682606463500000000,1092.5,1092.5,1092.5,440.0,5.0,54625.0,1057.0,5.0,1088.5,4.0,,0.0,,0.0,,0.0,1019.5,4.0,974.0,1.0,560.0,1.0,500.0,1.0,,0.0
2023-04-27 22:41:26.75,1682606486750000000,1092.5,1092.5,1092.5,440.0,5.0,54625.0,1055.0,5.0,1088.5,4.0,,0.0,,0.0,,0.0,1019.5,4.0,974.0,1.0,560.0,1.0,500.0,1.0,,0.0
2023-04-27 22:41:28.5,1682606488500000000,1092.5,1092.5,1092.5,440.0,5.0,54625.0,1053.5,5.0,1088.5,4.0,,0.0,,0.0,,0.0,1019.5,4.0,974.0,1.0,560.0,1.0,500.0,1.0,,0.0
2023-04-27 22:41:36.25,1682606496250000000,1092.5,1092.5,1092.5,440.0,5.0,54625.0,1055.5,5.0,1088.5,4.0,,0.0,,0.0,,0.0,1019.5,4.0,974.0,1.0,560.0,1.0,500.0,1.0,,0.0
2023-04-27 22:41:38.5,1682606498500000000,1092.5,1092.5,1092.5,440.0,5.0,54625.0,1054.0,5.0,1088.5,4.0,,0.0,,0.0,,0.0,1019.5,4.0,974.0,1.0,560.0,1.0,500.0,1.0,,0.0
2023-04-27 22:41:40.25,1682606500250000000,1092.5,1092.5,1092.5,440.0,5.0,54625.0,1052.5,5.0,1088.5,4.0,,0.0,,0.0,,0.0,1019.5,4.0,974.0,1.0,560.0,1.0,500.0,1.0,,0.0
2023-04-27 22:42:05.0,1682606525000000000,1092.5,1092.5,1092.5,440.0,5.0,54625.0,1051.0,5.0,1088.5,4.0,,0.0,,0.0,,0.0,1019.5,4.0,974.0,1.0,560.0,1.0,500.0,1.0,,0.0
2023-04-27 22:42:13.25,1682606533250000000,1092.5,1092.5,1092.5,440.0,5.0,54625.0,1049.5,5.0,1088.5,4.0,,0.0,,0.0,,0.0,1019.5,4.0,974.0,1.0,560.0,1.0,500.0,1.0,,0.0
2023-04-27 22:42:24.25,1682606544250000000,1092.5,1092.5,1092.5,440.0,5.0,54625.0,1047.5,5.0,1088.5,4.0,,0.0,,0.0,,0.0,1019.5,4.0,974.0,1.0,560.0,1.0,500.0,1.0,,0.0
2023-04-27 22:42:26.75,1682606546750000000,1092.5,1092.5,1092.5,440.0,5.0,54625.0,1046.0,5.0,1088.5,4.0,,0.0,,0.0,,0.0,1019.5,4.0,974.0,1.0,560.0,1.0,500.0,1.0,,0.0
2023-04-27 22:42:28.0,1682606548000000000,1092.5,1092.5,1092.5,440.0,5.0,54625.0,1044.5,5.0,1088.5,4.0,,0.0,,0.0,,0.0,1019.5,4.0,974.0,1.0,560.0,1.0,500.0,1.0,,0.0
2023-04-27 22:42:30.5,1682606550500000000,1092.5,1092.5,1092.5,440.0,5.0,54625.0,1046.0,5.0,1088.5,4.0,,0.0,,0.0,,0.0,1019.5,4.0,974.0,1.0,560.0,1.0,500.0,1.0,,0.0
2023-04-27 22:42:32.5,1682606552500000000,1092.5,1092.5,1092.5,440.0,5.0,54625.0,1044.5,5.0,1088.5,4.0,,0.0,,0.0,,0.0,1019.5,4.0,974.0,1.0,560.0,1.0,500.0,1.0,,0.0
2023-04-27 22:42:34.25,1682606554250000000,1092.5,1092.5,1092.5,440.0,5.0,54625.0,1046.0,5.0,1088.5,4.0,,0.0,,0.0,,0.0,1019.5,4.0,974.0,1.0,560.0,1.0,500.0,1.0,,0.0
2023-04-27 22:42:36.0,1682606556000000000,1092.5,1092.5,1092.5,440.0,5.0,54625.0,1044.5,5.0,1088.5,4.0,,0.0,,0.0,,0.0,1019.5,4.0,974.0,1.0,560.0,1.0,500.0,1.0,,0.0
2023-04-27 22:42:41.5,1682606561500000000,1092.5,1092.5,1092.5,440.0,5.0,54625.0,1046.0,5.0,1088.5,4.0,,0.0,,0.0,,0.0,1019.5,4.0,974.0,1.0,560.0,1.0,500.0,1.0,,0.0
2023-04-27 22:42:44.0,1682606564000000000,1092.5,1092.5,1092.5,440.0,5.0,54625.0,1047.5,5.0,1088.5,4.0,,0.0,,0.0,,0.0,1019.5,4.0,974.0,1.0,560.0,1.0,500.0,1.0,,0.0
2023-04-27 22:42:53.0,1682606573000000000,1092.5,1092.5,1092.5,440.0,5.0,54625.0,1046.0,5.0,1088.5,4.0,,0.0,,0.0,,0.0,1019.5,4.0,974.0,1.0,560.0,1.0,500.0,1.0,,0.0
2023-04-27 22:43:07.75,1682606587750000000,1092.5,1092.5,1092.5,440.0,5.0,54625.0,1043.0,5.0,1088.5,4.0,,0.0,,0.0,,0.0,1019.5,4.0,974.0,1.0,560.0,1.0,500.0,1.0,,0.0
2023-04-27 22:43:11.75,1682606591750000000,1092.5,1092.5,1092.5,440.0,5.0,54625.0,1041.5,5.0,1088.5,4.0,,0.0,,0.0,,0.0,1019.5,4.0,974.0,1.0,560.0,1.0,500.0,1.0,,0.0
2023-04-27 22:43:13.75,1682606593750000000,1092.5,1092.5,1092.5,440.0,5.0,54625.0,1040.0,5.0,1088.5,4.0,,0.0,,0.0,,0.0,1019.5,4.0,974.0,1.0,560.0,1.0,500.0,1.0,,0.0
2023-04-27 22:43:15.25,1682606595250000000,1092.5,1092.5,1092.5,440.0,5.0,54625.0,1040.0,5.0,1067.0,4.0,,0.0,,0.0,,0.0,1019.5,4.0,974.0,1.0,560.0,1.0,500.0,1.0,,0.0
2023-04-27 22:43:15.5,1682606595500000000,1092.5,1092.5,1092.5,440.0,5.0,54625.0,1038.5,5.0,1067.0,4.0,,0.0,,0.0,,0.0,1019.5,4.0,974.0,1.0,560.0,1.0,500.0,1.0,,0.0
2023-04-27 22:43:16.75,1682606596750000000,1092.5,1092.5,1092.5,440.0,5.0,54625.0,1040.0,5.0,1067.0,4.0,,0.0,,0.0,,0.0,1019.5,4.0,974.0,1.0,560.0,1.0,500.0,1.0,,0.0
2023-04-27 22:43:28.0,1682606608000000000,1092.5,1092.5,1092.5,440.0,5.0,54625.0,1041.5,5.0,1067.0,4.0,,0.0,,0.0,,0.0,1019.5,4.0,974.0,1.0,560.0,1.0,500.0,1.0,,0.0
2023-04-27 22:43:51.5,1682606631500000000,1092.5,1092.5,1092.5,440.0,5.0,54625.0,1067.0,4.0,,0.0,,0.0,,0.0,,0.0,1019.5,4.0,974.0,1.0,560.0,1.0,500.0,1.0,,0.0
2023-04-27 22:43:57.0,1682606637000000000,1092.5,1092.5,1092.5,440.0,5.0,54625.0,1066.5,10.0,1067.0,4.0,,0.0,,0.0,,0.0,1019.5,4.0,974.0,1.0,560.0,1.0,500.0,1.0,,0.0
2023-04-27 22:45:55.5,1682606755500000000,1092.5,1092.5,1092.5,440.0,5.0,54625.0,1042.5,5.0,1066.5,10.0,1067.0,4.0,,0.0,,0.0,1019.5,4.0,974.0,1.0,560.0,1.0,500.0,1.0,,0.0
2023-04-27 22:45:55.75,1682606755750000000,1092.5,1092.5,1092.5,440.0,5.0,54625.0,1042.5,5.0,1067.0,4.0,,0.0,,0.0,,0.0,1019.5,4.0,974.0,1.0,560.0,1.0,500.0,1.0,,0.0
2023-04-27 22:46:02.5,1682606762500000000,1092.5,1092.5,1092.5,440.0,5.0,54625.0,1041.0,5.0,1067.0,4.0,,0.0,,0.0,,0.0,1019.5,4.0,974.0,1.0,560.0,1.0,500.0,1.0,,0.0
2023-04-27 22:46:10.5,1682606770500000000,1092.5,1092.5,1092.5,440.0,5.0,54625.0,1042.5,5.0,1067.0,4.0,,0.0,,0.0,,0.0,1019.5,4.0,974.0,1.0,560.0,1.0,500.0,1.0,,0.0
2023-04-27 22:46:28.25,1682606788250000000,1092.5,1092.5,1092.5,440.0,5.0,54625.0,1041.0,5.0,1067.0,4.0,,0.0,,0.0,,0.0,1019.5,4.0,974.0,1.0,560.0,1.0,500.0,1.0,,0.0
2023-04-27 22:46:43.75,1682606803750000000,1092.5,1092.5,1092.5,440.0,5.0,54625.0,1039.5,5.0,1067.0,4.0,,0.0,,0.0,,0.0,1019.5,4.0,974.0,1.0,560.0,1.0,500.0,1.0,,0.0
2023-04-27 22:46:45.25,1682606805250000000,1092.5,1092.5,1092.5,440.0,5.0,54625.0,1038.0,5.0,1067.0,4.0,,0.0,,0.0,,0.0,1019.5,4.0,974.0,1.0,560.0,1.0,500.0,1.0,,0.0
2023-04-27 22:46:51.25,1682606811250000000,1092.5,1092.5,1092.5,440.0,5.0,54625.0,1036.5,5.0,1067.0,4.0,,0.0,,0.0,,0.0,1019.5,4.0,974.0,1.0,560.0,1.0,500.0,1.0,,0.0
2023-04-27 22:46:54.75,1682606814750000000,1092.5,1092.5,1092.5,440.0,5.0,54625.0,1034.5,5.0,1067.0,4.0,,0.0,,0.0,,0.0,1019.5,4.0,974.0,1.0,560.0,1.0,500.0,1.0,,0.0
2023-04-27 22:46:55.25,1682606815250000000,1092.5,1092.5,1092.5,440.0,5.0,54625.0,1036.5,5.0,1067.0,4.0,,0.0,,0.0,,0.0,1019.5,4.0,974.0,1.0,560.0,1.0,500.0,1.0,,0.0
2023-04-27 22:46:56.75,1682606816750000000,1092.5,1092.5,1092.5,440.0,5.0,54625.0,1035.0,5.0,1067.0,4.0,,0.0,,0.0,,0.0,1019.5,4.0,974.0,1.0,560.0,1.0,500.0,1.0,,0.0
2023-04-27 22:47:09.25,1682606829250000000,1092.5,1092.5,1092.5,440.0,5.0,54625.0,1036.5,5.0,1067.0,4.0,,0.0,,0.0,,0.0,1019.5,4.0,974.0,1.0,560.0,1.0,500.0,1.0,,0.0
2023-04-27 22:47:18.5,1682606838500000000,1092.5,1092.5,1092.5,440.0,5.0,54625.0,1038.0,5.0,1067.0,4.0,,0.0,,0.0,,0.0,1019.5,4.0,974.0,1.0,560.0,1.0,500.0,1.0,,0.0
2023-04-27 22:47:24.75,1682606844750000000,1092.5,1092.5,1092.5,440.0,5.0,54625.0,1036.0,5.0,1067.0,4.0,,0.0,,0.0,,0.0,1019.5,4.0,974.0,1.0,560.0,1.0,500.0,1.0,,0.0
2023-04-27 22:47:31.0,1682606851000000000,1092.5,1092.5,1092.5,440.0,5.0,54625.0,1037.5,5.0,1067.0,4.0,,0.0,,0.0,,0.0,1019.5,4.0,974.0,1.0,560.0,1.0,500.0,1.0,,0.0
2023-04-27 22:47:41.75,1682606861750000000,1092.5,1092.5,1092.5,440.0,5.0,54625.0,1039.5,5.0,1067.0,4.0,,0.0,,0.0,,0.0,1019.5,4.0,974.0,1.0,560.0,1.0,500.0,1.0,,0.0
2023-04-27 22:47:45.5,1682606865500000000,1092.5,1092.5,1092.5,440.0,5.0,54625.0,1041.5,5.0,1067.0,4.0,,0.0,,0.0,,0.0,1019.5,4.0,974.0,1.0,560.0,1.0,500.0,1.0,,0.0
2023-04-27 22:48:03.5,1682606883500000000,1092.5,1092.5,1092.5,440.0,5.0,54625.0,1040.0,5.0,1067.0,4.0,,0.0,,0.0,,0.0,1019.5,4.0,974.0,1.0,560.0,1.0,500.0,1.0,,0.0
2023-04-27 22:48:05.5,1682606885500000000,1092.5,1092.5,1092.5,440.0,5.0,54625.0,1038.5,5.0,1067.0,4.0,,0.0,,0.0,,0.0,1019.5,4.0,974.0,1.0,560.0,1.0,500.0,1.0,,0.0
2023-04-27 22:48:09.75,1682606889750000000,1092.5,1092.5,1092.5,440.0,5.0,54625.0,1040.0,5.0,1067.0,4.0,,0.0,,0.0,,0.0,1019.5,4.0,974.0,1.0,560.0,1.0,500.0,1.0,,0.0
2023-04-27 22:48:25.0,1682606905000000000,1092.5,1092.5,1092.5,440.0,5.0,54625.0,1041.5,5.0,1067.0,4.0,,0.0,,0.0,,0.0,1019.5,4.0,974.0,1.0,560.0,1.0,500.0,1.0,,0.0
2023-04-27 22:48:29.75,1682606909750000000,1092.5,1092.5,1092.5,440.0,5.0,54625.0,1040.5,5.0,1067.0,4.0,,0.0,,0.0,,0.0,1019.5,4.0,974.0,1.0,560.0,1.0,500.0,1.0,,0.0
2023-04-27 22:48:39.75,1682606919750000000,1092.5,1092.5,1092.5,440.0,5.0,54625.0,1039.0,5.0,1067.0,4.0,,0.0,,0.0,,0.0,1019.5,4.0,974.0,1.0,560.0,1.0,500.0,1.0,,0.0
2023-04-27 22:48:44.5,1682606924500000000,1092.5,1092.5,1092.5,440.0,5.0,54625.0,1037.5,5.0,1067.0,4.0,,0.0,,0.0,,0.0,1019.5,4.0,974.0,1.0,560.0,1.0,500.0,1.0,,0.0
2023-04-27 22:48:48.25,1682606928250000000,1092.5,1092.5,1092.5,440.0,5.0,54625.0,1035.5,5.0,1067.0,4.0,,0.0,,0.0,,0.0,1019.5,4.0,974.0,1.0,560.0,1.0,500.0,1.0,,0.0
2023-04-27 22:48:54.5,1682606934500000000,1092.5,1092.5,1092.5,440.0,5.0,54625.0,1039.0,5.0,1067.0,4.0,,0.0,,0.0,,0.0,1019.5,4.0,974.0,1.0,560.0,1.0,500.0,1.0,,0.0
2023-04-27 22:49:09.0,1682606949000000000,1092.5,1092.5,1092.5,440.0,5.0,54625.0,1041.0,5.0,1067.0,4.0,,0.0,,0.0,,0.0,1019.5,4.0,974.0,1.0,560.0,1.0,500.0,1.0,,0.0
2023-04-27 22:49:44.0,1682606984000000000,1092.5,1092.5,1092.5,440.0,5.0,54625.0,1042.5,5.0,1067.0,4.0,,0.0,,0.0,,0.0,1019.5,4.0,974.0,1.0,560.0,1.0,500.0,1.0,,0.0
2023-04-27 22:49:53.25,1682606993250000000,1092.5,1092.5,1092.5,440.0,5.0,54625.0,1041.0,5.0,1067.0,4.0,,0.0,,0.0,,0.0,1019.5,4.0,974.0,1.0,560.0,1.0,500.0,1.0,,0.0
2023-04-27 22:49:55.75,1682606995750000000,1092.5,1092.5,1092.5,440.0,5.0,54625.0,1042.5,5.0,1067.0,4.0,,0.0,,0.0,,0.0,1019.5,4.0,974.0,1.0,560.0,1.0,500.0,1.0,,0.0
2023-04-27 22:50:16.0,1682607016000000000,1092.5,1092.5,1092.5,440.0,5.0,54625.0,1041.0,5.0,1067.0,4.0,,0.0,,0.0,,0.0,1019.5,4.0,974.0,1.0,560.0,1.0,500.0,1.0,,0.0
2023-04-27 22:50:19.5,1682607019500000000,1092.5,1092.5,1092.5,440.0,5.0,54625.0,1042.5,5.0,1067.0,4.0,,0.0,,0.0,,0.0,1019.5,4.0,974.0,1.0,560.0,1.0,500.0,1.0,,0.0
2023-04-27 22:50:23.25,1682607023250000000,1092.5,1092.5,1092.5,440.0,5.0,54625.0,1044.0,5.0,1067.0,4.0,,0.0,,0.0,,0.0,1019.5,4.0,974.0,1.0,560.0,1.0,500.0,1.0,,0.0
2023-04-27 22:50:24.25,1682607024250000000,1092.5,1092.5,1092.5,440.0,5.0,54625.0,1042.5,5.0,1067.0,4.0,,0.0,,0.0,,0.0,1019.5,4.0,974.0,1.0,560.0,1.0,500.0,1.0,,0.0
2023-04-27 22:50:30.5,1682607030500000000,1092.5,1092.5,1092.5,440.0,5.0,54625.0,1041.0,5.0,1067.0,4.0,,0.0,,0.0,,0.0,1019.5,4.0,974.0,1.0,560.0,1.0,500.0,1.0,,0.0
2023-04-27 22:50:48.75,1682607048750000000,1092.5,1092.5,1092.5,440.0,5.0,54625.0,1039.5,5.0,1067.0,4.0,,0.0,,0.0,,0.0,1019.5,4.0,974.0,1.0,560.0,1.0,500.0,1.0,,0.0
2023-04-27 22:50:51.25,1682607051250000000,1092.5,1092.5,1092.5,440.0,5.0,54625.0,1038.0,5.0,1067.0,4.0,,0.0,,0.0,,0.0,1019.5,4.0,974.0,1.0,560.0,1.0,500.0,1.0,,0.0
2023-04-27 22:50:56.25,1682607056250000000,1092.5,1092.5,1092.5,440.0,5.0,54625.0,1040.0,5.0,1067.0,4.0,,0.0,,0.0,,0.0,1019.5,4.0,974.0,1.0,560.0,1.0,500.0,1.0,,0.0
2023-04-27 22:51:04.75,1682607064750000000,1092.5,1092.5,1092.5,440.0,5.0,54625.0,1042.0,5.0,1067.0,4.0,,0.0,,0.0,,0.0,1019.5,4.0,974.0,1.0,560.0,1.0,500.0,1.0,,0.0
2023-04-27 22:51:14.25,1682607074250000000,1092.5,1092.5,1092.5,440.0,5.0,54625.0,1043.5,5.0,1067.0,4.0,,0.0,,0.0,,0.0,1019.5,4.0,974.0,1.0,560.0,1.0,500.0,1.0,,0.0
2023-04-27 22:51:19.5,1682607079500000000,1092.5,1092.5,1092.5,440.0,5.0,54625.0,1042.0,5.0,1067.0,4.0,,0.0,,0.0,,0.0,1019.5,4.0,974.0,1.0,560.0,1.0,500.0,1.0,,0.0
2023-04-27 22:51:21.25,1682607081250000000,1092.5,1092.5,1092.5,440.0,5.0,54625.0,1040.5,5.0,1067.0,4.0,,0.0,,0.0,,0.0,1019.5,4.0,974.0,1.0,560.0,1.0,500.0,1.0,,0.0
2023-04-27 22:51:30.25,1682607090250000000,1092.5,1092.5,1092.5,440.0,5.0,54625.0,1042.0,5.0,1067.0,4.0,,0.0,,0.0,,0.0,1019.5,4.0,974.0,1.0,560.0,1.0,500.0,1.0,,0.0
2023-04-27 22:51:40.5,1682607100500000000,1092.5,1092.5,1092.5,440.0,5.0,54625.0,1040.5,5.0,1067.0,4.0,,0.0,,0.0,,0.0,1019.5,4.0,974.0,1.0,560.0,1.0,500.0,1.0,,0.0
2023-04-27 22:51:43.0,1682607103000000000,1092.5,1092.5,1092.5,440.0,5.0,54625.0,1039.0,5.0,1067.0,4.0,,0.0,,0.0,,0.0,1019.5,4.0,974.0,1.0,560.0,1.0,500.0,1.0,,0.0
2023-04-27 22:51:43.75,1682607103750000000,1092.5,1092.5,1092.5,440.0,5.0,54625.0,1041.0,5.0,1067.0,4.0,,0.0,,0.0,,0.0,1019.5,4.0,974.0,1.0,560.0,1.0,500.0,1.0,,0.0
2023-04-27 22:51:44.0,1682607104000000000,1092.5,1092.5,1092.5,440.0,5.0,54625.0,1039.5,5.0,1067.0,4.0,,0.0,,0.0,,0.0,1019.5,4.0,974.0,1.0,560.0,1.0,500.0,1.0,,0.0
2023-04-27 22:51:47.75,1682607107750000000,1092.5,1092.5,1092.5,440.0,5.0,54625.0,1037.5,5.0,1067.0,4.0,,0.0,,0.0,,0.0,1019.5,4.0,974.0,1.0,560.0,1.0,500.0,1.0,,0.0
2023-04-27 22:51:52.0,1682607112000000000,1092.5,1092.5,1092.5,440.0,5.0,54625.0,1036.0,5.0,1067.0,4.0,,0.0,,0.0,,0.0,1019.5,4.0,974.0,1.0,560.0,1.0,500.0,1.0,,0.0
2023-04-27 22:51:59.0,1682607119000000000,1092.5,1092.5,1092.5,440.0,5.0,54625.0,1037.5,5.0,1067.0,4.0,,0.0,,0.0,,0.0,1019.5,4.0,974.0,1.0,560.0,1.0,500.0,1.0,,0.0
2023-04-27 22:52:00.5,1682607120500000000,1092.5,1092.5,1092.5,440.0,5.0,54625.0,1035.0,5.0,1067.0,4.0,,0.0,,0.0,,0.0,1019.5,4.0,974.0,1.0,560.0,1.0,500.0,1.0,,0.0
2023-04-27 22:52:00.75,1682607120750000000,1092.5,1092.5,1092.5,440.0,5.0,54625.0,1033.5,5.0,1067.0,4.0,,0.0,,0.0,,0.0,1019.5,4.0,974.0,1.0,560.0,1.0,500.0,1.0,,0.0
2023-04-27 22:52:03.5,1682607123500000000,1092.5,1092.5,1092.5,440.0,5.0,54625.0,1032.0,5.0,1067.0,4.0,,0.0,,0.0,,0.0,1019.5,4.0,974.0,1.0,560.0,1.0,500.0,1.0,,0.0
2023-04-27 22:52:08.25,1682607128250000000,1092.5,1092.5,1092.5,440.0,5.0,54625.0,1033.5,5.0,1067.0,4.0,,0.0,,0.0,,0.0,1019.5,4.0,974.0,1.0,560.0,1.0,500.0,1.0,,0.0
2023-04-27 22:52:17.75,1682607137750000000,1092.5,1092.5,1092.5,440.0,5.0,54625.0,1035.0,5.0,1067.0,4.0,,0.0,,0.0,,0.0,1019.5,4.0,974.0,1.0,560.0,1.0,500.0,1.0,,0.0
2023-04-27 22:52:19.5,1682607139500000000,1092.5,1092.5,1092.5,440.0,5.0,54625.0,1033.5,5.0,1067.0,4.0,,0.0,,0.0,,0.0,1019.5,4.0,974.0,1.0,560.0,1.0,500.0,1.0,,0.0
2023-04-27 22:52:35.0,1682607155000000000,1092.5,1092.5,1092.5,440.0,5.0,54625.0,1035.0,5.0,1067.0,4.0,,0.0,,0.0,,0.0,1019.5,4.0,974.0,1.0,560.0,1.0,500.0,1.0,,0.0
2023-04-27 22:52:38.25,1682607158250000000,1092.5,1092.5,1092.5,440.0,5.0,54625.0,1036.5,5.0,1067.0,4.0,,0.0,,0.0,,0.0,1019.5,4.0,974.0,1.0,560.0,1.0,500.0,1.0,,0.0
2023-04-27 22:52:41.5,1682607161500000000,1092.5,1092.5,1092.5,440.0,5.0,54625.0,1038.0,5.0,1067.0,4.0,,0.0,,0.0,,0.0,1019.5,4.0,974.0,1.0,560.0,1.0,500.0,1.0,,0.0
2023-04-27 22:53:00.25,1682607180250000000,1092.5,1092.5,1092.5,440.0,5.0,54625.0,1036.5,5.0,1067.0,4.0,,0.0,,0.0,,0.0,1019.5,4.0,974.0,1.0,560.0,1.0,500.0,1.0,,0.0
2023-04-27 22:53:03.25,1682607183250000000,1092.5,1092.5,1092.5,440.0,5.0,54625.0,1039.5,5.0,1067.0,4.0,,0.0,,0.0,,0.0,1019.5,4.0,974.0,1.0,560.0,1.0,500.0,1.0,,0.0
2023-04-27 22:53:11.0,1682607191000000000,1092.5,1092.5,1092.5,440.0,5.0,54625.0,1041.0,5.0,1067.0,4.0,,0.0,,0.0,,0.0,1019.5,4.0,974.0,1.0,560.0,1.0,500.0,1.0,,0.0
2023-04-27 22:53:12.25,1682607192250000000,1092.5,1092.5,1092.5,440.0,5.0,54625.0,1039.5,5.0,1067.0,4.0,,0.0,,0.0,,0.0,1019.5,4.0,974.0,1.0,560.0,1.0,500.0,1.0,,0.0
2023-04-27 22:53:21.25,1682607201250000000,1092.5,1092.5,1092.5,440.0,5.0,54625.0,1038.0,5.0,1067.0,4.0,,0.0,,0.0,,0.0,1019.5,4.0,974.0,1.0,560.0,1.0,500.0,1.0,,0.0
2023-04-27 22:53:27.75,1682607207750000000,1092.5,1092.5,1092.5,440.0,5.0,54625.0,1041.5,5.0,1067.0,4.0,,0.0,,0.0,,0.0,1019.5,4.0,974.0,1.0,560.0,1.0,500.0,1.0,,0.0
2023-04-27 22:53:33.0,1682607213000000000,1092.5,1092.5,1092.5,440.0,5.0,54625.0,1040.0,5.0,1067.0,4.0,,0.0,,0.0,,0.0,1019.5,4.0,974.0,1.0,560.0,1.0,500.0,1.0,,0.0
2023-04-27 22:53:36.5,1682607216500000000,1092.5,1092.5,1092.5,440.0,5.0,54625.0,1042.0,5.0,1067.0,4.0,,0.0,,0.0,,0.0,1019.5,4.0,974.0,1.0,560.0,1.0,500.0,1.0,,0.0
2023-04-27 22:53:41.25,1682607221250000000,1092.5,1092.5,1092.5,440.0,5.0,54625.0,1040.5,5.0,1067.0,4.0,,0.0,,0.0,,0.0,1019.5,4.0,974.0,1.0,560.0,1.0,500.0,1.0,,0.0
2023-04-27 22:53:46.75,1682607226750000000,1092.5,1092.5,1092.5,440.0,5.0,54625.0,1042.5,5.0,1067.0,4.0,,0.0,,0.0,,0.0,1019.5,4.0,974.0,1.0,560.0,1.0,500.0,1.0,,0.0
2023-04-27 22:53:56.0,1682607236000000000,1092.5,1092.5,1092.5,440.0,5.0,54625.0,1044.0,5.0,1067.0,4.0,,0.0,,0.0,,0.0,1019.5,4.0,974.0,1.0,560.0,1.0,500.0,1.0,,0.0
2023-04-27 22:54:00.25,1682607240250000000,1092.5,1092.5,1092.5,440.0,5.0,54625.0,1045.5,5.0,1067.0,4.0,,0.0,,0.0,,0.0,1019.5,4.0,974.0,1.0,560.0,1.0,500.0,1.0,,0.0
2023-04-27 22:54:09.5,1682607249500000000,1092.5,1092.5,1092.5,440.0,5.0,54625.0,1047.0,5.0,1067.0,4.0,,0.0,,0.0,,0.0,1019.5,4.0,974.0,1.0,560.0,1.0,500.0,1.0,,0.0
2023-04-27 22:54:14.25,1682607254250000000,1092.5,1092.5,1092.5,440.0,5.0,54625.0,1048.5,5.0,1067.0,4.0,,0.0,,0.0,,0.0,1019.5,4.0,974.0,1.0,560.0,1.0,500.0,1.0,,0.0
2023-04-27 22:54:16.5,1682607256500000000,1092.5,1092.5,1092.5,440.0,5.0,54625.0,1050.0,5.0,1067.0,4.0,,0.0,,0.0,,0.0,1019.5,4.0,974.0,1.0,560.0,1.0,500.0,1.0,,0.0
2023-04-27 22:54:18.75,1682607258750000000,1092.5,1092.5,1092.5,440.0,5.0,54625.0,1052.0,5.0,1067.0,4.0,,0.0,,0.0,,0.0,1019.5,4.0,974.0,1.0,560.0,1.0,500.0,1.0,,0.0
2023-04-27 22:54:23.0,1682607263000000000,1092.5,1092.5,1092.5,440.0,5.0,54625.0,1053.5,5.0,1067.0,4.0,,0.0,,0.0,,0.0,1019.5,4.0,974.0,1.0,560.0,1.0,500.0,1.0,,0.0
2023-04-27 22:54:27.75,1682607267750000000,1092.5,1092.5,1092.5,440.0,5.0,54625.0,1052.0,5.0,1067.0,4.0,,0.0,,0.0,,0.0,1019.5,4.0,974.0,1.0,560.0,1.0,500.0,1.0,,0.0
2023-04-27 22:54:33.5,1682607273500000000,1092.5,1092.5,1092.5,440.0,5.0,54625.0,1050.5,5.0,1067.0,4.0,,0.0,,0.0,,0.0,1019.5,4.0,974.0,1.0,560.0,1.0,500.0,1.0,,0.0
2023-04-27 22:54:36.0,1682607276000000000,1092.5,1092.5,1092.5,440.0,5.0,54625.0,1049.0,5.0,1067.0,4.0,,0.0,,0.0,,0.0,1019.5,4.0,974.0,1.0,560.0,1.0,500.0,1.0,,0.0
2023-04-27 22:54:44.5,1682607284500000000,1092.5,1092.5,1092.5,440.0,5.0,54625.0,1047.0,5.0,1067.0,4.0,,0.0,,0.0,,0.0,1019.5,4.0,974.0,1.0,560.0,1.0,500.0,1.0,,0.0
2023-04-27 22:54:52.75,1682607292750000000,1092.5,1092.5,1092.5,440.0,5.0,54625.0,1048.5,5.0,1067.0,4.0,,0.0,,0.0,,0.0,1019.5,4.0,974.0,1.0,560.0,1.0,500.0,1.0,,0.0
2023-04-27 22:55:35.5,1682607335500000000,1092.5,1092.5,1092.5,440.0,5.0,54625.0,1047.0,5.0,1067.0,4.0,,0.0,,0.0,,0.0,1019.5,4.0,974.0,1.0,560.0,1.0,500.0,1.0,,0.0
2023-04-27 22:56:05.75,1682607365750000000,1092.5,1092.5,1092.5,440.0,5.0,54625.0,1045.5,5.0,1067.0,4.0,,0.0,,0.0,,0.0,1019.5,4.0,974.0,1.0,560.0,1.0,500.0,1.0,,0.0
2023-04-27 22:56:08.25,1682607368250000000,1092.5,1092.5,1092.5,440.0,5.0,54625.0,1043.5,5.0,1067.0,4.0,,0.0,,0.0,,0.0,1019.5,4.0,974.0,1.0,560.0,1.0,500.0,1.0,,0.0
2023-04-27 22:56:12.75,1682607372750000000,1092.5,1092.5,1092.5,440.0,5.0,54625.0,1045.5,5.0,1067.0,4.0,,0.0,,0.0,,0.0,1019.5,4.0,974.0,1.0,560.0,1.0,500.0,1.0,,0.0
2023-04-27 22:56:15.0,1682607375000000000,1092.5,1092.5,1092.5,440.0,5.0,54625.0,1044.0,5.0,1067.0,4.0,,0.0,,0.0,,0.0,1019.5,4.0,974.0,1.0,560.0,1.0,500.0,1.0,,0.0
2023-04-27 22:56:18.75,1682607378750000000,1092.5,1092.5,1092.5,440.0,5.0,54625.0,1045.5,5.0,1067.0,4.0,,0.0,,0.0,,0.0,1019.5,4.0,974.0,1.0,560.0,1.0,500.0,1.0,,0.0
2023-04-27 22:56:24.0,1682607384000000000,1092.5,1092.5,1092.5,440.0,5.0,54625.0,1043.5,5.0,1067.0,4.0,,0.0,,0.0,,0.0,1019.5,4.0,974.0,1.0,560.0,1.0,500.0,1.0,,0.0
2023-04-27 22:56:36.25,1682607396250000000,1092.5,1092.5,1092.5,440.0,5.0,54625.0,1043.5,5.0,,0.0,,0.0,,0.0,,0.0,974.0,1.0,560.0,1.0,500.0,1.0,,0.0,,0.0
2023-04-27 22:56:44.75,1682607404750000000,1092.5,1092.5,1092.5,440.0,5.0,54625.0,1042.0,5.0,,0.0,,0.0,,0.0,,0.0,974.0,1.0,560.0,1.0,500.0,1.0,,0.0,,0.0
2023-04-27 22:56:47.0,1682607407000000000,1092.5,1092.5,1092.5,440.0,5.0,54625.0,1040.5,5.0,,0.0,,0.0,,0.0,,0.0,974.0,1.0,560.0,1.0,500.0,1.0,,0.0,,0.0
2023-04-27 22:56:53.75,1682607413750000000,1092.5,1092.5,1092.5,440.0,5.0,54625.0,1042.0,5.0,,0.0,,0.0,,0.0,,0.0,974.0,1.0,560.0,1.0,500.0,1.0,,0.0,,0.0
2023-04-27 22:56:56.0,1682607416000000000,1092.5,1092.5,1092.5,440.0,5.0,54625.0,1040.5,5.0,,0.0,,0.0,,0.0,,0.0,974.0,1.0,560.0,1.0,500.0,1.0,,0.0,,0.0
2023-04-27 22:56:58.25,1682607418250000000,1092.5,1092.5,1092.5,440.0,5.0,54625.0,1042.0,5.0,,0.0,,0.0,,0.0,,0.0,974.0,1.0,560.0,1.0,500.0,1.0,,0.0,,0.0
2023-04-27 22:57:06.75,1682607426750000000,1092.5,1092.5,1092.5,440.0,5.0,54625.0,1040.5,5.0,,0.0,,0.0,,0.0,,0.0,974.0,1.0,560.0,1.0,500.0,1.0,,0.0,,0.0
2023-04-27 22:57:29.0,1682607449000000000,1092.5,1092.5,1092.5,440.0,5.0,54625.0,1042.0,5.0,,0.0,,0.0,,0.0,,0.0,974.0,1.0,560.0,1.0,500.0,1.0,,0.0,,0.0
2023-04-27 22:57:34.0,1682607454000000000,1092.5,1092.5,1092.5,440.0,5.0,54625.0,,0.0,,0.0,,0.0,,0.0,,0.0,974.0,1.0,560.0,1.0,500.0,1.0,,0.0,,0.0
2023-04-27 22:57:39.25,1682607459250000000,1092.5,1092.5,1092.5,440.0,5.0,54625.0,,0.0,,0.0,,0.0,,0.0,,0.0,560.0,1.0,500.0,1.0,,0.0,,0.0,,0.0
2023-04-28 08:55:00.0,1682643300000000000,1092.5,1092.5,1092.5,440.0,5.0,54625.0,,0.0,,0.0,,0.0,,0.0,,0.0,560.0,1.0,500.0,1.0,,0.0,,0.0,,0.0
2023-04-28 09:00:03.75,1682643603750000000,1092.5,1092.5,1092.5,440.0,5.0,54625.0,1189.0,4.0,,0.0,,0.0,,0.0,,0.0,911.5,4.0,560.0,1.0,500.0,1.0,,0.0,,0.0
2023-04-28 09:00:06.25,1682643606250000000,1092.5,1092.5,1092.5,440.0,5.0,54625.0,1187.5,1.0,1189.0,4.0,,0.0,,0.0,,0.0,913.0,1.0,911.5,4.0,560.0,1.0,500.0,1.0,,0.0
2023-04-28 09:00:06.5,1682643606500000000,1092.5,1092.5,1092.5,440.0,5.0,54625.0,1153.0,4.0,1187.5,1.0,,0.0,,0.0,,0.0,947.5,4.0,913.0,1.0,560.0,1.0,500.0,1.0,,0.0
2023-04-28 09:00:07.0,1682643607000000000,1092.5,1092.5,1092.5,440.0,5.0,54625.0,1153.0,4.0,,0.0,,0.0,,0.0,,0.0,947.5,4.0,560.0,1.0,500.0,1.0,,0.0,,0.0
2023-04-28 09:00:15.75,1682643615750000000,1092.5,1092.5,1092.5,440.0,5.0,54625.0,1153.0,4.0,,0.0,,0.0,,0.0,,0.0,908.5,4.0,560.0,1.0,500.0,1.0,,0.0,,0.0
2023-04-28 09:00:16.0,1682643616000000000,1092.5,1092.5,1092.5,440.0,5.0,54625.0,1153.0,4.0,,0.0,,0.0,,0.0,,0.0,910.0,1.0,908.5,4.0,560.0,1.0,500.0,1.0,,0.0
2023-04-28 09:00:16.25,1682643616250000000,1092.5,1092.5,1092.5,440.0,5.0,54625.0,1153.0,4.0,,0.0,,0.0,,0.0,,0.0,944.5,4.0,910.0,1.0,560.0,1.0,500.0,1.0,,0.0
2023-04-28 09:00:16.5,1682643616500000000,1092.5,1092.5,1092.5,440.0,5.0,54625.0,1153.0,4.0,,0.0,,0.0,,0.0,,0.0,944.5,4.0,560.0,1.0,500.0,1.0,,0.0,,0.0
2023-04-28 09:00:22.0,1682643622000000000,1092.5,1092.5,1092.5,440.0,5.0,54625.0,1152.5,1.0,1153.0,4.0,,0.0,,0.0,,0.0,945.0,1.0,944.5,4.0,560.0,1.0,500.0,1.0,,0.0
2023-04-28 09:00:22.25,1682643622250000000,1092.5,1092.5,1092.5,440.0,5.0,54625.0,1118.0,4.0,1152.5,1.0,,0.0,,0.0,,0.0,979.5,4.0,945.0,1.0,560.0,1.0,500.0,1.0,,0.0
2023-04-28 09:01:10.75,1682643670750000000,1092.5,1092.5,1092.5,440.0,5.0,54625.0,1117.5,10.0,1118.0,4.0,1152.5,1.0,,0.0,,0.0,979.5,4.0,945.0,1.0,560.0,1.0,500.0,1.0,,0.0
2023-04-28 09:01:11.0,1682643671000000000,1092.5,1092.5,1092.5,440.0,5.0,54625.0,1083.0,4.0,1117.5,10.0,1152.5,1.0,,0.0,,0.0,979.5,4.0,945.0,1.0,560.0,1.0,500.0,1.0,,0.0
2023-04-28 09:01:11.25,1682643671250000000,1092.5,1092.5,1092.5,440.0,5.0,54625.0,1082.5,10.0,1083.0,4.0,1152.5,1.0,,0.0,,0.0,979.5,4.0,945.0,1.0,560.0,1.0,500.0,1.0,,0.0
2023-04-28 09:06:27.75,1682643987750000000,1092.5,1092.5,1092.5,440.0,5.0,54625.0,1044.5,5.0,1082.5,10.0,1083.0,4.0,1152.5,1.0,,0.0,979.5,4.0,945.0,1.0,560.0,1.0,500.0,1.0,,0.0
2023-04-28 09:06:28.0,1682643988000000000,1092.5,1092.5,1092.5,440.0,5.0,54625.0,1044.5,5.0,1083.0,4.0,1152.5,1.0,,0.0,,0.0,979.5,4.0,945.0,1.0,560.0,1.0,500.0,1.0,,0.0
2023-04-28 09:06:37.5,1682643997500000000,1092.5,1092.5,1092.5,440.0,5.0,54625.0,1046.0,5.0,1083.0,4.0,1152.5,1.0,,0.0,,0.0,979.5,4.0,945.0,1.0,560.0,1.0,500.0,1.0,,0.0
