datetime,datetime_nano,highest,last_price,lowest,open_interest,volume,amount,ask_price1,ask_volume1,ask_price2,ask_volume2,ask_price3,ask_volume3,ask_price4,ask_volume4,ask_price5,ask_volume5,bid_price1,bid_volume1,bid_price2,bid_volume2,bid_price3,bid_volume3,bid_price4,bid_volume4,bid_price5,bid_volume5
2023-04-27 20:55:02.0,1682600102000000000,,,,4480.0,0.0,0.0,,0.0,,0.0,,0.0,,0.0,,0.0,,0.0,,0.0,,0.0,,0.0,,0.0
2023-04-27 20:59:00.0,1682600340000000000,,,,4480.0,0.0,0.0,2.0,60.0,,0.0,,0.0,,0.0,,0.0,1.0,360.0,0.5,470.0,,0.0,,0.0,,0.0
2023-04-27 21:00:03.5,1682600403500000000,,,,4480.0,0.0,0.0,2.0,60.0,3.0,11.0,,0.0,,0.0,,0.0,1.0,360.0,0.5,470.0,,0.0,,0.0,,0.0
2023-04-27 21:00:08.5,1682600408500000000,,,,4480.0,0.0,0.0,2.0,60.0,3.0,29.0,,0.0,,0.0,,0.0,1.0,360.0,0.5,488.0,,0.0,,0.0,,0.0
2023-04-27 21:00:09.25,1682600409250000000,,,,4480.0,0.0,0.0,2.0,60.0,3.0,11.0,,0.0,,0.0,,0.0,1.0,360.0,0.5,470.0,,0.0,,0.0,,0.0
2023-04-27 21:00:24.0,1682600424000000000,,,,4480.0,0.0,0.0,2.0,60.0,3.0,29.0,,0.0,,0.0,,0.0,1.0,360.0,0.5,488.0,,0.0,,0.0,,0.0
2023-04-27 21:00:28.25,1682600428250000000,,,,4480.0,0.0,0.0,2.0,60.0,3.0,11.0,,0.0,,0.0,,0.0,1.0,360.0,0.5,470.0,,0.0,,0.0,,0.0
2023-04-27 21:01:08.0,1682600468000000000,,,,4480.0,0.0,0.0,2.0,60.0,3.0,29.0,,0.0,,0.0,,0.0,1.0,360.0,0.5,488.0,,0.0,,0.0,,0.0
2023-04-27 21:01:09.5,1682600469500000000,,,,4480.0,0.0,0.0,2.0,60.0,3.0,11.0,,0.0,,0.0,,0.0,1.0,360.0,0.5,470.0,,0.0,,0.0,,0.0
2023-04-27 21:01:34.25,1682600494250000000,,,,4480.0,0.0,0.0,2.0,60.0,3.0,29.0,,0.0,,0.0,,0.0,1.0,360.0,0.5,488.0,,0.0,,0.0,,0.0
2023-04-27 21:01:34.5,1682600494500000000,,,,4480.0,0.0,0.0,2.0,60.0,3.0,11.0,,0.0,,0.0,,0.0,1.0,360.0,0.5,470.0,,0.0,,0.0,,0.0
2023-04-27 21:02:06.25,1682600526250000000,,,,4480.0,0.0,0.0,2.0,60.0,3.0,29.0,,0.0,,0.0,,0.0,1.0,360.0,0.5,488.0,,0.0,,0.0,,0.0
2023-04-27 21:02:06.5,1682600526500000000,,,,4480.0,0.0,0.0,2.0,60.0,3.0,11.0,,0.0,,0.0,,0.0,1.0,360.0,0.5,470.0,,0.0,,0.0,,0.0
2023-04-27 21:02:25.0,1682600545000000000,,,,4480.0,0.0,0.0,2.0,60.0,3.0,29.0,,0.0,,0.0,,0.0,1.0,360.0,0.5,488.0,,0.0,,0.0,,0.0
2023-04-27 21:02:49.75,1682600569750000000,,,,4480.0,0.0,0.0,2.0,70.0,3.0,29.0,,0.0,,0.0,,0.0,1.0,370.0,0.5,488.0,,0.0,,0.0,,0.0
2023-04-27 21:02:56.5,1682600576500000000,,,,4480.0,0.0,0.0,2.0,71.0,3.0,29.0,,0.0,,0.0,,0.0,1.0,370.0,0.5,488.0,,0.0,,0.0,,0.0
2023-04-27 21:03:03.75,1682600583750000000,,,,4480.0,0.0,0.0,2.0,61.0,3.0,29.0,,0.0,,0.0,,0.0,1.0,360.0,0.5,488.0,,0.0,,0.0,,0.0
2023-04-27 21:03:47.5,1682600627500000000,,,,4480.0,0.0,0.0,2.0,61.0,3.0,11.0,,0.0,,0.0,,0.0,1.0,360.0,0.5,470.0,,0.0,,0.0,,0.0
2023-04-27 21:04:00.0,1682600640000000000,,,,4480.0,0.0,0.0,2.0,61.0,3.0,29.0,,0.0,,0.0,,0.0,1.0,360.0,0.5,488.0,,0.0,,0.0,,0.0
2023-04-27 21:04:04.5,1682600644500000000,,,,4480.0,0.0,0.0,2.0,61.0,3.0,11.0,,0.0,,0.0,,0.0,1.0,360.0,0.5,470.0,,0.0,,0.0,,0.0
2023-04-27 21:04:12.5,1682600652500000000,,,,4480.0,0.0,0.0,2.0,61.0,3.0,29.0,,0.0,,0.0,,0.0,1.0,360.0,0.5,488.0,,0.0,,0.0,,0.0
2023-04-27 21:04:31.25,1682600671250000000,,,,4480.0,0.0,0.0,2.0,61.0,3.0,29.0,,0.0,,0.0,,0.0,1.0,860.0,0.5,488.0,,0.0,,0.0,,0.0
2023-04-27 21:04:33.25,1682600673250000000,,,,4480.0,0.0,0.0,2.0,61.0,3.0,29.0,,0.0,,0.0,,0.0,1.0,860.0,0.5,988.0,,0.0,,0.0,,0.0
2023-04-27 21:05:00.5,1682600700500000000,,,,4480.0,0.0,0.0,2.0,71.0,3.0,29.0,,0.0,,0.0,,0.0,1.0,870.0,0.5,988.0,,0.0,,0.0,,0.0
2023-04-27 21:06:10.5,1682600770500000000,,,,4480.0,0.0,0.0,2.0,61.0,3.0,29.0,,0.0,,0.0,,0.0,1.0,860.0,0.5,988.0,,0.0,,0.0,,0.0
2023-04-27 21:06:43.5,1682600803500000000,,,,4480.0,0.0,0.0,2.0,71.0,3.0,29.0,,0.0,,0.0,,0.0,1.0,870.0,0.5,988.0,,0.0,,0.0,,0.0
2023-04-27 21:15:01.0,1682601301000000000,,,,4480.0,0.0,0.0,2.0,71.0,3.0,29.0,,0.0,,0.0,,0.0,1.0,870.0,0.5,999.0,,0.0,,0.0,,0.0
2023-04-27 21:15:20.25,1682601320250000000,,,,4480.0,0.0,0.0,2.0,71.0,2.5,11.0,3.0,18.0,,0.0,,0.0,1.0,870.0,0.5,999.0,,0.0,,0.0,,0.0
2023-04-27 21:24:15.25,1682601855250000000,,,,4480.0,0.0,0.0,1.5,1.0,2.0,71.0,2.5,11.0,3.0,18.0,,0.0,1.0,870.0,0.5,999.0,,0.0,,0.0,,0.0
2023-04-27 21:25:15.0,1682601915000000000,,,,4480.0,0.0,0.0,2.0,71.0,2.5,11.0,3.0,18.0,,0.0,,0.0,1.0,870.0,0.5,999.0,,0.0,,0.0,,0.0
2023-04-27 21:25:31.5,1682601931500000000,,,,4480.0,0.0,0.0,2.0,71.0,2.5,11.0,3.0,18.0,,0.0,,0.0,1.5,1.0,1.0,870.0,0.5,999.0,,0.0,,0.0
2023-04-27 21:25:56.25,1682601956250000000,,,,4480.0,0.0,0.0,2.0,71.0,2.5,11.0,3.0,18.0,,0.0,,0.0,1.5,8.0,1.0,870.0,0.5,999.0,,0.0,,0.0
2023-04-27 21:26:03.75,1682601963750000000,,,,4480.0,0.0,0.0,2.0,71.0,2.5,11.0,3.0,18.0,,0.0,,0.0,1.5,9.0,1.0,870.0,0.5,999.0,,0.0,,0.0
2023-04-27 21:26:21.5,1682601981500000000,,,,4480.0,0.0,0.0,2.0,71.0,2.5,11.0,,0.0,,0.0,,0.0,1.5,9.0,1.0,870.0,0.5,981.0,,0.0,,0.0
2023-04-27 21:26:30.75,1682601990750000000,,,,4480.0,0.0,0.0,2.0,71.0,2.5,11.0,3.0,18.0,,0.0,,0.0,1.5,9.0,1.0,870.0,0.5,999.0,,0.0,,0.0
2023-04-27 21:28:42.75,1682602122750000000,,,,4480.0,0.0,0.0,2.0,71.0,2.5,11.0,3.0,18.0,,0.0,,0.0,1.5,8.0,1.0,870.0,0.5,999.0,,0.0,,0.0
2023-04-27 21:28:43.0,1682602123000000000,,,,4480.0,0.0,0.0,2.0,71.0,2.5,11.0,3.0,18.0,,0.0,,0.0,1.0,870.0,0.5,999.0,,0.0,,0.0,,0.0
2023-04-27 21:29:17.75,1682602157750000000,,,,4480.0,0.0,0.0,2.0,171.0,2.5,11.0,3.0,18.0,,0.0,,0.0,1.0,970.0,0.5,999.0,,0.0,,0.0,,0.0
2023-04-27 21:29:59.75,1682602199750000000,,,,4480.0,0.0,0.0,2.0,171.0,2.5,11.0,3.0,18.0,4.5,35.0,,0.0,1.0,970.0,0.5,999.0,,0.0,,0.0,,0.0
2023-04-27 21:32:12.0,1682602332000000000,,,,4480.0,0.0,0.0,2.0,171.0,2.5,11.0,4.5,35.0,,0.0,,0.0,1.0,970.0,0.5,981.0,,0.0,,0.0,,0.0
2023-04-27 21:32:27.5,1682602347500000000,,,,4480.0,0.0,0.0,2.0,171.0,2.5,11.0,3.0,18.0,4.5,35.0,,0.0,1.0,970.0,0.5,999.0,,0.0,,0.0,,0.0
2023-04-27 21:32:35.5,1682602355500000000,,,,4480.0,0.0,0.0,2.0,171.0,2.5,11.0,3.0,18.0,4.5,35.0,,0.0,1.5,1.0,1.0,970.0,0.5,999.0,,0.0,,0.0
2023-04-27 21:32:36.0,1682602356000000000,,,,4480.0,0.0,0.0,2.0,171.0,2.5,11.0,3.0,18.0,4.5,35.0,,0.0,1.5,101.0,1.0,870.0,0.5,999.0,,0.0,,0.0
2023-04-27 21:33:00.5,1682602380500000000,,,,4480.0,0.0,0.0,2.0,171.0,2.5,11.0,3.0,18.0,4.5,35.0,,0.0,1.5,100.0,1.0,870.0,0.5,999.0,,0.0,,0.0
2023-04-27 21:33:06.0,1682602386000000000,1.5,1.5,1.5,4480.0,1.0,15.0,2.0,71.0,2.5,11.0,3.0,18.0,4.5,35.0,,0.0,1.0,870.0,0.5,999.0,,0.0,,0.0,,0.0
2023-04-27 21:33:11.0,1682602391000000000,1.5,1.5,1.5,4480.0,1.0,15.0,2.0,171.0,2.5,11.0,3.0,18.0,4.5,35.0,,0.0,1.0,970.0,0.5,999.0,,0.0,,0.0,,0.0
2023-04-27 21:39:56.5,1682602796500000000,1.5,1.5,1.5,4480.0,1.0,15.0,2.0,171.0,2.5,11.0,3.0,18.0,4.5,35.0,,0.0,1.5,8.0,1.0,970.0,0.5,999.0,,0.0,,0.0
2023-04-27 21:39:56.75,1682602796750000000,1.5,1.5,1.5,4480.0,1.0,15.0,2.0,171.0,2.5,11.0,3.0,18.0,4.5,35.0,,0.0,1.5,108.0,1.0,870.0,0.5,999.0,,0.0,,0.0
2023-04-27 21:40:01.75,1682602801750000000,1.5,1.5,1.5,4480.0,1.0,15.0,2.0,171.0,2.5,11.0,3.0,18.0,4.5,35.0,,0.0,1.5,117.0,1.0,870.0,0.5,999.0,,0.0,,0.0
2023-04-27 21:40:42.25,1682602842250000000,1.5,1.5,1.5,4472.0,40.0,600.0,2.0,71.0,2.5,11.0,3.0,18.0,4.5,35.0,,0.0,1.5,9.0,1.0,870.0,0.5,999.0,,0.0,,0.0
2023-04-27 21:40:47.75,1682602847750000000,1.5,1.5,1.5,4472.0,40.0,600.0,2.0,171.0,2.5,11.0,3.0,18.0,4.5,35.0,,0.0,1.5,109.0,1.0,870.0,0.5,999.0,,0.0,,0.0
2023-04-27 21:40:48.75,1682602848750000000,1.5,1.5,1.5,4472.0,40.0,600.0,2.0,171.0,2.5,11.0,3.0,18.0,4.5,35.0,,0.0,1.5,100.0,1.0,870.0,0.5,999.0,,0.0,,0.0
2023-04-27 21:47:46.5,1682603266500000000,1.5,1.5,1.5,4472.0,40.0,600.0,2.0,171.0,2.5,29.0,4.5,35.0,,0.0,,0.0,1.5,100.0,1.0,870.0,0.5,999.0,,0.0,,0.0
2023-04-27 21:58:17.25,1682603897250000000,1.5,1.5,1.5,4472.0,40.0,600.0,2.0,171.0,2.5,29.0,4.5,35.0,,0.0,,0.0,1.5,100.0,1.0,870.0,0.5,999.0,,0.0,,0.0
2023-04-27 22:14:41.75,1682604881750000000,1.5,1.5,1.5,4472.0,40.0,600.0,2.0,171.0,2.5,11.0,4.5,35.0,,0.0,,0.0,1.5,100.0,1.0,870.0,0.5,981.0,,0.0,,0.0
2023-04-27 22:14:55.75,1682604895750000000,1.5,1.5,1.5,4472.0,40.0,600.0,2.0,171.0,2.5,11.0,3.0,18.0,4.5,35.0,,0.0,1.5,100.0,1.0,870.0,0.5,999.0,,0.0,,0.0
2023-04-27 22:16:45.25,1682605005250000000,1.5,1.5,1.5,4472.0,40.0,600.0,2.0,171.0,2.5,11.0,3.0,18.0,4.5,35.0,,0.0,1.5,164.0,1.0,870.0,0.5,999.0,,0.0,,0.0
2023-04-27 22:16:50.5,1682605010500000000,1.5,1.5,1.5,4472.0,40.0,600.0,2.0,171.0,2.5,11.0,3.0,18.0,4.5,35.0,,0.0,1.5,228.0,1.0,870.0,0.5,999.0,,0.0,,0.0
2023-04-27 22:22:48.5,1682605368500000000,1.5,1.5,1.5,4472.0,40.0,600.0,2.0,161.0,2.5,11.0,3.0,18.0,4.5,35.0,,0.0,1.5,228.0,1.0,860.0,0.5,999.0,,0.0,,0.0
2023-04-27 22:23:59.0,1682605439000000000,1.5,1.5,1.5,4472.0,40.0,600.0,2.0,171.0,2.5,11.0,3.0,18.0,4.5,35.0,,0.0,1.5,228.0,1.0,870.0,0.5,999.0,,0.0,,0.0
2023-04-27 22:26:12.0,1682605572000000000,1.5,1.5,1.5,4472.0,40.0,600.0,2.0,196.0,2.5,11.0,3.0,18.0,4.5,35.0,,0.0,1.5,228.0,1.0,870.0,0.5,999.0,,0.0,,0.0
2023-04-27 22:36:34.75,1682606194750000000,1.5,1.5,1.5,4472.0,40.0,600.0,2.0,196.0,2.5,11.0,3.0,18.0,4.5,35.0,,0.0,1.5,228.0,1.0,870.0,0.5,1018.0,,0.0,,0.0
2023-04-27 22:36:41.0,1682606201000000000,1.5,1.5,1.5,4472.0,40.0,600.0,2.0,196.0,2.5,11.0,3.0,18.0,4.5,35.0,,0.0,1.5,228.0,1.0,870.0,0.5,999.0,,0.0,,0.0
2023-04-27 22:36:51.5,1682606211500000000,1.5,1.5,1.5,4472.0,40.0,600.0,2.0,196.0,2.5,11.0,3.0,18.0,4.5,35.0,,0.0,1.5,228.0,1.0,870.0,0.5,1018.0,,0.0,,0.0
2023-04-27 22:37:06.5,1682606226500000000,1.5,1.5,1.5,4472.0,40.0,600.0,2.0,196.0,2.5,11.0,3.0,18.0,4.5,35.0,,0.0,1.5,228.0,1.0,870.0,0.5,999.0,,0.0,,0.0
2023-04-27 22:37:21.25,1682606241250000000,1.5,1.5,1.5,4472.0,40.0,600.0,2.0,196.0,2.5,11.0,3.0,18.0,4.5,35.0,,0.0,1.5,228.0,1.0,870.0,0.5,1018.0,,0.0,,0.0
2023-04-27 22:38:01.5,1682606281500000000,1.5,1.5,1.5,4472.0,40.0,600.0,2.0,196.0,2.5,11.0,3.0,18.0,4.5,35.0,,0.0,1.5,228.0,1.0,870.0,0.5,999.0,,0.0,,0.0
2023-04-27 22:38:34.0,1682606314000000000,1.5,1.5,1.5,4472.0,40.0,600.0,2.0,196.0,2.5,11.0,3.0,18.0,4.5,35.0,,0.0,1.5,228.0,1.0,870.0,0.5,1018.0,,0.0,,0.0
2023-04-27 22:38:35.5,1682606315500000000,1.5,1.5,1.5,4472.0,40.0,600.0,2.0,196.0,2.5,11.0,3.0,18.0,4.5,35.0,,0.0,1.5,228.0,1.0,870.0,0.5,999.0,,0.0,,0.0
2023-04-27 22:38:37.75,1682606317750000000,1.5,1.5,1.5,4472.0,40.0,600.0,2.0,196.0,2.5,11.0,3.0,18.0,4.5,35.0,,0.0,1.5,228.0,1.0,870.0,0.5,1018.0,,0.0,,0.0
2023-04-27 22:38:38.0,1682606318000000000,1.5,1.5,1.5,4472.0,40.0,600.0,2.0,196.0,2.5,11.0,3.0,18.0,4.5,35.0,,0.0,1.5,228.0,1.0,870.0,0.5,999.0,,0.0,,0.0
2023-04-27 22:38:38.5,1682606318500000000,1.5,1.5,1.5,4472.0,40.0,600.0,2.0,196.0,2.5,11.0,3.0,18.0,4.5,35.0,,0.0,1.5,228.0,1.0,870.0,0.5,1018.0,,0.0,,0.0
2023-04-27 22:39:19.75,1682606359750000000,1.5,1.5,1.5,4472.0,40.0,600.0,2.0,196.0,2.5,11.0,3.0,18.0,4.5,35.0,,0.0,1.5,228.0,1.0,870.0,0.5,999.0,,0.0,,0.0
2023-04-27 22:41:33.0,1682606493000000000,1.5,1.5,1.5,4472.0,40.0,600.0,2.0,196.0,2.5,11.0,3.0,18.0,4.5,35.0,,0.0,1.5,228.0,1.0,870.0,0.5,1018.0,,0.0,,0.0
2023-04-27 22:43:26.25,1682606606250000000,1.5,1.5,1.5,4472.0,40.0,600.0,2.0,196.0,2.5,11.0,4.5,35.0,,0.0,,0.0,1.5,228.0,1.0,870.0,0.5,1000.0,,0.0,,0.0
2023-04-27 22:44:05.5,1682606645500000000,1.5,1.5,1.5,4472.0,40.0,600.0,2.0,196.0,2.5,11.0,4.5,35.0,,0.0,,0.0,1.5,238.0,1.0,870.0,0.5,1000.0,,0.0,,0.0
2023-04-27 22:44:41.0,1682606681000000000,1.5,1.5,1.5,4472.0,40.0,600.0,2.0,196.0,2.5,11.0,3.0,18.0,4.5,35.0,,0.0,1.5,238.0,1.0,870.0,0.5,1018.0,,0.0,,0.0
2023-04-27 22:45:21.5,1682606721500000000,1.5,1.5,1.5,4472.0,40.0,600.0,2.0,196.0,2.5,11.0,3.0,18.0,4.5,35.0,,0.0,1.5,238.0,1.0,870.0,0.5,999.0,,0.0,,0.0
2023-04-27 22:47:51.0,1682606871000000000,1.5,1.5,1.5,4472.0,40.0,600.0,2.0,196.0,2.5,11.0,4.5,35.0,,0.0,,0.0,1.5,238.0,1.0,870.0,0.5,981.0,,0.0,,0.0
2023-04-27 22:48:21.0,1682606901000000000,1.5,1.5,1.5,4472.0,40.0,600.0,2.0,196.0,2.5,11.0,3.0,18.0,4.5,35.0,,0.0,1.5,238.0,1.0,870.0,0.5,999.0,,0.0,,0.0
2023-04-27 22:48:39.75,1682606919750000000,1.5,1.5,1.5,4472.0,40.0,600.0,2.0,196.0,2.5,11.0,3.0,18.0,4.5,35.0,,0.0,1.5,238.0,1.0,870.0,0.5,1018.0,,0.0,,0.0
2023-04-27 22:48:45.75,1682606925750000000,1.5,1.5,1.5,4472.0,40.0,600.0,2.0,196.0,2.5,11.0,3.0,18.0,4.5,35.0,,0.0,1.5,238.0,1.0,870.0,0.5,999.0,,0.0,,0.0
2023-04-27 22:48:53.25,1682606933250000000,1.5,1.5,1.5,4472.0,40.0,600.0,2.0,196.0,2.5,11.0,3.0,18.0,4.5,35.0,,0.0,1.5,238.0,1.0,870.0,0.5,1018.0,,0.0,,0.0
2023-04-27 22:48:54.5,1682606934500000000,1.5,1.5,1.5,4472.0,40.0,600.0,2.0,196.0,2.5,11.0,3.0,18.0,4.5,35.0,,0.0,1.5,238.0,1.0,870.0,0.5,999.0,,0.0,,0.0
2023-04-27 22:49:30.0,1682606970000000000,1.5,1.5,1.5,4472.0,40.0,600.0,2.0,196.0,2.5,11.0,3.0,18.0,4.5,35.0,,0.0,1.5,238.0,1.0,870.0,0.5,1018.0,,0.0,,0.0
2023-04-27 22:51:37.75,1682607097750000000,2.0,2.0,1.5,4472.0,90.0,1600.0,2.0,146.0,2.5,11.0,3.0,18.0,4.5,35.0,,0.0,1.5,238.0,1.0,870.0,0.5,1018.0,,0.0,,0.0
2023-04-27 22:51:38.0,1682607098000000000,2.0,2.0,1.5,4472.0,90.0,1600.0,2.0,182.0,2.5,11.0,3.0,18.0,4.5,35.0,,0.0,1.5,238.0,1.0,870.0,0.5,1018.0,,0.0,,0.0
2023-04-27 22:56:02.25,1682607362250000000,2.0,2.0,1.5,4472.0,90.0,1600.0,2.0,146.0,2.5,11.0,3.0,18.0,4.5,35.0,,0.0,1.5,238.0,1.0,870.0,0.5,1018.0,,0.0,,0.0
2023-04-27 22:56:36.25,1682607396250000000,2.0,2.0,1.5,4472.0,90.0,1600.0,2.0,146.0,3.0,18.0,4.5,35.0,,0.0,,0.0,1.5,238.0,1.0,870.0,0.5,1007.0,,0.0,,0.0
2023-04-27 22:56:36.5,1682607396500000000,2.0,2.0,1.5,4472.0,90.0,1600.0,2.0,146.0,4.5,53.0,,0.0,,0.0,,0.0,1.5,238.0,1.0,870.0,0.5,1007.0,,0.0,,0.0
2023-04-27 22:57:22.25,1682607442250000000,2.0,2.0,1.5,4472.0,90.0,1600.0,2.0,146.0,4.5,53.0,,0.0,,0.0,,0.0,1.5,238.0,1.0,870.0,0.5,988.0,,0.0,,0.0
2023-04-27 22:57:26.0,1682607446000000000,2.0,2.0,1.5,4472.0,90.0,1600.0,2.0,121.0,4.5,53.0,,0.0,,0.0,,0.0,1.5,238.0,1.0,870.0,0.5,988.0,,0.0,,0.0
2023-04-27 22:58:21.75,1682607501750000000,2.0,2.0,1.5,4472.0,90.0,1600.0,2.0,121.0,4.5,35.0,,0.0,,0.0,,0.0,1.5,238.0,1.0,870.0,0.5,970.0,,0.0,,0.0
2023-04-27 22:58:42.75,1682607522750000000,2.0,2.0,1.5,4491.0,110.0,2000.0,2.0,10.0,4.5,35.0,,0.0,,0.0,,0.0,1.5,138.0,1.0,870.0,0.5,970.0,,0.0,,0.0
2023-04-27 22:59:01.75,1682607541750000000,2.0,2.0,1.5,4491.0,110.0,2000.0,4.5,35.0,,0.0,,0.0,,0.0,,0.0,1.5,138.0,1.0,860.0,0.5,970.0,,0.0,,0.0
2023-04-27 22:59:02.0,1682607542000000000,2.0,2.0,1.5,4491.0,110.0,2000.0,2.0,10.0,4.5,35.0,,0.0,,0.0,,0.0,1.5,138.0,1.0,870.0,0.5,970.0,,0.0,,0.0
2023-04-27 22:59:31.5,1682607571500000000,2.0,2.0,1.5,4491.0,110.0,2000.0,4.5,35.0,,0.0,,0.0,,0.0,,0.0,1.5,138.0,1.0,860.0,0.5,970.0,,0.0,,0.0
2023-04-28 08:55:00.0,1682643300000000000,2.0,2.0,1.5,4491.0,110.0,2000.0,4.5,35.0,,0.0,,0.0,,0.0,,0.0,1.5,138.0,1.0,860.0,0.5,970.0,,0.0,,0.0
2023-04-28 09:00:02.75,1682643602750000000,2.0,2.0,1.5,4491.0,110.0,2000.0,3.0,11.0,4.5,35.0,,0.0,,0.0,,0.0,1.5,138.0,1.0,860.0,0.5,970.0,,0.0,,0.0
2023-04-28 09:01:34.75,1682643694750000000,2.0,2.0,1.5,4491.0,110.0,2000.0,3.0,11.0,4.5,53.0,,0.0,,0.0,,0.0,1.5,138.0,1.0,860.0,0.5,988.0,,0.0,,0.0
2023-04-28 09:01:41.5,1682643701500000000,2.0,2.0,1.5,4491.0,110.0,2000.0,3.0,11.0,4.5,18.0,,0.0,,0.0,,0.0,1.5,138.0,1.0,860.0,0.5,988.0,,0.0,,0.0
2023-04-28 09:01:41.75,1682643701750000000,2.0,2.0,1.5,4491.0,110.0,2000.0,3.0,11.0,3.5,18.0,,0.0,,0.0,,0.0,1.5,138.0,1.0,860.0,0.5,988.0,,0.0,,0.0
2023-04-28 09:01:57.25,1682643717250000000,2.0,2.0,1.5,4491.0,110.0,2000.0,3.0,11.0,3.5,18.0,5.0,35.0,,0.0,,0.0,1.5,138.0,1.0,860.0,0.5,988.0,,0.0,,0.0
2023-04-28 09:01:57.5,1682643717500000000,2.0,2.0,1.5,4491.0,110.0,2000.0,3.0,11.0,5.0,35.0,,0.0,,0.0,,0.0,1.5,138.0,1.0,860.0,0.5,970.0,,0.0,,0.0
2023-04-28 09:03:22.75,1682643802750000000,2.0,2.0,1.5,4491.0,110.0,2000.0,3.0,21.0,5.0,35.0,,0.0,,0.0,,0.0,1.5,138.0,1.0,870.0,0.5,970.0,,0.0,,0.0
2023-04-28 09:04:14.0,1682643854000000000,2.0,2.0,1.5,4491.0,110.0,2000.0,2.5,5.0,3.0,21.0,5.0,35.0,,0.0,,0.0,1.5,138.0,1.0,870.0,0.5,970.0,,0.0,,0.0
2023-04-28 09:04:36.0,1682643876000000000,2.0,2.0,1.5,4491.0,110.0,2000.0,2.5,20.0,3.0,21.0,5.0,35.0,,0.0,,0.0,1.5,138.0,1.0,870.0,0.5,970.0,,0.0,,0.0
2023-04-28 09:04:36.25,1682643876250000000,2.0,2.0,1.5,4491.0,110.0,2000.0,2.5,20.0,3.0,39.0,5.0,35.0,,0.0,,0.0,1.5,138.0,1.0,870.0,0.5,988.0,,0.0,,0.0
2023-04-28 09:04:46.25,1682643886250000000,2.0,2.0,1.5,4491.0,110.0,2000.0,2.0,15.0,2.5,20.0,3.0,39.0,5.0,35.0,,0.0,1.5,138.0,1.0,870.0,0.5,988.0,,0.0,,0.0
2023-04-28 09:04:46.5,1682643886500000000,2.0,2.0,1.5,4491.0,110.0,2000.0,2.0,25.0,2.5,20.0,3.0,29.0,5.0,35.0,,0.0,1.5,138.0,1.0,870.0,0.5,988.0,,0.0,,0.0
2023-04-28 09:05:02.0,1682643902000000000,2.0,2.0,1.5,4491.0,110.0,2000.0,2.0,25.0,2.5,31.0,3.0,18.0,5.0,35.0,,0.0,1.5,138.0,1.0,870.0,0.5,999.0,,0.0,,0.0
2023-04-28 09:06:20.75,1682643980750000000,2.0,2.0,1.5,4491.0,110.0,2000.0,2.0,25.0,2.5,31.0,3.0,18.0,5.0,35.0,,0.0,1.5,138.0,1.0,889.0,0.5,999.0,,0.0,,0.0
2023-04-28 09:09:52.75,1682644192750000000,2.0,2.0,1.5,4491.0,135.0,2500.0,2.5,31.0,3.0,18.0,5.0,35.0,,0.0,,0.0,1.5,138.0,1.0,889.0,0.5,999.0,,0.0,,0.0
2023-04-28 09:09:53.0,1682644193000000000,2.0,2.0,1.5,4491.0,135.0,2500.0,2.0,89.0,2.5,31.0,5.0,35.0,,0.0,,0.0,1.5,148.0,1.0,879.0,0.5,981.0,,0.0,,0.0
2023-04-28 09:09:53.25,1682644193250000000,2.0,2.0,1.5,4491.0,135.0,2500.0,2.0,89.0,2.5,49.0,5.0,35.0,,0.0,,0.0,1.5,148.0,1.0,879.0,0.5,999.0,,0.0,,0.0
2023-04-28 09:10:18.25,1682644218250000000,2.0,2.0,1.5,4491.0,135.0,2500.0,2.0,99.0,2.5,49.0,5.0,35.0,,0.0,,0.0,1.5,158.0,1.0,879.0,0.5,999.0,,0.0,,0.0
2023-04-28 09:12:44.0,1682644364000000000,2.0,2.0,1.5,4491.0,135.0,2500.0,2.0,114.0,2.5,49.0,5.0,35.0,,0.0,,0.0,1.5,158.0,1.0,879.0,0.5,999.0,,0.0,,0.0
2023-04-28 09:12:51.5,1682644371500000000,2.0,2.0,1.5,4491.0,135.0,2500.0,2.0,124.0,2.5,49.0,5.0,35.0,,0.0,,0.0,1.5,158.0,1.0,879.0,0.5,999.0,,0.0,,0.0
2023-04-28 09:16:45.75,1682644605750000000,2.0,2.0,1.5,4491.0,145.0,2700.0,2.0,114.0,2.5,49.0,5.0,35.0,,0.0,,0.0,1.5,158.0,1.0,879.0,0.5,999.0,,0.0,,0.0
2023-04-28 09:20:24.5,1682644824500000000,2.0,2.0,1.5,4491.0,145.0,2700.0,2.0,114.0,2.5,49.0,5.0,35.0,,0.0,,0.0,1.5,177.0,1.0,860.0,0.5,999.0,,0.0,,0.0
2023-04-28 09:23:42.25,1682645022250000000,2.0,2.0,1.5,4491.0,145.0,2700.0,2.0,114.0,2.5,49.0,5.0,35.0,,0.0,,0.0,1.5,177.0,1.0,860.0,0.5,999.0,,0.0,,0.0
2023-04-28 09:36:29.25,1682645789250000000,2.0,2.0,1.5,4491.0,145.0,2700.0,2.0,114.0,2.5,31.0,5.0,35.0,,0.0,,0.0,1.5,177.0,1.0,860.0,0.5,981.0,,0.0,,0.0
2023-04-28 09:38:12.0,1682645892000000000,2.0,2.0,1.5,4491.0,145.0,2700.0,2.0,114.0,2.5,31.0,5.0,35.0,,0.0,,0.0,1.5,178.0,1.0,860.0,0.5,981.0,,0.0,,0.0
2023-04-28 09:38:13.5,1682645893500000000,2.0,2.0,1.5,4491.0,145.0,2700.0,2.0,114.0,2.5,31.0,5.0,35.0,,0.0,,0.0,1.5,179.0,1.0,860.0,0.5,981.0,,0.0,,0.0
2023-04-28 09:38:14.75,1682645894750000000,2.0,2.0,1.5,4491.0,145.0,2700.0,2.0,114.0,2.5,31.0,5.0,35.0,,0.0,,0.0,1.5,180.0,1.0,860.0,0.5,981.0,,0.0,,0.0
2023-04-28 09:38:16.25,1682645896250000000,2.0,2.0,1.5,4491.0,145.0,2700.0,2.0,114.0,2.5,31.0,5.0,35.0,,0.0,,0.0,1.5,181.0,1.0,860.0,0.5,981.0,,0.0,,0.0
2023-04-28 09:38:17.5,1682645897500000000,2.0,2.0,1.5,4491.0,145.0,2700.0,2.0,114.0,2.5,31.0,5.0,35.0,,0.0,,0.0,1.5,182.0,1.0,860.0,0.5,981.0,,0.0,,0.0
2023-04-28 09:38:19.0,1682645899000000000,2.0,2.0,1.5,4491.0,145.0,2700.0,2.0,114.0,2.5,31.0,5.0,35.0,,0.0,,0.0,1.5,183.0,1.0,860.0,0.5,981.0,,0.0,,0.0
2023-04-28 09:38:20.5,1682645900500000000,2.0,2.0,1.5,4491.0,145.0,2700.0,2.0,114.0,2.5,31.0,5.0,35.0,,0.0,,0.0,1.5,184.0,1.0,860.0,0.5,981.0,,0.0,,0.0
2023-04-28 09:38:21.25,1682645901250000000,2.0,2.0,1.5,4491.0,145.0,2700.0,2.0,114.0,2.5,31.0,3.0,18.0,5.0,35.0,,0.0,1.5,184.0,1.0,860.0,0.5,999.0,,0.0,,0.0
2023-04-28 09:38:21.75,1682645901750000000,2.0,2.0,1.5,4491.0,145.0,2700.0,2.0,114.0,2.5,31.0,3.0,18.0,5.0,35.0,,0.0,1.5,185.0,1.0,860.0,0.5,999.0,,0.0,,0.0
2023-04-28 09:38:22.75,1682645902750000000,2.0,2.0,1.5,4491.0,145.0,2700.0,2.0,114.0,2.5,49.0,5.0,35.0,,0.0,,0.0,1.5,185.0,1.0,878.0,0.5,981.0,,0.0,,0.0
2023-04-28 09:38:29.25,1682645909250000000,2.0,2.0,1.5,4491.0,145.0,2700.0,2.0,114.0,2.5,49.0,5.0,35.0,,0.0,,0.0,1.5,184.0,1.0,878.0,0.5,981.0,,0.0,,0.0
2023-04-28 09:38:29.5,1682645909500000000,2.0,2.0,1.5,4491.0,145.0,2700.0,2.0,114.0,2.5,49.0,5.0,35.0,,0.0,,0.0,1.5,182.0,1.0,878.0,0.5,981.0,,0.0,,0.0
2023-04-28 09:38:29.75,1682645909750000000,2.0,2.0,1.5,4491.0,145.0,2700.0,2.0,114.0,2.5,49.0,5.0,35.0,,0.0,,0.0,1.5,179.0,1.0,878.0,0.5,981.0,,0.0,,0.0
2023-04-28 09:38:35.0,1682645915000000000,2.0,2.0,1.5,4491.0,145.0,2700.0,2.0,114.0,2.5,49.0,5.0,35.0,,0.0,,0.0,1.5,177.0,1.0,878.0,0.5,981.0,,0.0,,0.0
2023-04-28 09:38:42.5,1682645922500000000,2.0,2.0,1.5,4491.0,145.0,2700.0,2.0,114.0,2.5,49.0,5.0,35.0,,0.0,,0.0,1.5,185.0,1.0,878.0,0.5,981.0,,0.0,,0.0
2023-04-28 09:39:30.0,1682645970000000000,2.0,2.0,1.5,4491.0,145.0,2700.0,2.0,104.0,2.5,49.0,5.0,35.0,,0.0,,0.0,1.5,175.0,1.0,878.0,0.5,981.0,,0.0,,0.0
2023-04-28 09:39:30.75,1682645970750000000,2.0,2.0,1.5,4491.0,145.0,2700.0,2.0,114.0,2.5,49.0,5.0,35.0,,0.0,,0.0,1.5,185.0,1.0,878.0,0.5,981.0,,0.0,,0.0
2023-04-28 09:56:45.5,1682647005500000000,2.0,2.0,1.5,4491.0,145.0,2700.0,2.0,123.0,2.5,49.0,5.0,35.0,,0.0,,0.0,1.5,185.0,1.0,878.0,0.5,981.0,,0.0,,0.0
2023-04-28 10:05:21.25,1682647521250000000,2.0,1.5,1.5,4491.0,150.0,2775.0,2.0,123.0,2.5,49.0,5.0,35.0,,0.0,,0.0,1.5,180.0,1.0,878.0,0.5,981.0,,0.0,,0.0
2023-04-28 10:14:02.0,1682648042000000000,2.0,1.5,1.5,4491.0,150.0,2775.0,2.0,113.0,2.5,49.0,5.0,35.0,,0.0,,0.0,1.5,170.0,1.0,878.0,0.5,981.0,,0.0,,0.0
2023-04-28 10:14:02.25,1682648042250000000,2.0,1.5,1.5,4491.0,150.0,2775.0,2.0,123.0,2.5,49.0,5.0,35.0,,0.0,,0.0,1.5,180.0,1.0,878.0,0.5,981.0,,0.0,,0.0
2023-04-28 10:14:29.0,1682648069000000000,2.0,1.5,1.5,4491.0,150.0,2775.0,2.0,123.0,2.5,49.0,5.0,35.0,,0.0,,0.0,1.5,161.0,1.0,878.0,0.5,981.0,,0.0,,0.0
2023-04-28 10:14:30.0,1682648070000000000,2.0,1.5,1.5,4491.0,150.0,2775.0,2.0,113.0,2.5,49.0,5.0,35.0,,0.0,,0.0,1.5,151.0,1.0,878.0,0.5,981.0,,0.0,,0.0
2023-04-28 10:14:31.5,1682648071500000000,2.0,1.5,1.5,4491.0,150.0,2775.0,2.0,113.0,2.5,31.0,5.0,35.0,,0.0,,0.0,1.5,151.0,1.0,860.0,0.5,981.0,,0.0,,0.0
2023-04-28 10:15:00.0,1682648100000000000,2.0,1.5,1.5,4491.0,150.0,2775.0,2.0,113.0,2.5,31.0,5.0,35.0,,0.0,,0.0,1.5,151.0,1.0,860.0,0.5,981.0,,0.0,,0.0
2023-04-28 10:30:18.75,1682649018750000000,2.0,2.0,1.5,4491.0,180.0,3375.0,2.0,83.0,2.5,31.0,5.0,35.0,,0.0,,0.0,1.5,151.0,1.0,860.0,0.5,981.0,,0.0,,0.0
2023-04-28 10:30:20.25,1682649020250000000,2.0,2.0,1.5,4491.0,180.0,3375.0,2.0,83.0,2.5,31.0,5.0,35.0,,0.0,,0.0,1.5,170.0,1.0,860.0,0.5,981.0,,0.0,,0.0
2023-04-28 10:30:31.5,1682649031500000000,2.0,2.0,1.5,4491.0,180.0,3375.0,2.0,83.0,2.5,31.0,3.0,18.0,5.0,35.0,,0.0,1.5,170.0,1.0,860.0,0.5,999.0,,0.0,,0.0
2023-04-28 10:30:47.0,1682649047000000000,2.0,2.0,1.5,4491.0,180.0,3375.0,2.0,83.0,2.5,31.0,5.0,35.0,,0.0,,0.0,1.5,170.0,1.0,860.0,0.5,981.0,,0.0,,0.0
2023-04-28 10:30:49.25,1682649049250000000,2.0,2.0,1.5,4491.0,180.0,3375.0,2.0,83.0,2.5,49.0,5.0,35.0,,0.0,,0.0,1.5,170.0,1.0,878.0,0.5,981.0,,0.0,,0.0
2023-04-28 10:32:35.0,1682649155000000000,2.0,2.0,1.5,4491.0,180.0,3375.0,2.0,93.0,2.5,49.0,5.0,35.0,,0.0,,0.0,1.5,180.0,1.0,878.0,0.5,981.0,,0.0,,0.0
2023-04-28 10:35:40.0,1682649340000000000,2.0,2.0,1.5,4491.0,180.0,3375.0,2.0,98.0,2.5,49.0,5.0,35.0,,0.0,,0.0,1.5,180.0,1.0,878.0,0.5,981.0,,0.0,,0.0
2023-04-28 10:35:57.0,1682649357000000000,2.0,2.0,1.5,4491.0,180.0,3375.0,2.0,98.0,2.5,49.0,5.0,35.0,,0.0,,0.0,1.5,181.0,1.0,878.0,0.5,981.0,,0.0,,0.0
2023-04-28 10:43:31.0,1682649811000000000,2.0,2.0,1.5,4491.0,180.0,3375.0,2.0,98.0,2.5,31.0,5.0,35.0,,0.0,,0.0,1.5,181.0,1.0,860.0,0.5,981.0,,0.0,,0.0
2023-04-28 10:46:31.0,1682649991000000000,2.0,2.0,1.5,4491.0,180.0,3375.0,2.0,98.0,2.5,49.0,5.0,35.0,,0.0,,0.0,1.5,181.0,1.0,878.0,0.5,981.0,,0.0,,0.0
2023-04-28 10:47:43.75,1682650063750000000,2.0,2.0,1.5,4491.0,180.0,3375.0,2.0,88.0,2.5,49.0,5.0,35.0,,0.0,,0.0,1.5,171.0,1.0,878.0,0.5,981.0,,0.0,,0.0
2023-04-28 10:50:02.25,1682650202250000000,2.0,2.0,1.5,4491.0,180.0,3375.0,2.0,98.0,2.5,49.0,5.0,35.0,,0.0,,0.0,1.5,181.0,1.0,878.0,0.5,981.0,,0.0,,0.0
2023-04-28 10:53:18.0,1682650398000000000,2.0,2.0,1.5,4491.0,180.0,3375.0,2.0,88.0,2.5,49.0,5.0,35.0,,0.0,,0.0,1.5,171.0,1.0,878.0,0.5,981.0,,0.0,,0.0
2023-04-28 10:53:18.75,1682650398750000000,2.0,2.0,1.5,4491.0,180.0,3375.0,2.0,98.0,2.5,49.0,5.0,35.0,,0.0,,0.0,1.5,181.0,1.0,878.0,0.5,981.0,,0.0,,0.0
2023-04-28 10:53:36.75,1682650416750000000,2.0,2.0,1.5,4491.0,180.0,3375.0,2.0,88.0,2.5,49.0,5.0,35.0,,0.0,,0.0,1.5,171.0,1.0,878.0,0.5,981.0,,0.0,,0.0
2023-04-28 10:53:37.5,1682650417500000000,2.0,2.0,1.5,4491.0,180.0,3375.0,2.0,98.0,2.5,49.0,5.0,35.0,,0.0,,0.0,1.5,181.0,1.0,878.0,0.5,981.0,,0.0,,0.0
2023-04-28 10:53:50.5,1682650430500000000,2.0,2.0,1.5,4491.0,180.0,3375.0,2.0,88.0,2.5,49.0,5.0,35.0,,0.0,,0.0,1.5,171.0,1.0,878.0,0.5,981.0,,0.0,,0.0
2023-04-28 10:53:51.25,1682650431250000000,2.0,2.0,1.5,4491.0,180.0,3375.0,2.0,98.0,2.5,49.0,5.0,35.0,,0.0,,0.0,1.5,181.0,1.0,878.0,0.5,981.0,,0.0,,0.0
2023-04-28 10:54:04.25,1682650444250000000,2.0,2.0,1.5,4491.0,180.0,3375.0,2.0,88.0,2.5,49.0,5.0,35.0,,0.0,,0.0,1.5,171.0,1.0,878.0,0.5,981.0,,0.0,,0.0
2023-04-28 10:54:05.25,1682650445250000000,2.0,2.0,1.5,4491.0,180.0,3375.0,2.0,98.0,2.5,49.0,5.0,35.0,,0.0,,0.0,1.5,181.0,1.0,878.0,0.5,981.0,,0.0,,0.0
2023-04-28 11:20:34.5,1682652034500000000,2.0,2.0,1.5,4491.0,180.0,3375.0,2.0,98.0,2.5,49.0,5.0,35.0,,0.0,,0.0,1.5,162.0,1.0,897.0,0.5,981.0,,0.0,,0.0
2023-04-28 11:23:16.25,1682652196250000000,2.0,2.0,1.5,4491.0,180.0,3375.0,2.0,98.0,2.5,49.0,5.0,35.0,,0.0,,0.0,1.5,162.0,1.0,837.0,0.5,881.0,,0.0,,0.0
2023-04-28 11:23:16.5,1682652196500000000,2.0,2.0,1.5,4491.0,180.0,3375.0,2.0,98.0,2.5,49.0,5.0,35.0,,0.0,,0.0,1.5,181.0,1.0,818.0,0.5,881.0,,0.0,,0.0
2023-04-28 11:24:11.75,1682652251750000000,2.0,2.0,1.5,4491.0,180.0,3375.0,2.0,98.0,2.5,49.0,5.0,35.0,,0.0,,0.0,1.5,162.0,1.0,837.0,0.5,881.0,,0.0,,0.0
2023-04-28 11:27:50.5,1682652470500000000,2.0,2.0,1.5,4491.0,180.0,3375.0,2.0,98.0,2.5,65.0,5.0,35.0,,0.0,,0.0,1.5,162.0,1.0,837.0,0.5,881.0,,0.0,,0.0
2023-04-28 11:27:55.75,1682652475750000000,2.0,2.0,1.5,4491.0,180.0,3375.0,2.0,98.0,2.5,65.0,3.0,50.0,5.0,35.0,,0.0,1.5,162.0,1.0,837.0,0.5,881.0,,0.0,,0.0
2023-04-28 11:28:00.75,1682652480750000000,2.0,2.0,1.5,4491.0,180.0,3375.0,2.0,98.0,2.5,65.0,3.0,50.0,3.5,50.0,5.0,35.0,1.5,162.0,1.0,837.0,0.5,881.0,,0.0,,0.0
2023-04-28 11:28:01.75,1682652481750000000,2.0,2.0,1.5,4491.0,180.0,3375.0,2.0,98.0,2.5,65.0,3.0,50.0,3.5,50.0,4.0,50.0,1.5,162.0,1.0,837.0,0.5,881.0,,0.0,,0.0
2023-04-28 11:28:28.0,1682652508000000000,2.0,2.0,1.5,4491.0,180.0,3375.0,2.0,98.0,2.5,47.0,3.0,50.0,3.5,50.0,4.0,50.0,1.5,162.0,1.0,819.0,0.5,881.0,,0.0,,0.0
2023-04-28 11:29:00.0,1682652540000000000,2.0,2.0,1.5,4491.0,180.0,3375.0,2.0,88.0,2.5,47.0,3.0,50.0,3.5,50.0,4.0,50.0,1.5,152.0,1.0,819.0,0.5,881.0,,0.0,,0.0
2023-04-28 11:29:01.0,1682652541000000000,2.0,2.0,1.5,4491.0,180.0,3375.0,2.0,88.0,2.5,47.0,3.0,50.0,3.5,50.0,4.0,50.0,1.5,152.0,1.0,800.0,0.5,881.0,,0.0,,0.0
2023-04-28 11:29:02.0,1682652542000000000,2.0,2.0,1.5,4491.0,180.0,3375.0,2.0,78.0,2.5,47.0,3.0,50.0,3.5,50.0,4.0,50.0,1.5,142.0,1.0,800.0,0.5,881.0,,0.0,,0.0
2023-04-28 11:29:02.25,1682652542250000000,2.0,2.0,1.5,4491.0,180.0,3375.0,2.0,88.0,2.5,47.0,3.0,50.0,3.5,50.0,4.0,50.0,1.5,152.0,1.0,800.0,0.5,881.0,,0.0,,0.0
2023-04-28 11:29:32.0,1682652572000000000,2.0,2.0,1.5,4491.0,180.0,3375.0,2.0,78.0,2.5,47.0,3.0,50.0,3.5,50.0,4.0,50.0,1.5,142.0,1.0,800.0,0.5,881.0,,0.0,,0.0
2023-04-28 11:29:33.0,1682652573000000000,2.0,2.0,1.5,4491.0,180.0,3375.0,2.0,39.0,2.5,47.0,3.0,50.0,3.5,50.0,4.0,50.0,1.5,142.0,1.0,800.0,0.5,881.0,,0.0,,0.0
2023-04-28 11:30:00.0,1682652600000000000,2.0,2.0,1.5,4491.0,180.0,3375.0,2.0,39.0,2.5,47.0,3.0,50.0,3.5,50.0,4.0,50.0,1.5,142.0,1.0,800.0,0.5,881.0,,0.0,,0.0
2023-04-28 13:30:08.75,1682659808750000000,2.0,2.0,1.5,4491.0,180.0,3375.0,2.0,39.0,2.5,47.0,3.0,68.0,3.5,50.0,4.0,50.0,1.5,142.0,1.0,800.0,0.5,899.0,,0.0,,0.0
2023-04-28 13:30:09.5,1682659809500000000,2.0,2.0,1.5,4491.0,180.0,3375.0,2.0,39.0,2.5,47.0,3.0,50.0,3.5,50.0,4.0,50.0,1.5,142.0,1.0,800.0,0.5,881.0,,0.0,,0.0
2023-04-28 13:31:01.25,1682659861250000000,2.0,2.0,1.5,4491.0,180.0,3375.0,2.0,39.0,2.5,47.0,3.0,68.0,3.5,50.0,4.0,50.0,1.5,142.0,1.0,800.0,0.5,899.0,,0.0,,0.0
2023-04-28 13:31:02.0,1682659862000000000,2.0,2.0,1.5,4491.0,180.0,3375.0,2.0,39.0,2.5,65.0,3.0,50.0,3.5,50.0,4.0,50.0,1.5,142.0,1.0,818.0,0.5,881.0,,0.0,,0.0
2023-04-28 13:32:03.0,1682659923000000000,2.0,2.0,1.5,4491.0,180.0,3375.0,2.0,49.0,2.5,65.0,3.0,50.0,3.5,50.0,4.0,50.0,1.5,152.0,1.0,818.0,0.5,881.0,,0.0,,0.0
2023-04-28 13:34:37.0,1682660077000000000,2.0,2.0,1.5,4491.0,180.0,3375.0,2.0,49.0,2.5,65.0,3.0,50.0,3.5,50.0,4.0,50.0,1.5,152.0,1.0,837.0,0.5,881.0,,0.0,,0.0
2023-04-28 13:36:39.25,1682660199250000000,2.0,1.5,1.5,4491.0,205.0,3750.0,2.0,49.0,2.5,65.0,3.0,50.0,3.5,50.0,4.0,50.0,1.5,127.0,1.0,837.0,0.5,881.0,,0.0,,0.0
2023-04-28 13:37:43.25,1682660263250000000,2.0,1.5,1.5,4491.0,205.0,3750.0,2.0,49.0,2.5,65.0,3.0,50.0,3.5,50.0,4.0,50.0,1.5,127.0,1.0,837.0,0.5,881.0,,0.0,,0.0
2023-04-28 13:40:56.25,1682660456250000000,2.0,1.5,1.5,4491.0,205.0,3750.0,2.0,55.0,2.5,65.0,3.0,50.0,3.5,50.0,4.0,50.0,1.5,127.0,1.0,837.0,0.5,881.0,,0.0,,0.0
2023-04-28 13:40:56.5,1682660456500000000,2.0,1.5,1.5,4491.0,205.0,3750.0,2.0,55.0,2.5,65.0,3.0,50.0,3.5,50.0,4.0,50.0,1.5,146.0,1.0,818.0,0.5,881.0,,0.0,,0.0
2023-04-28 13:41:27.5,1682660487500000000,2.0,1.5,1.5,4491.0,205.0,3750.0,2.0,55.0,2.5,47.0,3.0,50.0,3.5,50.0,4.0,50.0,1.5,146.0,1.0,800.0,0.5,881.0,,0.0,,0.0
2023-04-28 13:42:06.25,1682660526250000000,2.0,1.5,1.5,4491.0,205.0,3750.0,2.0,55.0,2.5,65.0,3.0,50.0,3.5,50.0,4.0,50.0,1.5,146.0,1.0,818.0,0.5,881.0,,0.0,,0.0
2023-04-28 13:43:17.25,1682660597250000000,2.0,1.5,1.5,4491.0,205.0,3750.0,2.0,55.0,2.5,47.0,3.0,50.0,3.5,50.0,4.0,50.0,1.5,146.0,1.0,800.0,0.5,881.0,,0.0,,0.0
2023-04-28 13:47:09.25,1682660829250000000,2.0,1.5,1.5,4491.0,205.0,3750.0,2.0,55.0,2.5,65.0,3.0,50.0,3.5,50.0,4.0,50.0,1.5,146.0,1.0,818.0,0.5,881.0,,0.0,,0.0
2023-04-28 13:53:46.5,1682661226500000000,2.0,1.5,1.5,4491.0,205.0,3750.0,2.0,55.0,2.5,47.0,3.0,50.0,3.5,50.0,4.0,50.0,1.5,146.0,1.0,800.0,0.5,881.0,,0.0,,0.0
2023-04-28 13:54:02.0,1682661242000000000,2.0,1.5,1.5,4491.0,205.0,3750.0,2.0,55.0,2.5,47.0,3.0,68.0,3.5,50.0,4.0,50.0,1.5,146.0,1.0,800.0,0.5,899.0,,0.0,,0.0
2023-04-28 13:54:02.75,1682661242750000000,2.0,1.5,1.5,4491.0,205.0,3750.0,2.0,55.0,2.5,47.0,3.0,50.0,3.5,50.0,4.0,50.0,1.5,146.0,1.0,800.0,0.5,881.0,,0.0,,0.0
2023-04-28 13:54:05.0,1682661245000000000,2.0,1.5,1.5,4491.0,205.0,3750.0,2.0,55.0,2.5,65.0,3.0,50.0,3.5,50.0,4.0,50.0,1.5,146.0,1.0,818.0,0.5,881.0,,0.0,,0.0
2023-04-28 14:01:51.5,1682661711500000000,2.0,2.0,1.5,4496.0,210.0,3850.0,2.0,50.0,2.5,65.0,3.0,50.0,3.5,50.0,4.0,50.0,1.5,146.0,1.0,818.0,0.5,881.0,,0.0,,0.0
2023-04-28 14:07:09.25,1682662029250000000,2.0,2.0,1.5,4496.0,210.0,3850.0,2.0,45.0,2.5,65.0,3.0,50.0,3.5,50.0,4.0,50.0,1.5,146.0,1.0,818.0,0.5,881.0,,0.0,,0.0
2023-04-28 14:07:10.75,1682662030750000000,2.0,2.0,1.5,4496.0,210.0,3850.0,2.0,35.0,2.5,65.0,3.0,50.0,3.5,50.0,4.0,50.0,1.5,146.0,1.0,818.0,0.5,881.0,,0.0,,0.0
2023-04-28 14:13:33.0,1682662413000000000,2.0,2.0,1.5,4501.0,215.0,3950.0,2.0,30.0,2.5,65.0,3.0,50.0,3.5,50.0,4.0,50.0,1.5,146.0,1.0,818.0,0.5,881.0,,0.0,,0.0
2023-04-28 14:13:34.5,1682662414500000000,2.0,2.0,1.5,4506.0,220.0,4050.0,2.0,25.0,2.5,65.0,3.0,50.0,3.5,50.0,4.0,50.0,1.5,146.0,1.0,818.0,0.5,881.0,,0.0,,0.0
2023-04-28 14:13:36.0,1682662416000000000,2.0,2.0,1.5,4511.0,225.0,4150.0,2.0,20.0,2.5,65.0,3.0,50.0,3.5,50.0,4.0,50.0,1.5,146.0,1.0,818.0,0.5,881.0,,0.0,,0.0
2023-04-28 14:13:37.5,1682662417500000000,2.0,2.0,1.5,4516.0,230.0,4250.0,2.0,15.0,2.5,65.0,3.0,50.0,3.5,50.0,4.0,50.0,1.5,146.0,1.0,818.0,0.5,881.0,,0.0,,0.0
2023-04-28 14:13:38.75,1682662418750000000,2.0,2.0,1.5,4521.0,235.0,4350.0,2.0,10.0,2.5,65.0,3.0,50.0,3.5,50.0,4.0,50.0,1.5,146.0,1.0,818.0,0.5,881.0,,0.0,,0.0
2023-04-28 14:13:39.0,1682662419000000000,2.0,2.0,1.5,4521.0,235.0,4350.0,2.0,6.0,2.5,75.0,3.0,50.0,3.5,50.0,4.0,50.0,1.5,146.0,1.0,818.0,0.5,881.0,,0.0,,0.0
2023-04-28 14:13:40.0,1682662420000000000,2.0,2.0,1.5,4526.0,240.0,4450.0,2.0,1.0,2.5,75.0,3.0,50.0,3.5,50.0,4.0,50.0,1.5,146.0,1.0,818.0,0.5,881.0,,0.0,,0.0
2023-04-28 14:13:41.5,1682662421500000000,2.0,2.0,1.5,4527.0,241.0,4470.0,2.5,75.0,3.0,50.0,3.5,50.0,4.0,50.0,5.0,35.0,2.0,4.0,1.5,146.0,1.0,818.0,0.5,881.0,,0.0
2023-04-28 14:13:41.75,1682662421750000000,2.0,2.0,1.5,4531.0,245.0,4550.0,2.5,75.0,3.0,50.0,3.5,50.0,4.0,50.0,5.0,35.0,1.5,146.0,1.0,818.0,0.5,881.0,,0.0,,0.0
2023-04-28 14:13:42.75,1682662422750000000,2.0,2.0,1.5,4531.0,245.0,4550.0,2.5,75.0,3.0,50.0,3.5,50.0,4.0,50.0,5.0,35.0,2.0,5.0,1.5,146.0,1.0,818.0,0.5,881.0,,0.0
2023-04-28 14:13:43.0,1682662423000000000,2.0,2.0,1.5,4531.0,250.0,4650.0,2.5,75.0,3.0,50.0,3.5,50.0,4.0,50.0,5.0,35.0,1.5,146.0,1.0,818.0,0.5,881.0,,0.0,,0.0
2023-04-28 14:14:43.25,1682662483250000000,2.0,2.0,1.5,4531.0,250.0,4650.0,2.0,5.0,2.5,75.0,3.0,50.0,3.5,50.0,4.0,50.0,1.5,146.0,1.0,818.0,0.5,881.0,,0.0,,0.0
2023-04-28 14:14:45.75,1682662485750000000,2.0,2.0,1.5,4531.0,250.0,4650.0,2.0,5.0,2.5,80.0,3.0,50.0,3.5,50.0,4.0,50.0,1.5,146.0,1.0,818.0,0.5,881.0,,0.0,,0.0
2023-04-28 14:14:48.5,1682662488500000000,2.0,2.0,1.5,4531.0,250.0,4650.0,2.0,5.0,2.5,80.0,3.0,55.0,3.5,50.0,4.0,50.0,1.5,146.0,1.0,818.0,0.5,881.0,,0.0,,0.0
2023-04-28 14:19:34.25,1682662774250000000,2.0,2.0,1.5,4531.0,250.0,4650.0,2.0,15.0,2.5,80.0,3.0,55.0,3.5,50.0,4.0,50.0,1.5,156.0,1.0,818.0,0.5,881.0,,0.0,,0.0
2023-04-28 14:21:27.5,1682662887500000000,2.0,2.0,1.5,4531.0,250.0,4650.0,2.0,15.0,2.5,80.0,3.0,55.0,3.5,50.0,4.0,50.0,1.5,137.0,1.0,837.0,0.5,881.0,,0.0,,0.0
2023-04-28 14:24:01.25,1682663041250000000,2.0,2.0,1.5,4532.0,251.0,4670.0,2.0,14.0,2.5,80.0,3.0,55.0,3.5,50.0,4.0,50.0,1.5,137.0,1.0,837.0,0.5,881.0,,0.0,,0.0
2023-04-28 14:24:03.0,1682663043000000000,2.0,2.0,1.5,4533.0,252.0,4690.0,2.0,13.0,2.5,80.0,3.0,55.0,3.5,50.0,4.0,50.0,1.5,137.0,1.0,837.0,0.5,881.0,,0.0,,0.0
2023-04-28 14:24:04.5,1682663044500000000,2.0,2.0,1.5,4534.0,253.0,4710.0,2.0,12.0,2.5,80.0,3.0,55.0,3.5,50.0,4.0,50.0,1.5,137.0,1.0,837.0,0.5,881.0,,0.0,,0.0
2023-04-28 14:26:19.75,1682663179750000000,2.0,2.0,1.5,4534.0,253.0,4710.0,2.0,12.0,2.5,62.0,3.0,55.0,3.5,50.0,4.0,50.0,1.5,137.0,1.0,819.0,0.5,881.0,,0.0,,0.0
2023-04-28 14:26:20.0,1682663180000000000,2.0,2.0,1.5,4534.0,253.0,4710.0,2.0,12.0,2.5,62.0,3.0,55.0,3.5,50.0,4.0,50.0,1.5,156.0,1.0,800.0,0.5,881.0,,0.0,,0.0
2023-04-28 14:27:24.75,1682663244750000000,2.0,2.0,1.5,4534.0,253.0,4710.0,2.0,12.0,2.5,62.0,3.0,55.0,3.5,50.0,4.0,50.0,1.5,156.0,1.0,800.0,0.5,881.0,,0.0,,0.0
2023-04-28 14:28:20.75,1682663300750000000,2.0,2.0,1.5,4534.0,253.0,4710.0,2.0,12.0,2.5,80.0,3.0,55.0,3.5,50.0,4.0,50.0,1.5,156.0,1.0,818.0,0.5,881.0,,0.0,,0.0
2023-04-28 14:28:21.0,1682663301000000000,2.0,2.0,1.5,4534.0,253.0,4710.0,2.0,12.0,2.5,62.0,3.0,55.0,3.5,50.0,4.0,50.0,1.5,156.0,1.0,800.0,0.5,881.0,,0.0,,0.0
2023-04-28 14:29:19.25,1682663359250000000,2.0,2.0,1.5,4534.0,253.0,4710.0,2.0,12.0,2.5,80.0,3.0,55.0,3.5,50.0,4.0,50.0,1.5,156.0,1.0,818.0,0.5,881.0,,0.0,,0.0
2023-04-28 14:29:21.5,1682663361500000000,2.0,2.0,1.5,4534.0,253.0,4710.0,2.0,12.0,2.5,62.0,3.0,55.0,3.5,50.0,4.0,50.0,1.5,156.0,1.0,800.0,0.5,881.0,,0.0,,0.0
2023-04-28 14:29:33.0,1682663373000000000,2.0,2.0,1.5,4534.0,253.0,4710.0,2.0,12.0,2.5,62.0,3.0,55.0,3.5,50.0,4.0,50.0,1.5,137.0,1.0,819.0,0.5,881.0,,0.0,,0.0
2023-04-28 14:29:33.25,1682663373250000000,2.0,2.0,1.5,4534.0,253.0,4710.0,2.0,12.0,2.5,62.0,3.0,55.0,3.5,50.0,4.0,50.0,1.5,156.0,1.0,800.0,0.5,881.0,,0.0,,0.0
2023-04-28 14:29:34.75,1682663374750000000,2.0,2.0,1.5,4534.0,253.0,4710.0,2.0,12.0,2.5,62.0,3.0,55.0,3.5,50.0,4.0,50.0,1.5,137.0,1.0,819.0,0.5,881.0,,0.0,,0.0
2023-04-28 14:29:54.25,1682663394250000000,2.0,2.0,1.5,4534.0,253.0,4710.0,2.0,12.0,2.5,80.0,3.0,55.0,3.5,50.0,4.0,50.0,1.5,137.0,1.0,837.0,0.5,881.0,,0.0,,0.0
2023-04-28 14:29:55.0,1682663395000000000,2.0,2.0,1.5,4534.0,253.0,4710.0,2.0,12.0,2.5,62.0,3.0,55.0,3.5,50.0,4.0,50.0,1.5,137.0,1.0,819.0,0.5,881.0,,0.0,,0.0
2023-04-28 14:31:58.0,1682663518000000000,2.0,2.0,1.5,4534.0,253.0,4710.0,2.0,12.0,2.5,62.0,3.0,55.0,3.5,50.0,4.0,50.0,1.5,137.0,1.0,800.0,0.5,881.0,,0.0,,0.0
2023-04-28 14:32:47.25,1682663567250000000,2.0,2.0,1.5,4534.0,253.0,4710.0,2.0,12.0,2.5,80.0,3.0,55.0,3.5,50.0,4.0,50.0,1.5,137.0,1.0,818.0,0.5,881.0,,0.0,,0.0
2023-04-28 14:33:16.5,1682663596500000000,2.0,2.0,1.5,4534.0,253.0,4710.0,2.0,31.0,2.5,80.0,3.0,55.0,3.5,50.0,4.0,50.0,1.5,137.0,1.0,837.0,0.5,881.0,,0.0,,0.0
2023-04-28 14:33:52.0,1682663632000000000,2.0,2.0,1.5,4534.0,253.0,4710.0,2.0,12.0,2.5,80.0,3.0,55.0,3.5,50.0,4.0,50.0,1.5,137.0,1.0,818.0,0.5,881.0,,0.0,,0.0
2023-04-28 14:33:55.75,1682663635750000000,2.0,1.5,1.5,4534.0,289.0,5250.0,2.0,12.0,2.5,80.0,3.0,55.0,3.5,50.0,4.0,50.0,1.5,101.0,1.0,818.0,0.5,881.0,,0.0,,0.0
2023-04-28 14:35:39.75,1682663739750000000,2.0,1.5,1.5,4534.0,289.0,5250.0,2.0,12.0,2.5,62.0,3.0,55.0,3.5,50.0,4.0,50.0,1.5,101.0,1.0,800.0,0.5,881.0,,0.0,,0.0
2023-04-28 14:36:01.75,1682663761750000000,2.0,1.5,1.5,4534.0,289.0,5250.0,2.0,12.0,2.5,80.0,3.0,55.0,3.5,50.0,4.0,50.0,1.5,101.0,1.0,818.0,0.5,881.0,,0.0,,0.0
2023-04-28 14:36:03.75,1682663763750000000,2.0,1.5,1.5,4534.0,289.0,5250.0,2.0,12.0,2.5,62.0,3.0,55.0,3.5,50.0,4.0,50.0,1.5,101.0,1.0,800.0,0.5,881.0,,0.0,,0.0
2023-04-28 14:37:21.5,1682663841500000000,2.0,1.5,1.5,4534.0,289.0,5250.0,2.0,12.0,2.5,80.0,3.0,55.0,3.5,50.0,4.0,50.0,1.5,101.0,1.0,818.0,0.5,881.0,,0.0,,0.0
2023-04-28 14:37:22.5,1682663842500000000,2.0,1.5,1.5,4534.0,289.0,5250.0,2.0,12.0,2.5,62.0,3.0,55.0,3.5,50.0,4.0,50.0,1.5,101.0,1.0,800.0,0.5,881.0,,0.0,,0.0
2023-04-28 14:38:08.25,1682663888250000000,2.0,1.5,1.5,4534.0,289.0,5250.0,2.0,12.0,2.5,80.0,3.0,55.0,3.5,50.0,4.0,50.0,1.5,101.0,1.0,818.0,0.5,881.0,,0.0,,0.0
2023-04-28 14:38:10.75,1682663890750000000,2.0,1.5,1.5,4534.0,289.0,5250.0,2.0,12.0,2.5,62.0,3.0,55.0,3.5,50.0,4.0,50.0,1.5,101.0,1.0,800.0,0.5,881.0,,0.0,,0.0
2023-04-28 14:38:15.5,1682663895500000000,2.0,1.5,1.5,4534.0,289.0,5250.0,2.0,12.0,2.5,80.0,3.0,55.0,3.5,50.0,4.0,50.0,1.5,101.0,1.0,818.0,0.5,881.0,,0.0,,0.0
2023-04-28 14:39:59.25,1682663999250000000,2.0,1.5,1.5,4534.0,289.0,5250.0,2.0,12.0,2.5,62.0,3.0,55.0,3.5,50.0,4.0,50.0,1.5,101.0,1.0,800.0,0.5,881.0,,0.0,,0.0
2023-04-28 14:41:01.75,1682664061750000000,2.0,1.5,1.5,4534.0,289.0,5250.0,2.0,12.0,2.5,80.0,3.0,55.0,3.5,50.0,4.0,50.0,1.5,101.0,1.0,818.0,0.5,881.0,,0.0,,0.0
2023-04-28 14:41:02.5,1682664062500000000,2.0,1.5,1.5,4534.0,289.0,5250.0,2.0,12.0,2.5,62.0,3.0,55.0,3.5,50.0,4.0,50.0,1.5,101.0,1.0,800.0,0.5,881.0,,0.0,,0.0
2023-04-28 14:41:20.75,1682664080750000000,2.0,1.5,1.5,4534.0,289.0,5250.0,2.0,12.0,2.5,80.0,3.0,55.0,3.5,50.0,4.0,50.0,1.5,101.0,1.0,818.0,0.5,881.0,,0.0,,0.0
2023-04-28 14:48:30.5,1682664510500000000,2.0,1.5,1.5,4534.0,289.0,5250.0,2.0,12.0,2.5,62.0,3.0,55.0,3.5,50.0,4.0,50.0,1.5,101.0,1.0,800.0,0.5,881.0,,0.0,,0.0
2023-04-28 14:48:39.0,1682664519000000000,2.0,1.5,1.5,4534.0,289.0,5250.0,2.0,12.0,2.5,80.0,3.0,55.0,3.5,50.0,4.0,50.0,1.5,101.0,1.0,818.0,0.5,881.0,,0.0,,0.0
2023-04-28 14:50:56.75,1682664656750000000,2.0,2.0,1.5,4535.0,290.0,5270.0,2.0,11.0,2.5,80.0,3.0,55.0,3.5,50.0,4.0,50.0,1.5,101.0,1.0,818.0,0.5,881.0,,0.0,,0.0
2023-04-28 14:50:58.25,1682664658250000000,2.0,2.0,1.5,4536.0,291.0,5290.0,2.0,10.0,2.5,80.0,3.0,55.0,3.5,50.0,4.0,50.0,1.5,101.0,1.0,818.0,0.5,881.0,,0.0,,0.0
2023-04-28 14:50:59.75,1682664659750000000,2.0,2.0,1.5,4536.0,292.0,5310.0,2.5,80.0,3.0,55.0,3.5,50.0,4.0,50.0,5.0,35.0,1.5,91.0,1.0,818.0,0.5,881.0,,0.0,,0.0
2023-04-28 14:51:01.75,1682664661750000000,2.0,2.0,1.5,4536.0,292.0,5310.0,2.5,80.0,3.0,55.0,3.5,50.0,4.0,50.0,5.0,35.0,2.0,1.0,1.5,91.0,1.0,818.0,0.5,881.0,,0.0
2023-04-28 14:51:02.0,1682664662000000000,2.0,2.0,1.5,4536.0,293.0,5330.0,2.5,80.0,3.0,55.0,3.5,50.0,4.0,50.0,5.0,35.0,1.5,91.0,1.0,818.0,0.5,881.0,,0.0,,0.0
2023-04-28 14:51:03.25,1682664663250000000,2.0,2.0,1.5,4536.0,293.0,5330.0,2.5,80.0,3.0,55.0,3.5,50.0,4.0,50.0,5.0,35.0,2.0,1.0,1.5,91.0,1.0,818.0,0.5,881.0,,0.0
2023-04-28 14:51:03.5,1682664663500000000,2.0,2.0,1.5,4537.0,294.0,5350.0,2.5,80.0,3.0,55.0,3.5,50.0,4.0,50.0,5.0,35.0,1.5,91.0,1.0,818.0,0.5,881.0,,0.0,,0.0
2023-04-28 14:51:05.25,1682664665250000000,2.0,2.0,1.5,4537.0,294.0,5350.0,2.5,90.0,3.0,55.0,3.5,50.0,4.0,50.0,5.0,35.0,1.5,101.0,1.0,818.0,0.5,881.0,,0.0,,0.0
2023-04-28 14:51:07.5,1682664667500000000,2.0,2.0,1.5,4537.0,294.0,5350.0,2.5,90.0,3.0,55.0,3.5,50.0,4.0,50.0,5.0,35.0,2.0,1.0,1.5,101.0,1.0,818.0,0.5,881.0,,0.0
2023-04-28 14:51:07.75,1682664667750000000,2.0,2.0,1.5,4537.0,295.0,5370.0,2.5,90.0,3.0,55.0,3.5,50.0,4.0,50.0,5.0,35.0,2.0,10.0,1.5,91.0,1.0,818.0,0.5,881.0,,0.0
2023-04-28 14:51:08.0,1682664668000000000,2.0,2.0,1.5,4537.0,305.0,5570.0,2.5,80.0,3.0,55.0,3.5,50.0,4.0,50.0,5.0,35.0,1.5,91.0,1.0,818.0,0.5,881.0,,0.0,,0.0
2023-04-28 14:51:11.0,1682664671000000000,2.0,2.0,1.5,4537.0,305.0,5570.0,2.5,80.0,3.0,55.0,3.5,50.0,4.0,50.0,5.0,35.0,2.0,1.0,1.5,91.0,1.0,818.0,0.5,881.0,,0.0
2023-04-28 14:51:11.25,1682664671250000000,2.0,2.0,1.5,4537.0,306.0,5590.0,2.5,80.0,3.0,55.0,3.5,50.0,4.0,50.0,5.0,35.0,1.5,91.0,1.0,818.0,0.5,881.0,,0.0,,0.0
2023-04-28 14:51:12.75,1682664672750000000,2.0,2.0,1.5,4537.0,306.0,5590.0,2.5,80.0,3.0,55.0,3.5,50.0,4.0,50.0,5.0,35.0,2.0,1.0,1.5,91.0,1.0,818.0,0.5,881.0,,0.0
2023-04-28 14:51:13.0,1682664673000000000,2.0,2.0,1.5,4537.0,307.0,5610.0,2.5,80.0,3.0,55.0,3.5,50.0,4.0,50.0,5.0,35.0,1.5,91.0,1.0,818.0,0.5,881.0,,0.0,,0.0
2023-04-28 14:51:13.25,1682664673250000000,2.0,2.0,1.5,4537.0,307.0,5610.0,2.5,90.0,3.0,55.0,3.5,50.0,4.0,50.0,5.0,35.0,1.5,101.0,1.0,818.0,0.5,881.0,,0.0,,0.0
2023-04-28 14:51:14.75,1682664674750000000,2.0,2.0,1.5,4537.0,307.0,5610.0,2.5,90.0,3.0,55.0,3.5,50.0,4.0,50.0,5.0,35.0,2.0,1.0,1.5,101.0,1.0,818.0,0.5,881.0,,0.0
2023-04-28 14:51:15.0,1682664675000000000,2.0,2.0,1.5,4538.0,308.0,5630.0,2.5,90.0,3.0,55.0,3.5,50.0,4.0,50.0,5.0,35.0,1.5,101.0,1.0,818.0,0.5,881.0,,0.0,,0.0
2023-04-28 14:51:17.0,1682664677000000000,2.0,2.0,1.5,4538.0,308.0,5630.0,2.5,90.0,3.0,55.0,3.5,50.0,4.0,50.0,5.0,35.0,2.0,11.0,1.5,91.0,1.0,818.0,0.5,881.0,,0.0
2023-04-28 14:51:18.75,1682664678750000000,2.0,2.0,1.5,4538.0,308.0,5630.0,2.5,90.0,3.0,55.0,3.5,50.0,4.0,50.0,5.0,35.0,2.0,12.0,1.5,91.0,1.0,818.0,0.5,881.0,,0.0
2023-04-28 14:51:20.25,1682664680250000000,2.0,2.0,1.5,4538.0,308.0,5630.0,2.5,90.0,3.0,55.0,3.5,50.0,4.0,50.0,5.0,35.0,2.0,13.0,1.5,91.0,1.0,818.0,0.5,881.0,,0.0
2023-04-28 14:51:33.0,1682664693000000000,2.0,2.0,1.5,4538.0,308.0,5630.0,2.5,72.0,3.0,73.0,3.5,50.0,4.0,50.0,5.0,35.0,2.0,13.0,1.5,109.0,1.0,800.0,0.5,881.0,,0.0
2023-04-28 14:51:47.5,1682664707500000000,2.0,2.0,1.5,4541.0,321.0,5890.0,2.5,62.0,3.0,73.0,3.5,50.0,4.0,50.0,5.0,35.0,1.5,109.0,1.0,800.0,0.5,881.0,,0.0,,0.0
2023-04-28 14:51:52.75,1682664712750000000,2.0,2.0,1.5,4541.0,321.0,5890.0,2.5,72.0,3.0,73.0,3.5,50.0,4.0,50.0,5.0,35.0,1.5,119.0,1.0,800.0,0.5,881.0,,0.0,,0.0
2023-04-28 14:51:54.75,1682664714750000000,2.0,2.0,1.5,4541.0,321.0,5890.0,2.0,5.0,2.5,72.0,3.0,73.0,3.5,50.0,4.0,50.0,1.5,119.0,1.0,800.0,0.5,881.0,,0.0,,0.0
2023-04-28 14:51:55.25,1682664715250000000,2.0,2.0,1.5,4541.0,321.0,5890.0,2.0,15.0,2.5,62.0,3.0,73.0,3.5,50.0,4.0,50.0,1.5,119.0,1.0,800.0,0.5,881.0,,0.0,,0.0
2023-04-28 14:51:55.5,1682664715500000000,2.0,2.0,1.5,4541.0,321.0,5890.0,2.0,15.0,2.5,80.0,3.0,55.0,3.5,50.0,4.0,50.0,1.5,101.0,1.0,818.0,0.5,881.0,,0.0,,0.0
2023-04-28 14:52:05.5,1682664725500000000,2.0,2.0,1.5,4541.0,321.0,5890.0,2.0,10.0,2.5,80.0,3.0,55.0,3.5,50.0,4.0,50.0,1.5,101.0,1.0,818.0,0.5,881.0,,0.0,,0.0
2023-04-28 14:53:47.75,1682664827750000000,2.0,2.0,1.5,4541.0,321.0,5890.0,2.0,10.0,2.5,62.0,3.0,55.0,3.5,50.0,4.0,50.0,1.5,101.0,1.0,800.0,0.5,881.0,,0.0,,0.0
2023-04-28 14:53:57.0,1682664837000000000,2.0,2.0,1.5,4541.0,321.0,5890.0,2.0,10.0,2.5,80.0,3.0,55.0,3.5,50.0,4.0,50.0,1.5,101.0,1.0,818.0,0.5,881.0,,0.0,,0.0
2023-04-28 14:54:44.75,1682664884750000000,2.0,2.0,1.5,4541.0,321.0,5890.0,2.0,25.0,2.5,80.0,3.0,55.0,3.5,50.0,4.0,50.0,1.5,101.0,1.0,818.0,0.5,881.0,,0.0,,0.0
2023-04-28 14:55:50.25,1682664950250000000,2.0,2.0,1.5,4541.0,321.0,5890.0,2.0,40.0,2.5,80.0,3.0,55.0,3.5,50.0,4.0,50.0,1.5,101.0,1.0,818.0,0.5,881.0,,0.0,,0.0
2023-04-28 14:56:32.0,1682664992000000000,2.0,2.0,1.5,4541.0,321.0,5890.0,2.0,40.0,2.5,70.0,3.0,55.0,3.5,50.0,4.0,50.0,1.5,91.0,1.0,818.0,0.5,881.0,,0.0,,0.0
2023-04-28 14:58:38.5,1682665118500000000,2.0,2.0,1.5,4541.0,321.0,5890.0,2.0,30.0,2.5,70.0,3.0,55.0,3.5,50.0,4.0,50.0,1.5,81.0,1.0,818.0,0.5,881.0,,0.0,,0.0
2023-04-28 14:59:04.0,1682665144000000000,2.0,2.0,1.5,4541.0,321.0,5890.0,2.0,30.0,2.5,52.0,3.0,55.0,3.5,50.0,4.0,50.0,1.5,81.0,1.0,800.0,0.5,881.0,,0.0,,0.0
2023-04-28 14:59:11.0,1682665151000000000,2.0,2.0,1.5,4541.0,321.0,5890.0,2.0,30.0,2.5,70.0,3.0,55.0,3.5,50.0,4.0,50.0,1.5,81.0,1.0,818.0,0.5,881.0,,0.0,,0.0
2023-04-28 14:59:19.25,1682665159250000000,2.0,2.0,1.5,4541.0,321.0,5890.0,2.0,30.0,2.5,52.0,3.0,55.0,3.5,50.0,4.0,50.0,1.5,81.0,1.0,800.0,0.5,881.0,,0.0,,0.0
2023-04-28 14:59:21.25,1682665161250000000,2.0,2.0,1.5,4541.0,321.0,5890.0,2.0,30.0,2.5,52.0,3.0,55.0,3.5,50.0,4.0,50.0,1.5,81.0,1.0,700.0,0.5,681.0,,0.0,,0.0
