datetime,datetime_nano,highest,last_price,lowest,open_interest,volume,amount,ask_price1,ask_volume1,ask_price2,ask_volume2,ask_price3,ask_volume3,ask_price4,ask_volume4,ask_price5,ask_volume5,bid_price1,bid_volume1,bid_price2,bid_volume2,bid_price3,bid_volume3,bid_price4,bid_volume4,bid_price5,bid_volume5
2023-04-27 20:55:51.5,1682600151500000000,,,,14200.0,0.0,0.0,,0.0,,0.0,,0.0,,0.0,,0.0,,0.0,,0.0,,0.0,,0.0,,0.0
2023-04-27 20:59:00.0,1682600340000000000,,,,14200.0,0.0,0.0,8.0,1.0,8.5,54.0,13.5,1.0,30.0,2.0,,0.0,7.0,1.0,6.5,1.0,6.0,1.0,4.5,30.0,2.5,225.0
2023-04-27 21:00:00.25,1682600400250000000,7.0,7.0,7.0,14200.0,1.0,70.0,8.0,21.0,8.5,54.0,10.5,24.0,13.5,1.0,30.0,2.0,6.5,1.0,6.0,1.0,4.5,30.0,3.0,24.0,2.5,225.0
2023-04-27 21:00:01.5,1682600401500000000,7.0,6.5,6.5,14201.0,2.0,135.0,8.0,21.0,8.5,54.0,10.5,24.0,13.5,1.0,30.0,2.0,6.0,1.0,4.5,30.0,3.0,24.0,2.5,225.0,2.0,6.0
2023-04-27 21:00:01.75,1682600401750000000,7.0,6.5,6.5,14201.0,2.0,135.0,6.5,20.0,8.0,21.0,8.5,54.0,10.5,24.0,13.5,1.0,6.0,1.0,4.5,30.0,3.0,24.0,2.5,225.0,2.0,6.0
2023-04-27 21:00:02.5,1682600402500000000,7.0,6.0,6.0,14202.0,3.0,195.0,6.5,20.0,8.0,21.0,8.5,54.0,10.5,24.0,13.5,1.0,4.5,30.0,3.0,24.0,2.5,225.0,2.0,6.0,1.5,21.0
2023-04-27 21:00:03.25,1682600403250000000,7.0,6.0,6.0,14202.0,3.0,195.0,6.5,20.0,7.0,1.0,8.0,21.0,8.5,54.0,10.5,24.0,4.5,30.0,3.0,24.0,2.5,225.0,2.0,6.0,1.5,21.0
2023-04-27 21:00:04.5,1682600404500000000,7.0,6.0,6.0,14202.0,3.0,195.0,6.0,30.0,6.5,20.0,7.0,1.0,8.0,21.0,8.5,54.0,4.5,30.0,3.0,24.0,2.5,225.0,2.0,6.0,1.5,21.0
2023-04-27 21:00:04.75,1682600404750000000,7.0,6.0,6.0,14202.0,3.0,195.0,6.5,20.0,7.0,1.0,8.0,21.0,8.5,54.0,10.5,24.0,4.5,30.0,3.0,24.0,2.5,225.0,2.0,6.0,1.5,21.0
2023-04-27 21:00:05.0,1682600405000000000,7.0,6.0,6.0,14202.0,3.0,195.0,6.0,30.0,6.5,20.0,7.0,1.0,8.0,21.0,8.5,54.0,4.5,30.0,3.0,24.0,2.5,225.0,2.0,6.0,1.5,21.0
2023-04-27 21:00:05.25,1682600405250000000,7.0,6.0,6.0,14202.0,3.0,195.0,6.5,20.0,7.0,1.0,8.0,21.0,8.5,54.0,10.5,24.0,4.5,30.0,3.0,24.0,2.5,225.0,2.0,6.0,1.5,21.0
2023-04-27 21:00:08.5,1682600408500000000,7.0,6.0,6.0,14202.0,3.0,195.0,6.5,20.0,7.0,19.0,8.0,21.0,8.5,54.0,10.5,24.0,5.5,18.0,4.5,30.0,3.0,24.0,2.5,225.0,2.0,6.0
2023-04-27 21:00:08.75,1682600408750000000,7.0,6.0,6.0,14202.0,3.0,195.0,6.0,30.0,6.5,20.0,7.0,19.0,8.0,21.0,8.5,54.0,5.5,18.0,4.5,30.0,3.0,24.0,2.5,225.0,2.0,6.0
2023-04-27 21:00:09.0,1682600409000000000,7.0,5.5,5.5,14208.0,9.0,525.0,6.0,30.0,6.5,38.0,7.0,1.0,8.0,21.0,8.5,54.0,5.5,18.0,4.5,30.0,3.0,24.0,2.5,225.0,2.0,6.0
2023-04-27 21:00:09.25,1682600409250000000,7.0,5.5,5.5,14220.0,21.0,1185.0,5.5,3.0,6.5,20.0,7.0,1.0,8.0,21.0,8.5,54.0,4.5,30.0,3.0,24.0,2.5,225.0,2.0,6.0,1.5,21.0
2023-04-27 21:00:09.5,1682600409500000000,7.0,5.5,5.5,14220.0,24.0,1350.0,6.5,20.0,7.0,1.0,8.0,21.0,8.5,54.0,10.5,24.0,4.5,30.0,3.0,24.0,2.5,225.0,2.0,6.0,1.5,21.0
2023-04-27 21:00:10.25,1682600410250000000,7.0,5.5,5.5,14220.0,24.0,1350.0,6.5,20.0,7.0,1.0,8.0,21.0,8.5,54.0,10.0,16.0,4.5,30.0,2.5,225.0,2.0,6.0,1.5,37.0,,0.0
2023-04-27 21:00:13.25,1682600413250000000,7.0,5.5,5.5,14220.0,24.0,1350.0,6.5,20.0,7.0,1.0,8.0,21.0,8.5,54.0,10.0,16.0,4.5,90.0,2.5,225.0,2.0,6.0,1.5,37.0,,0.0
2023-04-27 21:00:14.5,1682600414500000000,7.0,4.5,4.5,14220.0,25.0,1395.0,6.5,20.0,8.0,21.0,8.5,54.0,10.0,16.0,13.5,1.0,4.5,89.0,2.5,225.0,2.0,6.0,1.5,37.0,,0.0
2023-04-27 21:00:14.75,1682600414750000000,7.0,4.5,4.5,14220.0,25.0,1395.0,6.5,20.0,8.0,21.0,8.5,54.0,10.0,16.0,13.5,1.0,4.5,91.0,2.5,225.0,2.0,6.0,1.5,37.0,,0.0
2023-04-27 21:00:20.75,1682600420750000000,7.0,4.5,4.5,14220.0,25.0,1395.0,6.5,20.0,8.0,21.0,8.5,54.0,10.0,16.0,13.5,1.0,4.5,91.0,4.0,16.0,2.5,225.0,2.0,6.0,1.5,21.0
2023-04-27 21:00:24.0,1682600424000000000,7.0,4.5,4.5,14220.0,25.0,1395.0,6.5,20.0,8.0,39.0,8.5,54.0,10.0,16.0,13.5,1.0,5.5,18.0,4.5,91.0,4.0,16.0,2.5,225.0,2.0,6.0
2023-04-27 21:00:26.25,1682600426250000000,7.0,4.5,4.5,14220.0,25.0,1395.0,6.5,20.0,8.0,21.0,8.5,54.0,10.0,16.0,13.5,1.0,4.5,96.0,4.0,16.0,2.5,225.0,2.0,6.0,1.5,21.0
2023-04-27 21:00:26.5,1682600426500000000,7.0,4.5,4.5,14220.0,25.0,1395.0,6.5,20.0,8.0,39.0,8.5,54.0,10.0,16.0,13.5,1.0,5.0,18.0,4.5,96.0,4.0,16.0,2.5,225.0,2.0,6.0
2023-04-27 21:00:28.25,1682600428250000000,7.0,4.5,4.5,14220.0,25.0,1395.0,6.5,20.0,8.0,21.0,8.5,54.0,10.0,16.0,13.5,1.0,4.5,96.0,4.0,16.0,2.5,225.0,2.0,6.0,1.5,21.0
2023-04-27 21:00:28.75,1682600428750000000,7.0,4.5,4.5,14220.0,25.0,1395.0,6.0,1.0,6.5,20.0,8.0,21.0,8.5,54.0,10.0,16.0,4.5,96.0,4.0,16.0,2.5,225.0,2.0,6.0,1.5,21.0
2023-04-27 21:00:29.0,1682600429000000000,7.0,6.0,4.5,14220.0,26.0,1455.0,6.5,20.0,8.0,21.0,8.5,54.0,10.0,16.0,13.5,1.0,4.5,96.0,4.0,16.0,2.5,225.0,2.0,6.0,1.5,21.0
2023-04-27 21:00:30.25,1682600430250000000,7.0,6.0,4.5,14220.0,26.0,1455.0,6.5,20.0,8.0,21.0,8.5,70.0,13.5,1.0,30.0,2.0,5.0,16.0,4.5,96.0,2.5,225.0,2.0,6.0,1.5,21.0
2023-04-27 21:00:30.5,1682600430500000000,7.0,6.0,4.5,14220.0,26.0,1455.0,6.5,20.0,8.0,21.0,8.5,70.0,13.5,1.0,27.0,20.0,5.5,1.0,5.0,16.0,4.5,96.0,2.5,225.0,2.0,6.0
2023-04-27 21:00:32.25,1682600432250000000,7.0,6.0,4.5,14220.0,26.0,1455.0,6.5,20.0,8.0,21.0,8.5,70.0,13.5,1.0,27.0,20.0,5.5,1.0,5.0,16.0,4.5,94.0,2.5,225.0,2.0,6.0
2023-04-27 21:00:37.0,1682600437000000000,7.0,6.0,4.5,14220.0,26.0,1455.0,6.5,20.0,8.0,21.0,8.5,70.0,13.5,1.0,27.0,20.0,5.5,2.0,5.0,16.0,4.5,94.0,2.5,225.0,2.0,6.0
2023-04-27 21:00:40.25,1682600440250000000,7.0,6.0,4.5,14220.0,26.0,1455.0,6.5,20.0,8.0,21.0,8.5,70.0,13.5,1.0,27.0,20.0,6.0,1.0,5.5,2.0,5.0,16.0,4.5,94.0,2.5,225.0
2023-04-27 21:00:45.75,1682600445750000000,7.0,6.5,4.5,14220.0,36.0,2105.0,6.5,10.0,8.0,21.0,8.5,70.0,13.5,1.0,27.0,20.0,6.0,1.0,5.5,2.0,5.0,16.0,4.5,94.0,2.5,225.0
2023-04-27 21:00:50.5,1682600450500000000,7.0,6.5,4.5,14220.0,36.0,2105.0,6.5,10.0,8.0,21.0,8.5,70.0,13.5,1.0,27.0,20.0,6.0,1.0,5.5,2.0,5.0,16.0,4.5,120.0,2.5,225.0
2023-04-27 21:00:56.75,1682600456750000000,7.0,6.5,4.5,14220.0,46.0,2755.0,8.0,21.0,8.5,70.0,13.5,1.0,27.0,20.0,30.0,2.0,6.0,1.0,5.5,2.0,5.0,16.0,4.5,120.0,2.5,225.0
2023-04-27 21:00:58.0,1682600458000000000,7.0,6.5,4.5,14220.0,46.0,2755.0,8.0,21.0,8.5,70.0,13.5,1.0,27.0,20.0,30.0,2.0,6.0,1.0,5.5,2.0,5.0,116.0,4.5,120.0,2.5,225.0
2023-04-27 21:01:01.0,1682600461000000000,7.0,6.0,4.5,14221.0,47.0,2815.0,8.0,21.0,8.5,70.0,13.5,1.0,27.0,20.0,30.0,2.0,5.5,2.0,5.0,116.0,4.5,120.0,2.5,225.0,2.0,6.0
2023-04-27 21:01:01.25,1682600461250000000,7.0,6.0,4.5,14221.0,47.0,2815.0,8.0,20.0,8.5,70.0,13.5,1.0,27.0,20.0,30.0,2.0,5.5,2.0,5.0,116.0,4.5,120.0,2.5,225.0,2.0,6.0
2023-04-27 21:01:02.25,1682600462250000000,7.0,6.0,4.5,14221.0,47.0,2815.0,8.0,20.0,8.5,70.0,13.5,1.0,27.0,20.0,30.0,2.0,5.5,2.0,5.0,216.0,4.5,120.0,2.5,225.0,2.0,6.0
2023-04-27 21:01:05.5,1682600465500000000,7.0,6.0,4.5,14221.0,47.0,2815.0,7.5,9.0,8.0,20.0,8.5,70.0,13.5,1.0,27.0,20.0,6.0,9.0,5.5,2.0,5.0,216.0,4.5,120.0,2.5,225.0
2023-04-27 21:01:08.0,1682600468000000000,7.0,6.0,4.5,14221.0,47.0,2815.0,7.5,9.0,8.0,20.0,8.5,88.0,13.5,1.0,27.0,20.0,6.0,9.0,5.5,20.0,5.0,216.0,4.5,120.0,2.5,225.0
2023-04-27 21:01:08.75,1682600468750000000,7.0,6.0,4.5,14221.0,47.0,2815.0,7.0,30.0,7.5,9.0,8.0,20.0,8.5,88.0,13.5,1.0,6.0,9.0,5.5,20.0,5.0,216.0,4.5,120.0,2.5,225.0
2023-04-27 21:01:09.0,1682600469000000000,7.0,6.0,4.5,14227.0,53.0,3175.0,7.0,30.0,7.5,27.0,8.0,20.0,8.5,70.0,13.5,1.0,6.0,3.0,5.5,20.0,5.0,216.0,4.5,120.0,2.5,225.0
2023-04-27 21:01:09.25,1682600469250000000,7.0,5.5,4.5,14233.0,59.0,3520.0,7.5,27.0,8.0,20.0,8.5,70.0,13.5,1.0,27.0,20.0,5.5,26.0,5.0,216.0,4.5,120.0,2.5,225.0,2.0,6.0
2023-04-27 21:01:09.5,1682600469500000000,7.0,5.5,4.5,14234.0,60.0,3575.0,7.0,30.0,7.5,9.0,8.0,20.0,8.5,70.0,13.5,1.0,6.0,8.0,5.5,45.0,5.0,216.0,4.5,120.0,2.5,225.0
2023-04-27 21:01:09.75,1682600469750000000,7.0,5.5,4.5,14240.0,66.0,3905.0,7.0,9.0,7.5,9.0,8.0,20.0,8.5,70.0,13.5,1.0,6.0,2.0,5.5,45.0,5.0,216.0,4.5,120.0,2.5,225.0
2023-04-27 21:01:10.75,1682600470750000000,7.0,5.5,4.5,14240.0,66.0,3905.0,7.0,9.0,7.5,9.0,8.0,20.0,8.5,70.0,13.5,1.0,6.0,2.0,5.5,45.0,5.0,216.0,4.5,120.0,4.0,100.0
2023-04-27 21:01:12.25,1682600472250000000,7.0,5.5,4.5,14240.0,66.0,3905.0,7.0,9.0,7.5,9.0,8.0,20.0,8.5,70.0,13.5,1.0,5.5,45.0,5.0,216.0,4.5,120.0,4.0,100.0,2.5,225.0
2023-04-27 21:01:14.25,1682600474250000000,7.0,5.5,4.5,14240.0,66.0,3905.0,7.0,9.0,7.5,9.0,8.0,20.0,8.5,70.0,13.5,1.0,5.5,45.0,5.0,216.0,4.5,120.0,4.0,200.0,2.5,225.0
2023-04-27 21:01:15.5,1682600475500000000,7.0,5.5,4.5,14240.0,66.0,3905.0,7.0,9.0,7.5,16.0,8.0,20.0,8.5,70.0,13.5,1.0,5.5,45.0,5.0,216.0,4.5,120.0,4.0,200.0,2.5,225.0
2023-04-27 21:01:17.75,1682600477750000000,7.0,5.5,4.5,14240.0,66.0,3905.0,6.5,1.0,7.0,9.0,7.5,16.0,8.0,20.0,8.5,70.0,5.5,45.0,5.0,216.0,4.5,120.0,4.0,200.0,2.5,225.0
2023-04-27 21:01:19.25,1682600479250000000,7.0,5.5,4.5,14240.0,66.0,3905.0,6.5,10.0,7.0,9.0,7.5,7.0,8.0,20.0,8.5,70.0,5.5,45.0,5.0,216.0,4.5,120.0,4.0,200.0,2.5,225.0
2023-04-27 21:01:22.25,1682600482250000000,7.0,5.5,4.5,14240.0,66.0,3905.0,6.5,10.0,7.0,9.0,7.5,7.0,8.0,20.0,8.5,70.0,5.5,9.0,5.0,216.0,4.5,120.0,4.0,200.0,2.5,225.0
2023-04-27 21:01:26.75,1682600486750000000,7.0,6.5,4.5,14240.0,76.0,4555.0,7.0,9.0,7.5,7.0,8.0,20.0,8.5,70.0,13.5,1.0,5.5,9.0,5.0,216.0,4.5,120.0,4.0,200.0,2.5,225.0
2023-04-27 21:01:34.25,1682600494250000000,7.0,6.5,4.5,14240.0,76.0,4555.0,6.5,18.0,7.0,9.0,7.5,7.0,8.0,20.0,8.5,70.0,5.5,27.0,5.0,216.0,4.5,120.0,4.0,200.0,2.5,225.0
2023-04-27 21:01:34.5,1682600494500000000,7.0,6.5,4.5,14240.0,76.0,4555.0,7.0,9.0,7.5,7.0,8.0,20.0,8.5,70.0,13.5,1.0,5.5,9.0,5.0,216.0,4.5,120.0,4.0,200.0,2.5,225.0
2023-04-27 21:01:38.25,1682600498250000000,7.0,6.5,4.5,14240.0,76.0,4555.0,7.0,9.0,7.5,7.0,8.0,20.0,8.5,70.0,13.5,1.0,5.5,69.0,5.0,216.0,4.5,60.0,4.0,200.0,2.5,225.0
2023-04-27 21:01:38.5,1682600498500000000,7.0,6.5,4.5,14240.0,76.0,4555.0,7.0,9.0,7.5,7.0,8.0,20.0,8.5,70.0,13.5,1.0,6.0,11.0,5.5,69.0,5.0,216.0,4.5,60.0,4.0,200.0
2023-04-27 21:01:39.5,1682600499500000000,7.0,6.5,4.5,14240.0,76.0,4555.0,7.0,9.0,7.5,7.0,8.0,20.0,8.5,70.0,13.5,1.0,6.0,11.0,5.5,69.0,5.0,216.0,4.5,34.0,4.0,200.0
2023-04-27 21:01:44.0,1682600504000000000,7.0,6.5,4.5,14240.0,76.0,4555.0,7.0,9.0,7.5,7.0,8.0,20.0,8.5,70.0,13.5,1.0,6.0,12.0,5.5,69.0,5.0,216.0,4.5,34.0,4.0,200.0
2023-04-27 21:01:46.5,1682600506500000000,7.0,6.5,4.5,14240.0,76.0,4555.0,7.5,16.0,8.0,20.0,8.5,70.0,13.5,1.0,27.0,20.0,6.5,9.0,6.0,12.0,5.5,60.0,5.0,216.0,4.5,34.0
2023-04-27 21:01:49.0,1682600509000000000,7.0,6.5,4.5,14240.0,76.0,4555.0,7.0,30.0,7.5,16.0,8.0,20.0,8.5,70.0,13.5,1.0,6.5,9.0,6.0,12.0,5.5,60.0,5.0,216.0,4.5,34.0
2023-04-27 21:01:49.25,1682600509250000000,7.0,6.5,4.5,14246.0,82.0,4945.0,7.0,30.0,7.5,16.0,8.0,20.0,8.5,70.0,13.5,1.0,6.5,3.0,6.0,12.0,5.5,60.0,5.0,216.0,4.5,34.0
2023-04-27 21:01:49.5,1682600509500000000,7.0,6.5,4.5,14249.0,85.0,5140.0,7.0,30.0,7.5,16.0,8.0,20.0,8.5,70.0,13.5,1.0,6.0,12.0,5.5,60.0,5.0,216.0,4.5,34.0,4.0,200.0
2023-04-27 21:01:49.75,1682600509750000000,7.0,6.5,4.5,14249.0,85.0,5140.0,7.5,16.0,8.0,20.0,8.5,70.0,13.5,1.0,27.0,20.0,6.0,12.0,5.5,60.0,5.0,216.0,4.5,34.0,4.0,200.0
2023-04-27 21:01:51.5,1682600511500000000,7.0,6.5,4.5,14249.0,85.0,5140.0,7.5,16.0,8.0,20.0,8.5,70.0,13.5,1.0,27.0,20.0,6.5,9.0,6.0,12.0,5.5,60.0,5.0,216.0,4.5,34.0
2023-04-27 21:01:51.75,1682600511750000000,7.0,6.5,4.5,14249.0,85.0,5140.0,7.5,16.0,8.0,20.0,8.5,70.0,13.5,1.0,27.0,20.0,6.5,9.0,6.0,13.0,5.5,60.0,5.0,216.0,4.5,34.0
2023-04-27 21:01:56.25,1682600516250000000,7.0,6.5,4.5,14249.0,85.0,5140.0,7.5,46.0,8.0,20.0,8.5,70.0,13.5,1.0,27.0,20.0,6.5,9.0,6.0,13.0,5.5,60.0,5.0,216.0,4.5,34.0
2023-04-27 21:01:56.5,1682600516500000000,7.0,6.5,4.5,14255.0,91.0,5530.0,7.5,16.0,8.0,20.0,8.5,70.0,13.5,1.0,27.0,20.0,6.5,3.0,6.0,13.0,5.5,60.0,5.0,216.0,4.5,34.0
2023-04-27 21:01:56.75,1682600516750000000,7.0,6.5,4.5,14255.0,91.0,5530.0,7.5,16.0,8.0,50.0,8.5,70.0,13.5,1.0,27.0,20.0,6.5,3.0,6.0,13.0,5.5,60.0,5.0,216.0,4.5,34.0
2023-04-27 21:01:57.0,1682600517000000000,7.0,6.5,4.5,14258.0,94.0,5725.0,7.5,16.0,8.0,50.0,8.5,70.0,13.5,1.0,27.0,20.0,6.0,13.0,5.5,60.0,5.0,216.0,4.5,34.0,4.0,200.0
2023-04-27 21:01:57.25,1682600517250000000,7.0,6.5,4.5,14258.0,94.0,5725.0,7.5,16.0,8.0,20.0,8.5,70.0,13.5,1.0,27.0,20.0,6.0,13.0,5.5,60.0,5.0,216.0,4.5,34.0,4.0,200.0
2023-04-27 21:02:03.0,1682600523000000000,7.0,6.5,4.5,14258.0,94.0,5725.0,7.5,16.0,8.0,20.0,8.5,70.0,13.5,1.0,27.0,20.0,6.0,13.0,5.5,90.0,5.0,216.0,4.5,34.0,4.0,200.0
2023-04-27 21:02:04.75,1682600524750000000,7.0,6.5,4.5,14258.0,94.0,5725.0,7.5,16.0,8.0,20.0,8.5,70.0,13.5,1.0,27.0,20.0,6.5,10.0,6.0,13.0,5.5,90.0,5.0,216.0,4.5,34.0
2023-04-27 21:02:06.25,1682600526250000000,7.0,6.5,4.5,14258.0,94.0,5725.0,7.5,34.0,8.0,20.0,8.5,70.0,13.5,1.0,27.0,20.0,6.5,19.0,6.0,31.0,5.5,90.0,5.0,216.0,4.5,34.0
2023-04-27 21:02:06.5,1682600526500000000,7.0,6.5,4.5,14258.0,94.0,5725.0,7.5,16.0,8.0,20.0,8.5,70.0,13.5,1.0,27.0,20.0,6.5,19.0,6.0,13.0,5.5,90.0,5.0,216.0,4.5,34.0
2023-04-27 21:02:07.75,1682600527750000000,7.0,6.5,4.5,14258.0,94.0,5725.0,7.5,16.0,8.0,20.0,8.5,70.0,13.5,1.0,27.0,20.0,6.5,19.0,6.0,15.0,5.5,90.0,5.0,216.0,4.5,34.0
2023-04-27 21:02:15.75,1682600535750000000,7.0,6.5,4.5,14258.0,94.0,5725.0,7.0,1.0,7.5,16.0,8.0,20.0,8.5,70.0,13.5,1.0,6.5,19.0,6.0,15.0,5.5,90.0,5.0,216.0,4.5,34.0
2023-04-27 21:02:25.0,1682600545000000000,7.0,6.5,4.5,14258.0,94.0,5725.0,7.0,1.0,7.5,16.0,8.0,38.0,8.5,70.0,13.5,1.0,6.5,19.0,6.0,15.0,5.5,108.0,5.0,216.0,4.5,34.0
2023-04-27 21:02:29.75,1682600549750000000,7.0,6.5,4.5,14258.0,94.0,5725.0,7.0,10.0,7.5,16.0,8.0,38.0,8.5,70.0,13.5,1.0,6.5,19.0,6.0,15.0,5.5,108.0,5.0,216.0,4.5,34.0
2023-04-27 21:02:30.0,1682600550000000000,7.0,6.5,4.5,14258.0,94.0,5725.0,7.0,10.0,7.5,34.0,8.0,20.0,8.5,70.0,13.5,1.0,6.5,19.0,6.0,15.0,5.5,90.0,5.0,234.0,4.5,34.0
2023-04-27 21:02:31.0,1682600551000000000,7.0,6.5,4.5,14258.0,94.0,5725.0,7.0,10.0,7.5,34.0,8.0,50.0,8.5,70.0,13.5,1.0,6.5,19.0,6.0,15.0,5.5,90.0,5.0,234.0,4.5,34.0
2023-04-27 21:02:31.25,1682600551250000000,7.0,6.5,4.5,14264.0,100.0,6115.0,7.0,10.0,7.5,34.0,8.0,50.0,8.5,70.0,13.5,1.0,6.5,13.0,6.0,15.0,5.5,90.0,5.0,234.0,4.5,34.0
2023-04-27 21:02:31.5,1682600551500000000,7.0,6.5,4.5,14270.0,106.0,6505.0,7.0,10.0,7.5,34.0,8.0,50.0,8.5,70.0,13.5,1.0,6.5,7.0,6.0,15.0,5.5,90.0,5.0,234.0,4.5,34.0
2023-04-27 21:02:31.75,1682600551750000000,7.0,6.5,4.5,14276.0,112.0,6895.0,7.0,10.0,7.5,34.0,8.0,50.0,8.5,70.0,13.5,1.0,6.0,15.0,5.5,90.0,5.0,234.0,4.5,34.0,4.0,200.0
2023-04-27 21:02:32.0,1682600552000000000,7.0,6.5,4.5,14276.0,112.0,6895.0,7.0,10.0,7.5,34.0,8.0,20.0,8.5,70.0,13.5,1.0,6.0,15.0,5.5,90.0,5.0,234.0,4.5,34.0,4.0,200.0
2023-04-27 21:02:35.25,1682600555250000000,7.0,6.5,4.5,14276.0,112.0,6895.0,7.0,28.0,7.5,16.0,8.0,20.0,8.5,70.0,13.5,1.0,6.0,15.0,5.5,108.0,5.0,216.0,4.5,34.0,4.0,200.0
2023-04-27 21:02:38.25,1682600558250000000,7.0,6.5,4.5,14276.0,112.0,6895.0,7.0,28.0,7.5,16.0,8.0,50.0,8.5,70.0,13.5,1.0,6.0,15.0,5.5,108.0,5.0,216.0,4.5,34.0,4.0,200.0
2023-04-27 21:02:38.75,1682600558750000000,7.0,6.5,4.5,14276.0,112.0,6895.0,7.0,28.0,7.5,16.0,8.0,20.0,8.5,70.0,13.5,1.0,6.0,15.0,5.5,108.0,5.0,216.0,4.5,34.0,4.0,200.0
2023-04-27 21:02:41.75,1682600561750000000,7.0,6.5,4.5,14276.0,112.0,6895.0,7.0,28.0,7.5,16.0,8.0,50.0,8.5,70.0,13.5,1.0,6.0,15.0,5.5,108.0,5.0,216.0,4.5,34.0,4.0,200.0
2023-04-27 21:02:43.5,1682600563500000000,7.0,6.5,4.5,14276.0,112.0,6895.0,7.0,28.0,7.5,16.0,8.0,20.0,8.5,70.0,13.5,1.0,6.0,15.0,5.5,108.0,5.0,216.0,4.5,34.0,4.0,200.0
2023-04-27 21:02:45.0,1682600565000000000,7.0,6.5,4.5,14276.0,112.0,6895.0,7.0,28.0,7.5,16.0,8.0,20.0,8.5,70.0,9.0,30.0,6.0,15.0,5.5,108.0,5.0,216.0,4.5,34.0,4.0,200.0
2023-04-27 21:02:45.5,1682600565500000000,7.0,6.5,4.5,14276.0,112.0,6895.0,7.0,28.0,7.5,16.0,8.0,20.0,8.5,70.0,13.5,1.0,6.0,15.0,5.5,108.0,5.0,216.0,4.5,34.0,4.0,200.0
2023-04-27 21:02:46.75,1682600566750000000,7.0,6.5,4.5,14276.0,112.0,6895.0,7.0,28.0,7.5,16.0,8.0,20.0,8.5,70.0,9.5,30.0,6.0,15.0,5.5,108.0,5.0,216.0,4.5,34.0,4.0,200.0
2023-04-27 21:02:47.75,1682600567750000000,7.0,6.5,4.5,14276.0,112.0,6895.0,7.0,28.0,7.5,16.0,8.0,20.0,8.5,70.0,13.5,1.0,6.0,15.0,5.5,108.0,5.0,216.0,4.5,34.0,4.0,200.0
2023-04-27 21:02:48.5,1682600568500000000,7.0,6.5,4.5,14276.0,112.0,6895.0,7.0,28.0,7.5,16.0,8.0,20.0,8.5,70.0,9.5,30.0,6.0,15.0,5.5,108.0,5.0,216.0,4.5,34.0,4.0,200.0
2023-04-27 21:02:48.75,1682600568750000000,7.0,6.5,4.5,14276.0,112.0,6895.0,7.0,28.0,7.5,16.0,8.0,20.0,8.5,70.0,13.5,1.0,6.0,15.0,5.5,108.0,5.0,216.0,4.5,34.0,4.0,200.0
2023-04-27 21:02:49.0,1682600569000000000,7.0,6.5,4.5,14276.0,112.0,6895.0,7.0,28.0,7.5,16.0,8.0,20.0,8.5,70.0,9.5,30.0,6.0,15.0,5.5,108.0,5.0,216.0,4.5,34.0,4.0,200.0
2023-04-27 21:02:49.75,1682600569750000000,7.0,6.5,4.5,14276.0,112.0,6895.0,7.0,38.0,7.5,16.0,8.0,20.0,8.5,70.0,13.5,1.0,6.0,25.0,5.5,108.0,5.0,216.0,4.5,34.0,4.0,200.0
2023-04-27 21:02:50.0,1682600570000000000,7.0,6.5,4.5,14276.0,112.0,6895.0,7.0,38.0,7.5,16.0,8.0,20.0,8.5,70.0,9.5,30.0,6.0,25.0,5.5,108.0,5.0,216.0,4.5,34.0,4.0,200.0
2023-04-27 21:02:50.25,1682600570250000000,7.0,6.5,4.5,14276.0,112.0,6895.0,7.0,48.0,7.5,16.0,8.0,20.0,8.5,70.0,9.5,30.0,6.0,25.0,5.5,108.0,5.0,226.0,4.5,34.0,4.0,200.0
2023-04-27 21:02:51.5,1682600571500000000,7.0,6.5,4.5,14276.0,112.0,6895.0,7.0,48.0,7.5,16.0,8.0,20.0,8.5,70.0,9.5,30.0,6.0,28.0,5.5,108.0,5.0,226.0,4.5,34.0,4.0,200.0
2023-04-27 21:02:58.25,1682600578250000000,7.0,6.5,4.5,14276.0,112.0,6895.0,7.0,48.0,7.5,16.0,8.0,30.0,8.5,70.0,9.5,30.0,6.0,28.0,5.5,108.0,5.0,226.0,4.5,34.0,4.0,210.0
2023-04-27 21:02:59.25,1682600579250000000,7.0,6.5,4.5,14276.0,112.0,6895.0,7.0,48.0,7.5,16.0,8.0,30.0,8.5,70.0,9.5,30.0,6.0,28.0,5.5,118.0,5.0,216.0,4.5,34.0,4.0,210.0
2023-04-27 21:02:59.5,1682600579500000000,7.0,6.5,4.5,14276.0,112.0,6895.0,7.0,48.0,7.5,16.0,8.0,30.0,8.5,70.0,9.5,30.0,6.0,28.0,5.5,108.0,5.0,226.0,4.5,34.0,4.0,210.0
2023-04-27 21:03:00.75,1682600580750000000,7.0,6.5,4.5,14276.0,112.0,6895.0,7.0,48.0,7.5,16.0,8.0,30.0,8.5,100.0,13.5,1.0,6.0,28.0,5.5,108.0,5.0,226.0,4.5,34.0,4.0,210.0
2023-04-27 21:03:01.0,1682600581000000000,7.0,6.5,4.5,14276.0,112.0,6895.0,7.0,48.0,7.5,16.0,8.0,30.0,8.5,100.0,13.5,1.0,6.5,9.0,6.0,28.0,5.5,108.0,5.0,226.0,4.5,34.0
2023-04-27 21:03:01.5,1682600581500000000,7.0,6.5,4.5,14282.0,118.0,7285.0,7.0,48.0,7.5,16.0,8.0,30.0,8.5,100.0,13.5,1.0,6.5,3.0,6.0,28.0,5.5,108.0,5.0,226.0,4.5,34.0
2023-04-27 21:03:01.75,1682600581750000000,7.0,6.5,4.5,14285.0,121.0,7480.0,7.0,48.0,7.5,16.0,8.0,30.0,8.5,100.0,13.5,1.0,6.0,28.0,5.5,108.0,5.0,226.0,4.5,34.0,4.0,210.0
2023-04-27 21:03:02.25,1682600582250000000,7.0,6.5,4.5,14285.0,121.0,7480.0,7.0,38.0,7.5,26.0,8.0,30.0,8.5,100.0,13.5,1.0,6.0,25.0,5.5,118.0,5.0,216.0,4.5,34.0,4.0,210.0
2023-04-27 21:03:03.5,1682600583500000000,7.0,6.5,4.5,14285.0,121.0,7480.0,7.0,48.0,7.5,16.0,8.0,30.0,8.5,100.0,13.5,1.0,6.0,25.0,5.5,118.0,5.0,216.0,4.5,34.0,4.0,210.0
2023-04-27 21:03:03.75,1682600583750000000,7.0,6.5,4.5,14285.0,121.0,7480.0,7.0,38.0,7.5,16.0,8.0,30.0,8.5,100.0,13.5,1.0,6.0,15.0,5.5,118.0,5.0,216.0,4.5,34.0,4.0,210.0
2023-04-27 21:03:04.25,1682600584250000000,7.0,6.5,4.5,14285.0,121.0,7480.0,7.0,28.0,7.5,26.0,8.0,30.0,8.5,100.0,13.5,1.0,6.0,15.0,5.5,118.0,5.0,216.0,4.5,34.0,4.0,210.0
2023-04-27 21:03:06.5,1682600586500000000,7.0,6.5,4.5,14285.0,121.0,7480.0,7.0,19.0,7.5,26.0,8.0,30.0,8.5,100.0,13.5,1.0,6.5,9.0,6.0,15.0,5.5,118.0,5.0,216.0,4.5,34.0
2023-04-27 21:03:06.75,1682600586750000000,7.0,6.5,4.5,14285.0,121.0,7480.0,7.0,1.0,7.5,44.0,8.0,30.0,8.5,100.0,13.5,1.0,6.5,9.0,6.0,15.0,5.5,118.0,5.0,216.0,4.5,34.0
2023-04-27 21:03:07.0,1682600587000000000,7.0,6.5,4.5,14291.0,127.0,7870.0,7.0,1.0,7.5,44.0,8.0,30.0,8.5,100.0,13.5,1.0,6.5,3.0,6.0,15.0,5.5,118.0,5.0,216.0,4.5,34.0
2023-04-27 21:03:07.25,1682600587250000000,7.0,6.5,4.5,14294.0,130.0,8065.0,7.0,1.0,7.5,44.0,8.0,30.0,8.5,100.0,13.5,1.0,6.0,15.0,5.5,118.0,5.0,216.0,4.5,34.0,4.0,210.0
2023-04-27 21:03:08.25,1682600588250000000,7.0,6.5,4.5,14294.0,130.0,8065.0,7.0,1.0,7.5,44.0,8.0,30.0,8.5,100.0,13.5,1.0,6.5,9.0,6.0,15.0,5.5,118.0,5.0,216.0,4.5,34.0
2023-04-27 21:03:08.75,1682600588750000000,7.0,6.5,4.5,14300.0,136.0,8455.0,7.0,1.0,7.5,44.0,8.0,30.0,8.5,100.0,13.5,1.0,6.5,3.0,6.0,15.0,5.5,118.0,5.0,216.0,4.5,34.0
2023-04-27 21:03:10.75,1682600590750000000,7.0,6.5,4.5,14300.0,136.0,8455.0,7.0,1.0,7.5,44.0,8.0,10.0,8.5,100.0,13.5,1.0,6.5,3.0,6.0,15.0,5.5,118.0,5.0,216.0,4.5,34.0
2023-04-27 21:03:11.0,1682600591000000000,7.0,6.5,4.5,14300.0,136.0,8455.0,7.0,1.0,7.5,44.0,8.0,10.0,8.5,70.0,13.5,1.0,6.5,3.0,6.0,15.0,5.5,118.0,5.0,216.0,4.5,34.0
2023-04-27 21:03:15.5,1682600595500000000,7.0,6.5,4.5,14300.0,136.0,8455.0,7.0,1.0,7.5,44.0,8.0,10.0,8.5,70.0,13.5,1.0,6.5,3.0,6.0,15.0,5.5,120.0,5.0,216.0,4.5,34.0
2023-04-27 21:03:21.0,1682600601000000000,7.0,6.5,4.5,14300.0,136.0,8455.0,7.0,1.0,7.5,44.0,8.0,10.0,8.5,70.0,13.5,1.0,6.5,3.0,6.0,15.0,5.5,120.0,5.0,216.0,4.5,54.0
2023-04-27 21:03:22.0,1682600602000000000,7.0,6.5,4.5,14300.0,136.0,8455.0,7.0,1.0,7.5,54.0,8.0,10.0,8.5,70.0,9.0,30.0,6.5,3.0,6.0,15.0,5.5,120.0,5.0,216.0,4.5,54.0
2023-04-27 21:03:22.25,1682600602250000000,7.0,6.5,4.5,14300.0,136.0,8455.0,7.0,1.0,7.5,54.0,8.0,10.0,8.5,70.0,13.5,1.0,6.5,3.0,6.0,15.0,5.5,120.0,5.0,216.0,4.5,54.0
2023-04-27 21:03:23.25,1682600603250000000,7.0,6.5,4.5,14300.0,136.0,8455.0,7.0,1.0,7.5,54.0,8.0,10.0,8.5,70.0,13.5,1.0,6.5,3.0,6.0,15.0,5.5,125.0,5.0,216.0,4.5,54.0
2023-04-27 21:03:23.5,1682600603500000000,7.0,6.5,4.5,14300.0,136.0,8455.0,7.0,1.0,7.5,54.0,8.0,10.0,8.5,70.0,9.0,30.0,6.5,3.0,6.0,15.0,5.5,125.0,5.0,216.0,4.5,54.0
2023-04-27 21:03:25.5,1682600605500000000,7.0,6.5,4.5,14300.0,136.0,8455.0,7.0,1.0,7.5,54.0,8.0,10.0,8.5,70.0,13.5,1.0,6.5,3.0,6.0,15.0,5.5,125.0,5.0,216.0,4.5,54.0
2023-04-27 21:03:27.25,1682600607250000000,7.0,6.5,4.5,14300.0,136.0,8455.0,7.0,11.0,7.5,54.0,8.0,10.0,8.5,70.0,13.5,1.0,6.5,3.0,6.0,15.0,5.5,125.0,5.0,216.0,4.5,54.0
2023-04-27 21:03:27.5,1682600607500000000,7.0,6.5,4.5,14300.0,136.0,8455.0,7.0,29.0,7.5,36.0,8.0,10.0,8.5,70.0,13.5,1.0,6.5,3.0,6.0,15.0,5.5,125.0,5.0,216.0,4.5,54.0
2023-04-27 21:03:31.5,1682600611500000000,7.0,6.5,4.5,14300.0,136.0,8455.0,7.0,30.0,7.5,36.0,8.0,10.0,8.5,70.0,13.5,1.0,6.5,3.0,6.0,16.0,5.5,125.0,5.0,216.0,4.5,54.0
2023-04-27 21:03:32.25,1682600612250000000,7.0,6.5,4.5,14300.0,136.0,8455.0,7.0,30.0,7.5,36.0,8.0,10.0,8.5,70.0,13.5,1.0,6.5,5.0,6.0,16.0,5.5,125.0,5.0,216.0,4.5,54.0
2023-04-27 21:03:32.75,1682600612750000000,7.0,6.5,4.5,14300.0,136.0,8455.0,7.0,30.0,7.5,36.0,8.0,10.0,8.5,70.0,13.5,1.0,6.5,8.0,6.0,16.0,5.5,125.0,5.0,216.0,4.5,54.0
2023-04-27 21:03:36.75,1682600616750000000,7.0,6.5,4.5,14300.0,136.0,8455.0,7.0,30.0,7.5,36.0,8.0,10.0,8.5,70.0,13.5,1.0,6.5,11.0,6.0,15.0,5.5,125.0,5.0,216.0,4.5,54.0
2023-04-27 21:03:41.25,1682600621250000000,7.0,6.5,4.5,14300.0,136.0,8455.0,7.0,30.0,7.5,26.0,8.0,20.0,8.5,70.0,13.5,1.0,6.5,7.0,6.0,26.0,5.5,115.0,5.0,216.0,4.5,54.0
2023-04-27 21:03:44.25,1682600624250000000,7.0,6.5,4.5,14300.0,136.0,8455.0,7.0,30.0,7.5,36.0,8.0,10.0,8.5,70.0,13.5,1.0,6.5,7.0,6.0,26.0,5.5,115.0,5.0,216.0,4.5,54.0
2023-04-27 21:03:47.25,1682600627250000000,7.0,6.5,4.5,14300.0,136.0,8455.0,7.0,30.0,7.5,26.0,8.0,20.0,8.5,70.0,13.5,1.0,6.5,7.0,6.0,26.0,5.5,115.0,5.0,216.0,4.5,54.0
2023-04-27 21:03:47.5,1682600627500000000,7.0,6.5,4.5,14300.0,136.0,8455.0,7.0,12.0,7.5,26.0,8.0,20.0,8.5,70.0,13.5,1.0,6.5,7.0,6.0,26.0,5.5,97.0,5.0,216.0,4.5,54.0
2023-04-27 21:03:49.0,1682600629000000000,7.0,7.0,4.5,14300.0,138.0,8595.0,7.0,10.0,7.5,26.0,8.0,20.0,8.5,70.0,13.5,1.0,6.5,7.0,6.0,26.0,5.5,97.0,5.0,216.0,4.5,54.0
2023-04-27 21:03:52.25,1682600632250000000,7.0,7.0,4.5,14300.0,148.0,9295.0,7.5,26.0,8.0,20.0,8.5,70.0,13.5,1.0,27.0,20.0,7.0,10.0,6.5,7.0,6.0,25.0,5.5,97.0,5.0,216.0
2023-04-27 21:03:53.25,1682600633250000000,7.0,7.0,4.5,14300.0,148.0,9295.0,7.5,27.0,8.0,20.0,8.5,70.0,13.5,1.0,27.0,20.0,7.0,11.0,6.5,7.0,6.0,25.0,5.5,97.0,5.0,216.0
2023-04-27 21:03:54.5,1682600634500000000,7.0,7.0,4.5,14300.0,148.0,9295.0,7.5,37.0,8.0,10.0,8.5,70.0,13.5,1.0,27.0,20.0,7.0,11.0,6.5,7.0,6.0,25.0,5.5,97.0,5.0,216.0
2023-04-27 21:03:55.25,1682600635250000000,7.0,7.0,4.5,14300.0,148.0,9295.0,7.5,27.0,8.0,20.0,8.5,70.0,13.5,1.0,27.0,20.0,7.0,11.0,6.5,7.0,6.0,25.0,5.5,97.0,5.0,216.0
2023-04-27 21:03:55.5,1682600635500000000,7.0,7.0,4.5,14300.0,148.0,9295.0,7.5,37.0,8.0,10.0,8.5,70.0,13.5,1.0,27.0,20.0,7.0,11.0,6.5,7.0,6.0,25.0,5.5,97.0,5.0,216.0
2023-04-27 21:03:56.25,1682600636250000000,7.0,7.0,4.5,14300.0,148.0,9295.0,7.5,27.0,8.0,20.0,8.5,70.0,13.5,1.0,27.0,20.0,7.0,11.0,6.5,7.0,6.0,25.0,5.5,97.0,5.0,216.0
2023-04-27 21:03:59.25,1682600639250000000,7.0,7.0,4.5,14300.0,148.0,9295.0,7.5,27.0,8.0,10.0,8.5,70.0,9.0,10.0,13.5,1.0,7.0,11.0,6.5,7.0,6.0,25.0,5.5,97.0,5.0,226.0
2023-04-27 21:04:00.0,1682600640000000000,7.0,7.0,4.5,14300.0,148.0,9295.0,7.5,27.0,8.0,28.0,8.5,70.0,9.0,10.0,13.5,1.0,7.0,11.0,6.5,7.0,6.0,25.0,5.5,115.0,5.0,226.0
2023-04-27 21:04:00.75,1682600640750000000,7.0,7.0,4.5,14300.0,148.0,9295.0,7.5,27.0,8.0,28.0,8.5,70.0,9.0,40.0,13.5,1.0,7.0,11.0,6.5,7.0,6.0,25.0,5.5,115.0,5.0,226.0
2023-04-27 21:04:01.0,1682600641000000000,7.0,7.0,4.5,14306.0,154.0,9715.0,7.5,27.0,8.0,28.0,8.5,70.0,9.0,10.0,13.5,1.0,7.0,5.0,6.5,7.0,6.0,25.0,5.5,115.0,5.0,226.0
2023-04-27 21:04:01.5,1682600641500000000,7.0,7.0,4.5,14306.0,154.0,9715.0,7.5,27.0,8.0,28.0,8.5,70.0,9.0,10.0,13.5,1.0,7.0,4.0,6.5,8.0,6.0,25.0,5.5,115.0,5.0,226.0
2023-04-27 21:04:02.25,1682600642250000000,7.0,7.0,4.5,14306.0,154.0,9715.0,7.5,27.0,8.0,28.0,8.5,70.0,9.0,40.0,13.5,1.0,7.0,4.0,6.5,8.0,6.0,25.0,5.5,115.0,5.0,226.0
2023-04-27 21:04:02.5,1682600642500000000,7.0,7.0,4.5,14310.0,158.0,9995.0,7.5,27.0,8.0,10.0,8.5,70.0,9.0,40.0,13.5,1.0,6.5,8.0,6.0,25.0,5.5,97.0,5.0,226.0,4.5,54.0
2023-04-27 21:04:03.0,1682600643000000000,7.0,7.0,4.5,14310.0,158.0,9995.0,7.5,27.0,8.0,10.0,8.5,70.0,9.0,10.0,13.5,1.0,6.5,7.0,6.0,26.0,5.5,97.0,5.0,226.0,4.5,54.0
2023-04-27 21:04:04.0,1682600644000000000,7.0,7.0,4.5,14310.0,158.0,9995.0,7.5,27.0,8.0,10.0,8.5,70.0,9.0,10.0,9.5,30.0,6.5,7.0,6.0,26.0,5.5,97.0,5.0,226.0,4.5,54.0
2023-04-27 21:04:04.75,1682600644750000000,7.0,7.0,4.5,14310.0,158.0,9995.0,7.5,27.0,8.0,10.0,8.5,70.0,9.0,10.0,13.5,1.0,6.5,7.0,6.0,26.0,5.5,97.0,5.0,226.0,4.5,54.0
2023-04-27 21:04:05.25,1682600645250000000,7.0,7.0,4.5,14310.0,158.0,9995.0,7.5,37.0,8.5,70.0,9.0,10.0,13.5,1.0,27.0,20.0,6.5,7.0,6.0,26.0,5.5,97.0,5.0,226.0,4.5,54.0
2023-04-27 21:04:07.25,1682600647250000000,7.0,7.0,4.5,14310.0,158.0,9995.0,7.5,37.0,8.5,70.0,9.0,10.0,13.5,1.0,27.0,20.0,6.5,7.0,6.0,16.0,5.5,107.0,5.0,226.0,4.5,54.0
2023-04-27 21:04:07.5,1682600647500000000,7.0,7.0,4.5,14310.0,158.0,9995.0,7.5,37.0,8.5,70.0,9.0,10.0,9.5,30.0,13.5,1.0,6.5,7.0,6.0,16.0,5.5,107.0,5.0,226.0,4.5,54.0
2023-04-27 21:04:08.25,1682600648250000000,7.0,7.0,4.5,14310.0,158.0,9995.0,7.5,27.0,8.0,10.0,8.5,70.0,9.0,10.0,9.5,30.0,6.5,7.0,6.0,26.0,5.5,97.0,5.0,226.0,4.5,54.0
2023-04-27 21:04:08.5,1682600648500000000,7.0,7.0,4.5,14310.0,158.0,9995.0,7.5,27.0,8.0,10.0,8.5,70.0,9.0,10.0,13.5,1.0,6.5,7.0,6.0,26.0,5.5,97.0,5.0,226.0,4.5,54.0
2023-04-27 21:04:09.0,1682600649000000000,7.0,7.0,4.5,14310.0,158.0,9995.0,7.5,37.0,8.5,70.0,9.0,10.0,13.5,1.0,27.0,20.0,6.5,7.0,6.0,26.0,5.5,97.0,5.0,226.0,4.5,54.0
2023-04-27 21:04:09.5,1682600649500000000,7.0,7.0,4.5,14310.0,158.0,9995.0,7.5,37.0,8.5,70.0,9.0,10.0,13.5,1.0,27.0,20.0,6.5,17.0,6.0,16.0,5.5,97.0,5.0,226.0,4.5,54.0
2023-04-27 21:04:10.0,1682600650000000000,7.0,7.0,4.5,14310.0,158.0,9995.0,7.5,37.0,8.5,70.0,9.0,10.0,9.5,30.0,13.5,1.0,6.5,18.0,6.0,15.0,5.5,97.0,5.0,226.0,4.5,54.0
2023-04-27 21:04:10.5,1682600650500000000,7.0,7.0,4.5,14310.0,158.0,9995.0,7.5,37.0,8.5,70.0,9.0,10.0,13.5,1.0,27.0,20.0,6.5,18.0,6.0,15.0,5.5,97.0,5.0,226.0,4.5,54.0
2023-04-27 21:04:10.75,1682600650750000000,7.0,7.0,4.5,14310.0,158.0,9995.0,7.5,37.0,8.5,70.0,9.0,10.0,13.5,1.0,27.0,20.0,6.5,7.0,6.0,26.0,5.5,97.0,5.0,226.0,4.5,54.0
2023-04-27 21:04:12.5,1682600652500000000,7.0,7.0,4.5,14310.0,158.0,9995.0,7.5,37.0,8.0,18.0,8.5,70.0,9.0,10.0,13.5,1.0,6.5,7.0,6.0,26.0,5.5,115.0,5.0,226.0,4.5,54.0
2023-04-27 21:04:12.75,1682600652750000000,7.0,7.0,4.5,14310.0,158.0,9995.0,7.5,37.0,8.0,18.0,8.5,70.0,9.0,10.0,9.5,30.0,6.5,7.0,6.0,26.0,5.5,115.0,5.0,226.0,4.5,54.0
2023-04-27 21:04:13.25,1682600653250000000,7.0,7.0,4.5,14310.0,158.0,9995.0,7.5,37.0,8.0,18.0,8.5,70.0,9.0,10.0,13.5,1.0,6.5,7.0,6.0,26.0,5.5,115.0,5.0,226.0,4.5,54.0
2023-04-27 21:04:13.5,1682600653500000000,7.0,7.0,4.5,14310.0,158.0,9995.0,7.5,37.0,8.5,70.0,9.0,10.0,9.5,30.0,13.5,1.0,6.5,7.0,6.0,26.0,5.5,97.0,5.0,226.0,4.5,54.0
2023-04-27 21:04:13.75,1682600653750000000,7.0,7.0,4.5,14310.0,158.0,9995.0,7.5,55.0,8.5,70.0,9.0,10.0,13.5,1.0,27.0,20.0,6.5,7.0,6.0,44.0,5.5,97.0,5.0,226.0,4.5,54.0
2023-04-27 21:04:14.0,1682600654000000000,7.0,7.0,4.5,14310.0,158.0,9995.0,7.5,55.0,8.5,70.0,9.0,10.0,10.0,30.0,13.5,1.0,6.5,7.0,6.0,44.0,5.5,97.0,5.0,226.0,4.5,54.0
2023-04-27 21:04:26.25,1682600666250000000,7.0,7.0,4.5,14310.0,158.0,9995.0,7.5,45.0,8.0,10.0,8.5,70.0,9.0,10.0,10.0,30.0,6.5,17.0,6.0,34.0,5.5,97.0,5.0,226.0,4.5,54.0
2023-04-27 21:04:26.5,1682600666500000000,7.0,7.0,4.5,14310.0,158.0,9995.0,7.5,45.0,8.0,10.0,8.5,70.0,9.0,10.0,10.0,30.0,6.5,30.0,6.0,34.0,5.5,97.0,5.0,226.0,4.5,54.0
2023-04-27 21:04:27.25,1682600667250000000,7.0,7.0,4.5,14310.0,158.0,9995.0,7.5,45.0,8.0,10.0,8.5,70.0,9.0,10.0,10.0,30.0,6.5,31.0,6.0,33.0,5.5,97.0,5.0,226.0,4.5,54.0
2023-04-27 21:04:28.0,1682600668000000000,7.0,7.0,4.5,14310.0,158.0,9995.0,7.5,45.0,8.0,10.0,8.5,70.0,9.0,10.0,11.5,30.0,6.5,31.0,6.0,33.0,5.5,97.0,5.0,226.0,4.5,54.0
2023-04-27 21:04:29.25,1682600669250000000,7.0,7.0,4.5,14310.0,158.0,9995.0,7.5,55.0,8.5,70.0,9.0,10.0,11.5,30.0,13.5,1.0,6.5,31.0,6.0,33.0,5.5,97.0,5.0,226.0,4.5,54.0
2023-04-27 21:04:30.75,1682600670750000000,7.0,7.0,4.5,14310.0,158.0,9995.0,7.5,45.0,8.0,10.0,8.5,70.0,9.0,10.0,11.5,30.0,6.5,31.0,6.0,33.0,5.5,97.0,5.0,226.0,4.5,54.0
2023-04-27 21:04:31.0,1682600671000000000,7.0,7.0,4.5,14310.0,158.0,9995.0,7.5,55.0,8.5,70.0,9.0,10.0,11.5,30.0,13.5,1.0,6.5,31.0,6.0,33.0,5.5,97.0,5.0,226.0,4.5,54.0
2023-04-27 21:04:32.25,1682600672250000000,7.0,7.0,4.5,14310.0,158.0,9995.0,7.5,45.0,8.0,10.0,8.5,70.0,9.0,10.0,11.5,30.0,6.5,31.0,6.0,33.0,5.5,97.0,5.0,226.0,4.5,54.0
2023-04-27 21:04:33.5,1682600673500000000,7.0,7.0,4.5,14310.0,158.0,9995.0,7.0,10.0,7.5,45.0,8.0,10.0,8.5,70.0,9.0,10.0,6.5,31.0,6.0,33.0,5.5,97.0,5.0,226.0,4.5,54.0
2023-04-27 21:04:33.75,1682600673750000000,7.0,7.0,4.5,14310.0,158.0,9995.0,7.0,29.0,7.5,26.0,8.0,10.0,8.5,70.0,9.0,10.0,6.5,31.0,6.0,33.0,5.5,97.0,5.0,226.0,4.5,54.0
2023-04-27 21:04:36.0,1682600676000000000,7.0,7.0,4.5,14310.0,158.0,9995.0,7.0,29.0,7.5,42.0,8.0,10.0,8.5,70.0,9.0,10.0,6.5,31.0,6.0,33.0,5.5,97.0,5.0,226.0,4.5,54.0
2023-04-27 21:04:38.25,1682600678250000000,7.0,7.0,4.5,14308.0,160.0,10135.0,7.0,27.0,7.5,42.0,8.0,10.0,8.5,70.0,9.0,10.0,6.5,21.0,6.0,43.0,5.5,97.0,5.0,226.0,4.5,54.0
2023-04-27 21:04:38.5,1682600678500000000,7.0,7.0,4.5,14308.0,160.0,10135.0,7.0,9.0,7.5,60.0,8.0,10.0,8.5,70.0,9.0,10.0,6.5,21.0,6.0,43.0,5.5,97.0,5.0,226.0,4.5,54.0
2023-04-27 21:04:38.75,1682600678750000000,7.0,7.0,4.5,14308.0,160.0,10135.0,7.0,8.0,7.5,60.0,8.0,10.0,8.5,71.0,9.0,10.0,6.5,21.0,6.0,43.0,5.5,97.0,5.0,226.0,4.5,54.0
2023-04-27 21:04:39.0,1682600679000000000,7.0,7.0,4.5,14308.0,160.0,10135.0,7.0,8.0,7.5,60.0,8.0,10.0,8.5,71.0,9.0,10.0,6.5,49.0,6.0,15.0,5.5,97.0,5.0,226.0,4.5,54.0
2023-04-27 21:04:47.25,1682600687250000000,7.0,7.0,4.5,14305.0,163.0,10345.0,7.0,5.0,7.5,60.0,8.0,10.0,8.5,71.0,9.0,10.0,6.5,39.0,6.0,25.0,5.5,97.0,5.0,226.0,4.5,54.0
2023-04-27 21:04:48.0,1682600688000000000,7.0,7.0,4.5,14305.0,163.0,10345.0,7.0,5.0,7.5,70.0,8.5,71.0,9.0,10.0,10.5,30.0,6.5,39.0,6.0,25.0,5.5,97.0,5.0,226.0,4.5,54.0
2023-04-27 21:04:49.25,1682600689250000000,7.0,7.0,4.5,14305.0,163.0,10345.0,7.0,5.0,7.5,60.0,8.0,10.0,8.5,71.0,9.0,10.0,6.5,39.0,6.0,25.0,5.5,97.0,5.0,226.0,4.5,54.0
2023-04-27 21:04:49.5,1682600689500000000,7.0,7.0,4.5,14305.0,163.0,10345.0,7.0,5.0,7.5,70.0,8.5,71.0,9.0,10.0,10.5,30.0,6.5,39.0,6.0,25.0,5.5,97.0,5.0,226.0,4.5,54.0
2023-04-27 21:04:50.0,1682600690000000000,7.0,7.0,4.5,14305.0,163.0,10345.0,7.0,5.0,7.5,60.0,8.0,10.0,8.5,71.0,9.0,10.0,6.5,39.0,6.0,25.0,5.5,97.0,5.0,226.0,4.5,54.0
2023-04-27 21:04:50.25,1682600690250000000,7.0,7.0,4.5,14305.0,163.0,10345.0,7.0,5.0,7.5,70.0,8.5,71.0,9.0,10.0,10.5,30.0,6.5,39.0,6.0,25.0,5.5,97.0,5.0,226.0,4.5,54.0
2023-04-27 21:04:51.0,1682600691000000000,7.0,7.0,4.5,14305.0,163.0,10345.0,7.0,5.0,7.5,60.0,8.0,10.0,8.5,71.0,9.0,10.0,6.5,39.0,6.0,25.0,5.5,97.0,5.0,226.0,4.5,54.0
2023-04-27 21:04:51.75,1682600691750000000,7.0,7.0,4.5,14305.0,163.0,10345.0,7.0,5.0,7.5,60.0,8.0,10.0,8.5,71.0,9.0,10.0,6.5,39.0,6.0,25.0,5.5,37.0,5.0,226.0,4.5,54.0
2023-04-27 21:04:53.25,1682600693250000000,7.0,7.0,4.5,14305.0,163.0,10345.0,7.0,5.0,7.5,70.0,8.5,71.0,9.0,10.0,9.5,30.0,6.5,39.0,6.0,25.0,5.5,37.0,5.0,226.0,4.5,54.0
2023-04-27 21:04:55.0,1682600695000000000,7.0,7.0,4.5,14305.0,164.0,10415.0,7.0,4.0,7.5,70.0,8.5,71.0,9.0,10.0,9.5,30.0,6.5,39.0,6.0,25.0,5.5,37.0,5.0,226.0,4.5,54.0
2023-04-27 21:04:59.75,1682600699750000000,7.0,7.0,4.5,14305.0,165.0,10485.0,7.0,3.0,7.5,70.0,8.5,71.0,9.0,10.0,9.5,30.0,6.5,39.0,6.0,25.0,5.5,37.0,5.0,226.0,4.5,54.0
2023-04-27 21:05:00.5,1682600700500000000,7.0,7.0,4.5,14305.0,165.0,10485.0,7.0,3.0,7.5,80.0,8.5,71.0,9.0,10.0,9.5,30.0,6.5,49.0,6.0,25.0,5.5,37.0,5.0,226.0,4.5,54.0
2023-04-27 21:05:01.5,1682600701500000000,7.0,7.0,4.5,14305.0,165.0,10485.0,7.0,3.0,7.5,80.0,8.5,71.0,9.0,40.0,13.5,1.0,6.5,49.0,6.0,25.0,5.5,37.0,5.0,226.0,4.5,54.0
2023-04-27 21:05:02.5,1682600702500000000,7.0,7.0,4.5,14305.0,165.0,10485.0,7.0,3.0,7.5,80.0,8.5,101.0,9.0,10.0,13.5,1.0,6.5,49.0,6.0,25.0,5.5,37.0,5.0,226.0,4.5,54.0
2023-04-27 21:05:02.75,1682600702750000000,7.0,7.0,4.5,14305.0,165.0,10485.0,7.0,3.0,7.5,80.0,8.0,30.0,8.5,71.0,9.0,10.0,6.5,49.0,6.0,25.0,5.5,37.0,5.0,226.0,4.5,54.0
2023-04-27 21:05:06.0,1682600706000000000,7.0,7.0,4.5,14305.0,165.0,10485.0,7.0,3.0,7.5,80.0,8.0,30.0,8.5,71.0,9.0,10.0,6.5,49.0,6.0,25.0,5.5,37.0,5.0,226.0,4.5,34.0
2023-04-27 21:05:07.5,1682600707500000000,7.0,7.0,4.5,14305.0,165.0,10485.0,7.0,3.0,7.5,110.0,8.5,71.0,9.0,10.0,13.5,1.0,6.5,49.0,6.0,25.0,5.5,37.0,5.0,226.0,4.5,34.0
2023-04-27 21:05:09.5,1682600709500000000,7.0,7.0,4.5,14305.0,165.0,10485.0,7.0,33.0,7.5,80.0,8.5,71.0,9.0,10.0,13.5,1.0,6.5,49.0,6.0,25.0,5.5,37.0,5.0,226.0,4.5,34.0
2023-04-27 21:05:09.75,1682600709750000000,7.0,6.5,4.5,14311.0,171.0,10875.0,7.0,52.0,7.5,62.0,8.5,70.0,9.0,10.0,13.5,1.0,6.5,43.0,6.0,25.0,5.5,37.0,5.0,226.0,4.5,34.0
2023-04-27 21:05:10.25,1682600710250000000,7.0,6.5,4.5,14317.0,177.0,11265.0,7.0,52.0,7.5,62.0,8.5,70.0,9.0,10.0,13.5,1.0,6.5,37.0,6.0,25.0,5.5,37.0,5.0,226.0,4.5,34.0
2023-04-27 21:05:10.5,1682600710500000000,7.0,6.5,4.5,14323.0,183.0,11655.0,7.0,52.0,7.5,62.0,8.5,70.0,9.0,10.0,13.5,1.0,6.5,31.0,6.0,25.0,5.5,37.0,5.0,226.0,4.5,34.0
2023-04-27 21:05:10.75,1682600710750000000,7.0,6.5,4.5,14325.0,189.0,12045.0,7.0,52.0,7.5,62.0,8.5,70.0,9.0,10.0,13.5,1.0,6.5,25.0,6.0,25.0,5.5,37.0,5.0,226.0,4.5,34.0
2023-04-27 21:05:11.0,1682600711000000000,7.0,6.5,4.5,14325.0,195.0,12435.0,7.0,52.0,7.5,62.0,8.5,70.0,9.0,10.0,13.5,1.0,6.5,1.0,6.0,43.0,5.5,37.0,5.0,226.0,4.5,34.0
2023-04-27 21:05:11.25,1682600711250000000,7.0,6.5,4.5,14326.0,196.0,12500.0,7.0,61.0,7.5,52.0,8.5,70.0,9.0,10.0,13.5,1.0,6.5,10.0,6.0,43.0,5.5,37.0,5.0,226.0,4.5,34.0
2023-04-27 21:05:11.5,1682600711500000000,7.0,6.5,4.5,14326.0,202.0,12890.0,7.0,61.0,7.5,52.0,8.5,70.0,9.0,10.0,13.5,1.0,6.5,22.0,6.0,25.0,5.5,37.0,5.0,226.0,4.5,34.0
2023-04-27 21:05:11.75,1682600711750000000,7.0,6.5,4.5,14328.0,208.0,13280.0,7.0,61.0,7.5,52.0,8.5,70.0,9.0,10.0,13.5,1.0,6.0,53.0,5.5,37.0,5.0,226.0,4.5,34.0,4.0,200.0
2023-04-27 21:05:12.5,1682600712500000000,7.0,6.5,4.5,14328.0,208.0,13280.0,7.0,62.0,7.5,52.0,8.5,70.0,9.0,10.0,13.5,1.0,6.0,54.0,5.5,37.0,5.0,226.0,4.5,34.0,4.0,200.0
2023-04-27 21:05:13.0,1682600713000000000,7.0,6.5,4.5,14328.0,208.0,13280.0,6.5,30.0,7.0,32.0,7.5,52.0,8.5,70.0,9.0,10.0,6.0,54.0,5.5,37.0,5.0,226.0,4.5,34.0,4.0,200.0
2023-04-27 21:05:13.25,1682600713250000000,7.0,6.5,4.5,14328.0,218.0,13930.0,6.5,20.0,7.0,43.0,7.5,42.0,8.5,70.0,9.0,10.0,6.0,44.0,5.5,37.0,5.0,226.0,4.5,34.0,4.0,200.0
2023-04-27 21:05:13.75,1682600713750000000,7.0,6.5,4.5,14328.0,218.0,13930.0,7.0,73.0,7.5,42.0,8.5,70.0,9.0,10.0,13.5,1.0,6.0,44.0,5.5,37.0,5.0,226.0,4.5,34.0,4.0,200.0
2023-04-27 21:05:14.0,1682600714000000000,7.0,6.5,4.5,14328.0,218.0,13930.0,7.0,73.0,7.5,52.0,8.5,70.0,9.0,10.0,13.5,1.0,6.0,54.0,5.5,37.0,5.0,226.0,4.5,34.0,4.0,200.0
2023-04-27 21:05:14.25,1682600714250000000,7.0,6.5,4.5,14328.0,218.0,13930.0,7.0,71.0,7.5,52.0,8.5,70.0,9.0,10.0,13.5,1.0,6.0,44.0,5.5,47.0,5.0,226.0,4.5,34.0,4.0,200.0
2023-04-27 21:05:17.25,1682600717250000000,7.0,6.5,4.5,14328.0,218.0,13930.0,7.0,81.0,7.5,42.0,8.5,70.0,9.0,10.0,13.5,1.0,6.0,44.0,5.5,47.0,5.0,226.0,4.5,34.0,4.0,200.0
2023-04-27 21:05:19.25,1682600719250000000,7.0,6.5,4.5,14328.0,218.0,13930.0,7.0,81.0,7.5,42.0,8.5,70.0,9.0,10.0,13.5,1.0,6.5,3.0,6.0,44.0,5.5,47.0,5.0,226.0,4.5,34.0
2023-04-27 21:05:19.75,1682600719750000000,7.0,6.5,4.5,14328.0,221.0,14125.0,7.0,81.0,7.5,42.0,8.5,70.0,9.0,10.0,13.5,1.0,6.0,44.0,5.5,37.0,5.0,236.0,4.5,34.0,4.0,200.0
2023-04-27 21:05:20.25,1682600720250000000,7.0,6.5,4.5,14328.0,221.0,14125.0,7.0,71.0,7.5,52.0,8.5,70.0,9.0,10.0,13.5,1.0,6.0,44.0,5.5,37.0,5.0,236.0,4.5,34.0,4.0,200.0
2023-04-27 21:05:21.75,1682600721750000000,7.0,6.5,4.5,14328.0,221.0,14125.0,7.0,81.0,7.5,42.0,8.5,70.0,9.0,10.0,13.5,1.0,6.0,44.0,5.5,37.0,5.0,236.0,4.5,34.0,4.0,200.0
2023-04-27 21:05:22.0,1682600722000000000,7.0,6.5,4.5,14328.0,221.0,14125.0,7.0,71.0,7.5,52.0,8.5,70.0,9.0,10.0,13.5,1.0,6.0,44.0,5.5,37.0,5.0,236.0,4.5,34.0,4.0,200.0
2023-04-27 21:05:24.5,1682600724500000000,7.0,6.5,4.5,14328.0,221.0,14125.0,7.0,41.0,7.5,52.0,8.5,70.0,9.0,10.0,13.5,1.0,6.0,44.0,5.5,37.0,5.0,236.0,4.5,34.0,4.0,200.0
2023-04-27 21:05:25.0,1682600725000000000,7.0,6.5,4.5,14328.0,221.0,14125.0,7.0,71.0,7.5,52.0,8.5,70.0,9.0,10.0,13.5,1.0,6.0,44.0,5.5,37.0,5.0,236.0,4.5,34.0,4.0,200.0
2023-04-27 21:05:26.5,1682600726500000000,7.0,6.5,4.5,14328.0,221.0,14125.0,7.0,41.0,7.5,52.0,8.5,70.0,9.0,10.0,13.5,1.0,6.0,44.0,5.5,37.0,5.0,236.0,4.5,34.0,4.0,200.0
2023-04-27 21:05:27.5,1682600727500000000,7.0,6.5,4.5,14328.0,221.0,14125.0,7.0,41.0,7.5,82.0,8.5,70.0,9.0,10.0,13.5,1.0,6.0,44.0,5.5,37.0,5.0,236.0,4.5,34.0,4.0,200.0
2023-04-27 21:05:27.75,1682600727750000000,7.0,6.5,4.5,14328.0,221.0,14125.0,7.0,41.0,7.5,52.0,8.5,70.0,9.0,10.0,13.5,1.0,6.0,44.0,5.5,37.0,5.0,236.0,4.5,34.0,4.0,200.0
2023-04-27 21:05:28.0,1682600728000000000,7.0,6.5,4.5,14328.0,221.0,14125.0,7.0,41.0,7.5,82.0,8.5,70.0,9.0,10.0,13.5,1.0,6.0,44.0,5.5,37.0,5.0,236.0,4.5,34.0,4.0,200.0
2023-04-27 21:05:28.25,1682600728250000000,7.0,6.5,4.5,14328.0,221.0,14125.0,7.0,51.0,7.5,42.0,8.5,70.0,9.0,10.0,13.5,1.0,6.0,44.0,5.5,37.0,5.0,236.0,4.5,34.0,4.0,200.0
2023-04-27 21:05:28.5,1682600728500000000,7.0,6.5,4.5,14328.0,221.0,14125.0,7.0,51.0,7.5,72.0,8.5,70.0,9.0,10.0,13.5,1.0,6.0,44.0,5.5,37.0,5.0,236.0,4.5,34.0,4.0,200.0
2023-04-27 21:05:29.75,1682600729750000000,7.0,6.5,4.5,14328.0,221.0,14125.0,7.0,81.0,7.5,42.0,8.5,70.0,9.0,10.0,13.5,1.0,6.0,44.0,5.5,37.0,5.0,236.0,4.5,34.0,4.0,200.0
2023-04-27 21:05:31.5,1682600731500000000,7.0,6.5,4.5,14328.0,221.0,14125.0,6.5,30.0,7.0,51.0,7.5,42.0,8.5,70.0,9.0,10.0,6.0,44.0,5.5,37.0,5.0,236.0,4.5,34.0,4.0,200.0
2023-04-27 21:05:32.0,1682600732000000000,7.0,6.5,4.5,14328.0,221.0,14125.0,6.5,31.0,7.0,50.0,7.5,42.0,8.5,70.0,9.0,10.0,6.0,44.0,5.5,37.0,5.0,236.0,4.5,34.0,4.0,200.0
2023-04-27 21:05:32.25,1682600732250000000,7.0,6.5,4.5,14328.0,221.0,14125.0,6.5,1.0,7.0,70.0,7.5,52.0,8.5,70.0,9.0,10.0,6.0,44.0,5.5,37.0,5.0,236.0,4.5,34.0,4.0,200.0
2023-04-27 21:05:32.5,1682600732500000000,7.0,6.5,4.5,14328.0,221.0,14125.0,6.5,30.0,7.0,40.0,7.5,52.0,8.5,70.0,9.0,10.0,6.0,43.0,5.5,47.0,5.0,226.0,4.5,34.0,4.0,200.0
2023-04-27 21:05:33.0,1682600733000000000,7.0,6.5,4.5,14328.0,221.0,14125.0,6.5,31.0,7.0,40.0,7.5,52.0,8.5,70.0,9.0,10.0,6.0,44.0,5.5,37.0,5.0,236.0,4.5,34.0,4.0,200.0
2023-04-27 21:05:33.5,1682600733500000000,7.0,6.5,4.5,14328.0,221.0,14125.0,6.5,31.0,7.0,40.0,7.5,52.0,8.5,70.0,9.0,10.0,6.0,54.0,5.5,47.0,5.0,226.0,4.5,34.0,4.0,200.0
2023-04-27 21:05:35.25,1682600735250000000,7.0,6.5,4.5,14328.0,221.0,14125.0,6.5,31.0,7.0,50.0,7.5,42.0,8.5,70.0,9.0,10.0,6.0,54.0,5.5,37.0,5.0,236.0,4.5,34.0,4.0,200.0
2023-04-27 21:05:36.25,1682600736250000000,7.0,6.5,4.5,14328.0,221.0,14125.0,6.5,61.0,7.0,50.0,7.5,42.0,8.5,70.0,9.0,10.0,6.0,54.0,5.5,37.0,5.0,236.0,4.5,34.0,4.0,200.0
2023-04-27 21:05:37.0,1682600737000000000,7.0,6.5,4.5,14328.0,221.0,14125.0,6.5,31.0,7.0,50.0,7.5,42.0,8.5,70.0,9.0,10.0,6.0,54.0,5.5,37.0,5.0,236.0,4.5,34.0,4.0,200.0
2023-04-27 21:05:37.5,1682600737500000000,7.0,6.5,4.5,14328.0,221.0,14125.0,6.5,61.0,7.0,50.0,7.5,42.0,8.5,70.0,9.0,10.0,6.0,54.0,5.5,37.0,5.0,236.0,4.5,34.0,4.0,200.0
2023-04-27 21:05:38.5,1682600738500000000,7.0,6.5,4.5,14328.0,221.0,14125.0,6.5,79.0,7.0,32.0,7.5,42.0,8.5,70.0,9.0,10.0,6.0,54.0,5.5,37.0,5.0,236.0,4.5,34.0,4.0,200.0
2023-04-27 21:05:39.75,1682600739750000000,7.0,6.5,4.5,14328.0,221.0,14125.0,6.5,61.0,7.0,50.0,7.5,42.0,8.5,70.0,9.0,10.0,6.0,54.0,5.5,37.0,5.0,236.0,4.5,34.0,4.0,200.0
2023-04-27 21:05:41.25,1682600741250000000,7.0,6.5,4.5,14328.0,221.0,14125.0,6.5,61.0,7.0,40.0,7.5,52.0,8.5,70.0,9.0,10.0,6.0,54.0,5.5,37.0,5.0,236.0,4.5,34.0,4.0,200.0
2023-04-27 21:05:44.75,1682600744750000000,7.0,6.5,4.5,14328.0,221.0,14125.0,6.5,61.0,7.0,40.0,7.5,52.0,8.5,70.0,9.0,10.0,6.0,54.0,5.5,37.0,5.0,236.0,4.5,44.0,4.0,200.0
2023-04-27 21:05:45.75,1682600745750000000,7.0,6.5,4.5,14328.0,221.0,14125.0,6.5,61.0,7.0,40.0,7.5,52.0,8.5,70.0,9.0,10.0,6.0,55.0,5.5,37.0,5.0,236.0,4.5,44.0,4.0,200.0
2023-04-27 21:05:46.0,1682600746000000000,7.0,6.5,4.5,14328.0,221.0,14125.0,6.5,31.0,7.0,40.0,7.5,52.0,8.5,70.0,9.0,10.0,6.0,55.0,5.5,37.0,5.0,236.0,4.5,44.0,4.0,200.0
2023-04-27 21:05:47.25,1682600747250000000,7.0,6.5,4.5,14328.0,221.0,14125.0,6.5,31.0,7.0,50.0,7.5,42.0,8.5,70.0,9.0,10.0,6.0,55.0,5.5,37.0,5.0,236.0,4.5,44.0,4.0,200.0
2023-04-27 21:05:48.75,1682600748750000000,7.0,6.5,4.5,14328.0,221.0,14125.0,6.5,61.0,7.0,50.0,7.5,42.0,8.5,70.0,9.0,10.0,6.0,55.0,5.5,37.0,5.0,236.0,4.5,44.0,4.0,200.0
2023-04-27 21:05:50.25,1682600750250000000,7.0,6.5,4.5,14328.0,221.0,14125.0,6.5,61.0,7.0,40.0,7.5,52.0,8.5,70.0,9.0,10.0,6.0,55.0,5.5,37.0,5.0,236.0,4.5,44.0,4.0,200.0
2023-04-27 21:05:52.5,1682600752500000000,7.0,6.5,4.5,14327.0,222.0,14190.0,6.5,60.0,7.0,40.0,7.5,52.0,8.5,70.0,9.0,10.0,6.0,54.0,5.5,47.0,5.0,226.0,4.5,44.0,4.0,200.0
2023-04-27 21:05:53.25,1682600753250000000,7.0,6.5,4.5,14327.0,222.0,14190.0,6.5,31.0,7.0,70.0,7.5,52.0,8.5,70.0,9.0,10.0,6.0,55.0,5.5,47.0,5.0,226.0,4.5,44.0,4.0,200.0
2023-04-27 21:05:53.5,1682600753500000000,7.0,6.5,4.5,14327.0,222.0,14190.0,6.5,61.0,7.0,40.0,7.5,52.0,8.5,70.0,9.0,10.0,6.0,55.0,5.5,47.0,5.0,226.0,4.5,44.0,4.0,200.0
2023-04-27 21:05:53.75,1682600753750000000,7.0,6.5,4.5,14327.0,222.0,14190.0,6.5,31.0,7.0,80.0,7.5,42.0,8.5,70.0,9.0,10.0,6.0,55.0,5.5,47.0,5.0,226.0,4.5,44.0,4.0,200.0
2023-04-27 21:05:55.75,1682600755750000000,7.0,6.5,4.5,14327.0,222.0,14190.0,6.5,49.0,7.0,62.0,7.5,42.0,8.5,70.0,9.0,10.0,6.0,55.0,5.5,47.0,5.0,226.0,4.5,44.0,4.0,200.0
2023-04-27 21:05:56.25,1682600756250000000,7.0,6.5,4.5,14327.0,222.0,14190.0,6.5,49.0,7.0,52.0,7.5,52.0,8.5,70.0,9.0,10.0,6.0,55.0,5.5,47.0,5.0,226.0,4.5,44.0,4.0,200.0
2023-04-27 21:05:58.75,1682600758750000000,7.0,6.5,4.5,14327.0,222.0,14190.0,6.5,79.0,7.0,22.0,7.5,52.0,8.5,70.0,9.0,10.0,6.0,55.0,5.5,47.0,5.0,226.0,4.5,44.0,4.0,200.0
2023-04-27 21:05:59.5,1682600759500000000,7.0,6.5,4.5,14327.0,222.0,14190.0,6.5,79.0,7.0,22.0,7.5,52.0,8.5,70.0,9.0,10.0,6.0,65.0,5.5,47.0,5.0,226.0,4.5,44.0,4.0,200.0
2023-04-27 21:06:05.25,1682600765250000000,7.0,6.5,4.5,14327.0,222.0,14190.0,6.5,79.0,7.0,22.0,7.5,52.0,8.5,70.0,9.0,10.0,6.0,75.0,5.5,37.0,5.0,226.0,4.5,44.0,4.0,200.0
2023-04-27 21:06:08.0,1682600768000000000,7.0,6.5,4.5,14324.0,225.0,14385.0,6.5,76.0,7.0,22.0,7.5,52.0,8.5,70.0,9.0,10.0,6.0,65.0,5.5,47.0,5.0,226.0,4.5,44.0,4.0,200.0
2023-04-27 21:06:10.5,1682600770500000000,7.0,6.5,4.5,14324.0,225.0,14385.0,6.5,76.0,7.0,12.0,7.5,52.0,8.5,70.0,9.0,10.0,6.0,55.0,5.5,47.0,5.0,226.0,4.5,44.0,4.0,200.0
2023-04-27 21:06:10.75,1682600770750000000,7.0,6.5,4.5,14324.0,225.0,14385.0,6.5,46.0,7.0,42.0,7.5,52.0,8.5,70.0,9.0,10.0,6.0,55.0,5.5,47.0,5.0,226.0,4.5,44.0,4.0,200.0
2023-04-27 21:06:11.25,1682600771250000000,7.0,6.5,4.5,14324.0,225.0,14385.0,6.5,46.0,7.0,42.0,7.5,52.0,8.5,70.0,9.0,10.0,6.0,65.0,5.5,37.0,5.0,226.0,4.5,44.0,4.0,200.0
2023-04-27 21:06:12.0,1682600772000000000,7.0,6.5,4.5,14324.0,225.0,14385.0,6.5,76.0,7.0,12.0,7.5,52.0,8.5,70.0,9.0,10.0,6.0,65.0,5.5,37.0,5.0,226.0,4.5,44.0,4.0,200.0
2023-04-27 21:06:13.0,1682600773000000000,7.0,6.5,4.5,14324.0,225.0,14385.0,6.5,46.0,7.0,42.0,7.5,52.0,8.5,70.0,9.0,10.0,6.0,65.0,5.5,37.0,5.0,226.0,4.5,44.0,4.0,200.0
2023-04-27 21:06:14.0,1682600774000000000,7.0,6.5,4.5,14324.0,225.0,14385.0,6.5,28.0,7.0,60.0,7.5,52.0,8.5,70.0,9.0,10.0,6.0,65.0,5.5,37.0,5.0,226.0,4.5,44.0,4.0,200.0
2023-04-27 21:06:18.25,1682600778250000000,7.0,6.5,4.5,14324.0,225.0,14385.0,6.5,48.0,7.0,60.0,7.5,52.0,8.5,70.0,9.0,10.0,6.0,85.0,5.5,37.0,5.0,226.0,4.5,44.0,4.0,200.0
2023-04-27 21:06:18.5,1682600778500000000,7.0,6.5,4.5,14324.0,225.0,14385.0,6.5,48.0,7.0,30.0,7.5,82.0,8.5,70.0,9.0,10.0,6.0,85.0,5.5,37.0,5.0,226.0,4.5,44.0,4.0,200.0
2023-04-27 21:06:19.25,1682600779250000000,7.0,6.5,4.5,14324.0,225.0,14385.0,6.5,48.0,7.0,30.0,7.5,52.0,8.5,70.0,9.0,10.0,6.0,85.0,5.5,37.0,5.0,226.0,4.5,44.0,4.0,200.0
2023-04-27 21:06:20.25,1682600780250000000,7.0,6.5,4.5,14322.0,227.0,14515.0,6.5,46.0,7.0,30.0,7.5,52.0,8.5,70.0,9.0,10.0,6.0,75.0,5.5,47.0,5.0,226.0,4.5,44.0,4.0,200.0
2023-04-27 21:06:22.25,1682600782250000000,7.0,6.5,4.5,14322.0,227.0,14515.0,6.5,46.0,7.0,30.0,7.5,82.0,8.5,70.0,9.0,10.0,6.0,75.0,5.5,47.0,5.0,226.0,4.5,44.0,4.0,200.0
2023-04-27 21:06:27.75,1682600787750000000,7.0,6.5,4.5,14322.0,227.0,14515.0,6.5,46.0,7.0,30.0,7.5,82.0,8.5,70.0,9.0,10.0,6.0,85.0,5.5,37.0,5.0,226.0,4.5,44.0,4.0,200.0
2023-04-27 21:06:29.0,1682600789000000000,7.0,6.5,4.5,14322.0,227.0,14515.0,6.5,46.0,7.0,60.0,7.5,52.0,8.5,70.0,9.0,10.0,6.0,85.0,5.5,37.0,5.0,226.0,4.5,44.0,4.0,200.0
2023-04-27 21:06:32.25,1682600792250000000,7.0,6.5,4.5,14319.0,230.0,14710.0,6.5,43.0,7.0,60.0,7.5,52.0,8.5,70.0,9.0,10.0,6.0,75.0,5.5,47.0,5.0,226.0,4.5,44.0,4.0,200.0
2023-04-27 21:06:32.5,1682600792500000000,7.0,6.5,4.5,14319.0,230.0,14710.0,6.5,43.0,7.0,30.0,7.5,82.0,8.5,70.0,9.0,10.0,6.0,105.0,5.5,47.0,5.0,226.0,4.5,44.0,4.0,200.0
2023-04-27 21:06:33.0,1682600793000000000,7.0,6.5,4.5,14319.0,231.0,14775.0,6.5,42.0,7.0,30.0,7.5,52.0,8.5,70.0,9.0,10.0,6.0,105.0,5.5,47.0,5.0,226.0,4.5,44.0,4.0,200.0
2023-04-27 21:06:34.0,1682600794000000000,7.0,6.5,4.5,14319.0,231.0,14775.0,6.5,42.0,7.0,30.0,7.5,82.0,8.5,70.0,9.0,10.0,6.0,105.0,5.5,47.0,5.0,226.0,4.5,44.0,4.0,200.0
2023-04-27 21:06:34.25,1682600794250000000,7.0,6.5,4.5,14319.0,232.0,14840.0,6.5,41.0,7.0,30.0,7.5,82.0,8.5,70.0,9.0,10.0,6.0,105.0,5.5,47.0,5.0,226.0,4.5,44.0,4.0,200.0
2023-04-27 21:06:35.0,1682600795000000000,7.0,6.5,4.5,14319.0,232.0,14840.0,6.5,41.0,7.0,60.0,7.5,52.0,8.5,70.0,9.0,10.0,6.0,105.0,5.5,47.0,5.0,226.0,4.5,44.0,4.0,200.0
2023-04-27 21:06:35.25,1682600795250000000,7.0,6.5,4.5,14319.0,232.0,14840.0,6.5,41.0,7.0,60.0,7.5,52.0,8.5,70.0,9.0,10.0,6.0,115.0,5.5,37.0,5.0,226.0,4.5,44.0,4.0,200.0
2023-04-27 21:06:36.75,1682600796750000000,7.0,6.5,4.5,14319.0,232.0,14840.0,6.5,41.0,7.0,60.0,7.5,52.0,8.5,70.0,9.0,10.0,6.0,115.0,5.5,337.0,5.0,226.0,4.5,44.0,4.0,200.0
2023-04-27 21:06:38.0,1682600798000000000,7.0,6.5,4.5,14319.0,232.0,14840.0,6.5,71.0,7.0,30.0,7.5,52.0,8.5,70.0,9.0,10.0,6.0,115.0,5.5,337.0,5.0,526.0,4.5,44.0,4.0,200.0
2023-04-27 21:06:38.25,1682600798250000000,7.0,6.5,4.5,14319.0,232.0,14840.0,6.5,71.0,7.0,40.0,7.5,42.0,8.5,70.0,9.0,10.0,6.0,105.0,5.5,347.0,5.0,526.0,4.5,44.0,4.0,200.0
2023-04-27 21:06:38.75,1682600798750000000,7.0,6.5,4.5,14319.0,232.0,14840.0,6.5,41.0,7.0,70.0,7.5,42.0,8.5,70.0,9.0,10.0,6.0,105.0,5.5,347.0,5.0,526.0,4.5,44.0,4.0,200.0
2023-04-27 21:06:39.5,1682600799500000000,7.0,6.5,4.5,14319.0,232.0,14840.0,6.5,41.0,7.0,70.0,7.5,42.0,8.5,70.0,9.0,10.0,6.0,125.0,5.5,347.0,5.0,526.0,4.5,344.0,4.0,200.0
2023-04-27 21:06:40.5,1682600800500000000,7.0,6.5,4.5,14319.0,232.0,14840.0,6.5,41.0,7.0,40.0,7.5,42.0,8.5,70.0,9.0,10.0,6.0,125.0,5.5,347.0,5.0,526.0,4.5,344.0,4.0,200.0
2023-04-27 21:06:40.75,1682600800750000000,7.0,6.5,4.5,14319.0,232.0,14840.0,6.5,41.0,7.0,40.0,7.5,42.0,8.5,70.0,9.0,10.0,6.0,135.0,5.5,337.0,5.0,526.0,4.5,344.0,4.0,200.0
2023-04-27 21:06:41.0,1682600801000000000,7.0,6.5,4.5,14319.0,232.0,14840.0,6.5,41.0,7.0,70.0,7.5,42.0,8.5,70.0,9.0,10.0,6.0,135.0,5.5,337.0,5.0,526.0,4.5,344.0,4.0,200.0
2023-04-27 21:06:42.75,1682600802750000000,7.0,6.5,4.5,14319.0,232.0,14840.0,6.5,41.0,7.0,40.0,7.5,42.0,8.5,70.0,9.0,10.0,6.0,135.0,5.5,337.0,5.0,526.0,4.5,344.0,4.0,200.0
2023-04-27 21:06:43.25,1682600803250000000,7.0,6.5,4.5,14319.0,232.0,14840.0,6.5,41.0,7.0,40.0,7.5,42.0,8.5,70.0,9.0,10.0,6.0,135.0,5.5,337.0,5.0,526.0,4.5,344.0,4.0,500.0
2023-04-27 21:06:43.5,1682600803500000000,7.0,6.5,4.5,14319.0,232.0,14840.0,6.5,51.0,7.0,40.0,7.5,42.0,8.5,70.0,9.0,10.0,6.0,145.0,5.5,337.0,5.0,526.0,4.5,344.0,4.0,500.0
2023-04-27 21:06:44.0,1682600804000000000,7.0,6.5,4.5,14319.0,232.0,14840.0,6.5,51.0,7.0,70.0,7.5,42.0,8.5,70.0,9.0,10.0,6.0,145.0,5.5,337.0,5.0,526.0,4.5,344.0,4.0,500.0
2023-04-27 21:06:44.25,1682600804250000000,7.0,6.5,4.5,14319.0,232.0,14840.0,6.5,51.0,7.0,60.0,7.5,52.0,8.5,70.0,9.0,10.0,6.0,145.0,5.5,337.0,5.0,526.0,4.5,344.0,4.0,500.0
2023-04-27 21:06:48.0,1682600808000000000,7.0,6.5,4.5,14319.0,232.0,14840.0,6.5,81.0,7.0,30.0,7.5,52.0,8.5,70.0,9.0,10.0,6.0,145.0,5.5,337.0,5.0,526.0,4.5,344.0,4.0,500.0
2023-04-27 21:06:52.75,1682600812750000000,7.0,6.5,4.5,14329.0,262.0,16790.0,6.5,51.0,7.0,30.0,7.5,52.0,8.5,70.0,9.0,10.0,6.0,144.0,5.5,337.0,5.0,526.0,4.5,344.0,4.0,500.0
2023-04-27 21:06:53.0,1682600813000000000,7.0,6.5,4.5,14329.0,262.0,16790.0,6.5,60.0,7.0,30.0,7.5,52.0,8.5,70.0,9.0,10.0,6.0,144.0,5.5,337.0,5.0,526.0,4.5,344.0,4.0,500.0
2023-04-27 21:06:54.0,1682600814000000000,7.0,6.5,4.5,14329.0,263.0,16855.0,6.5,59.0,7.0,30.0,7.5,52.0,8.5,70.0,9.0,10.0,6.0,144.0,5.5,337.0,5.0,526.0,4.5,344.0,4.0,500.0
2023-04-27 21:06:54.25,1682600814250000000,7.0,6.5,4.5,14329.0,263.0,16855.0,6.5,59.0,7.0,40.0,7.5,42.0,8.5,70.0,9.0,10.0,6.0,144.0,5.5,337.0,5.0,526.0,4.5,344.0,4.0,500.0
2023-04-27 21:06:55.0,1682600815000000000,7.0,6.5,4.5,14329.0,263.0,16855.0,6.5,60.0,7.0,40.0,7.5,42.0,8.5,70.0,9.0,10.0,6.0,145.0,5.5,337.0,5.0,526.0,4.5,344.0,4.0,500.0
2023-04-27 21:06:56.25,1682600816250000000,7.0,6.5,4.5,14329.0,263.0,16855.0,6.5,60.0,7.0,30.0,7.5,52.0,8.5,70.0,9.0,10.0,6.0,145.0,5.5,337.0,5.0,526.0,4.5,344.0,4.0,500.0
2023-04-27 21:06:56.5,1682600816500000000,7.0,6.5,4.5,14359.0,293.0,18805.0,7.0,60.0,7.5,52.0,8.5,70.0,9.0,10.0,13.5,1.0,6.0,144.0,5.5,337.0,5.0,526.0,4.5,344.0,4.0,500.0
2023-04-27 21:06:56.75,1682600816750000000,7.0,6.5,4.5,14359.0,293.0,18805.0,7.0,70.0,7.5,72.0,8.5,70.0,9.0,10.0,13.5,1.0,6.5,20.0,6.0,124.0,5.5,337.0,5.0,526.0,4.5,344.0
2023-04-27 21:06:57.75,1682600817750000000,7.0,6.5,4.5,14359.0,293.0,18805.0,7.0,71.0,7.5,72.0,8.5,70.0,9.0,10.0,13.5,1.0,6.5,39.0,6.0,106.0,5.5,337.0,5.0,526.0,4.5,344.0
2023-04-27 21:06:58.0,1682600818000000000,7.0,6.5,4.5,14388.0,323.0,20755.0,7.0,40.0,7.5,72.0,8.5,70.0,9.0,10.0,13.5,1.0,6.0,106.0,5.5,337.0,5.0,544.0,4.5,344.0,4.0,500.0
2023-04-27 21:06:58.25,1682600818250000000,7.0,6.5,4.5,14388.0,323.0,20755.0,6.5,30.0,7.0,60.0,7.5,52.0,8.5,70.0,9.0,10.0,6.0,126.0,5.5,337.0,5.0,544.0,4.5,344.0,4.0,500.0
2023-04-27 21:06:58.75,1682600818750000000,7.0,6.5,4.5,14388.0,323.0,20755.0,6.5,51.0,7.0,40.0,7.5,52.0,8.5,70.0,9.0,10.0,6.0,127.0,5.5,337.0,5.0,544.0,4.5,344.0,4.0,500.0
2023-04-27 21:06:59.0,1682600819000000000,7.0,6.5,4.5,14388.0,323.0,20755.0,6.5,51.0,7.0,40.0,7.5,52.0,8.5,70.0,9.0,10.0,6.0,127.0,5.5,338.0,5.0,544.0,4.5,344.0,4.0,500.0
2023-04-27 21:06:59.75,1682600819750000000,7.0,6.5,4.5,14388.0,323.0,20755.0,6.5,51.0,7.0,50.0,7.5,52.0,8.5,70.0,9.0,10.0,6.0,137.0,5.5,338.0,5.0,544.0,4.5,344.0,4.0,500.0
2023-04-27 21:07:04.0,1682600824000000000,7.0,6.5,4.5,14388.0,323.0,20755.0,6.5,51.0,7.0,50.0,7.5,52.0,8.5,70.0,9.0,10.0,6.0,155.0,5.5,338.0,5.0,526.0,4.5,344.0,4.0,500.0
2023-04-27 21:07:09.25,1682600829250000000,7.0,6.5,4.5,14389.0,324.0,20820.0,6.5,50.0,7.0,50.0,7.5,52.0,8.5,70.0,9.0,10.0,6.0,155.0,5.5,338.0,5.0,526.0,4.5,344.0,4.0,500.0
2023-04-27 21:07:11.25,1682600831250000000,7.0,6.5,4.5,14389.0,324.0,20820.0,6.5,50.0,7.0,50.0,7.5,52.0,8.5,70.0,9.0,10.0,6.0,155.0,5.5,338.0,5.0,546.0,4.5,344.0,4.0,500.0
2023-04-27 21:07:11.5,1682600831500000000,7.0,6.5,4.5,14389.0,324.0,20820.0,6.5,50.0,7.0,50.0,7.5,72.0,8.5,70.0,9.0,10.0,6.0,155.0,5.5,338.0,5.0,546.0,4.5,344.0,4.0,500.0
2023-04-27 21:07:12.0,1682600832000000000,7.0,6.5,4.5,14389.0,324.0,20820.0,6.5,60.0,7.0,50.0,7.5,72.0,8.5,70.0,9.0,10.0,6.0,155.0,5.5,348.0,5.0,546.0,4.5,344.0,4.0,500.0
2023-04-27 21:07:12.25,1682600832250000000,7.0,6.5,4.5,14389.0,324.0,20820.0,6.5,60.0,7.0,50.0,7.5,72.0,8.5,70.0,9.0,10.0,6.0,154.0,5.5,348.0,5.0,546.0,4.5,344.0,4.0,500.0
2023-04-27 21:07:12.75,1682600832750000000,7.0,6.5,4.5,14389.0,324.0,20820.0,6.5,31.0,7.0,80.0,7.5,72.0,8.5,70.0,9.0,10.0,6.0,154.0,5.5,348.0,5.0,546.0,4.5,344.0,4.0,500.0
2023-04-27 21:07:13.0,1682600833000000000,7.0,6.5,4.5,14389.0,324.0,20820.0,6.5,21.0,7.0,80.0,7.5,72.0,8.5,70.0,9.0,10.0,6.0,154.0,5.5,338.0,5.0,546.0,4.5,344.0,4.0,500.0
2023-04-27 21:07:13.25,1682600833250000000,7.0,6.5,4.5,14389.0,324.0,20820.0,6.5,21.0,7.0,90.0,7.5,72.0,8.5,70.0,9.0,10.0,6.0,154.0,5.5,348.0,5.0,546.0,4.5,344.0,4.0,500.0
2023-04-27 21:07:14.0,1682600834000000000,7.0,6.5,4.5,14389.0,324.0,20820.0,6.5,21.0,7.0,100.0,7.5,62.0,8.5,70.0,9.0,10.0,6.0,154.0,5.5,348.0,5.0,546.0,4.5,344.0,4.0,500.0
2023-04-27 21:07:14.25,1682600834250000000,7.0,6.5,4.5,14389.0,324.0,20820.0,6.5,21.0,7.0,90.0,7.5,72.0,8.5,70.0,9.0,10.0,6.0,154.0,5.5,348.0,5.0,546.0,4.5,344.0,4.0,500.0
2023-04-27 21:07:15.5,1682600835500000000,7.0,6.5,4.5,14389.0,324.0,20820.0,6.5,21.0,7.0,110.0,7.5,72.0,8.5,70.0,9.0,10.0,6.0,154.0,5.5,368.0,5.0,546.0,4.5,344.0,4.0,500.0
2023-04-27 21:07:20.5,1682600840500000000,7.0,6.5,4.5,14389.0,324.0,20820.0,6.5,21.0,7.0,110.0,7.5,52.0,8.5,70.0,9.0,10.0,6.0,154.0,5.5,368.0,5.0,526.0,4.5,344.0,4.0,500.0
2023-04-27 21:07:22.75,1682600842750000000,7.0,6.5,4.5,14389.0,324.0,20820.0,6.5,51.0,7.0,80.0,7.5,52.0,8.5,70.0,9.0,10.0,6.0,154.0,5.5,368.0,5.0,526.0,4.5,344.0,4.0,500.0
2023-04-27 21:07:23.25,1682600843250000000,7.0,6.5,4.5,14389.0,324.0,20820.0,6.5,51.0,7.0,80.0,7.5,52.0,8.5,70.0,9.0,55.0,6.0,154.0,5.5,368.0,5.0,571.0,4.5,344.0,4.0,500.0
2023-04-27 21:07:23.5,1682600843500000000,7.0,6.5,4.5,14389.0,324.0,20820.0,6.5,51.0,7.0,90.0,7.5,42.0,8.5,70.0,9.0,55.0,6.0,154.0,5.5,368.0,5.0,571.0,4.5,344.0,4.0,500.0
2023-04-27 21:07:24.0,1682600844000000000,7.0,6.5,4.5,14389.0,324.0,20820.0,6.5,21.0,7.0,110.0,7.5,52.0,8.5,70.0,9.0,55.0,6.0,154.0,5.5,368.0,5.0,571.0,4.5,344.0,4.0,500.0
2023-04-27 21:07:24.25,1682600844250000000,7.0,6.5,4.5,14389.0,324.0,20820.0,6.5,51.0,7.0,80.0,7.5,52.0,8.5,70.0,9.0,55.0,6.0,154.0,5.5,368.0,5.0,571.0,4.5,344.0,4.0,500.0
2023-04-27 21:07:26.5,1682600846500000000,7.0,6.5,4.5,14389.0,324.0,20820.0,6.5,69.0,7.0,62.0,7.5,52.0,8.5,70.0,9.0,55.0,6.0,154.0,5.5,368.0,5.0,571.0,4.5,344.0,4.0,500.0
2023-04-27 21:07:29.25,1682600849250000000,7.0,6.5,4.5,14389.0,334.0,21470.0,6.5,59.0,7.0,64.0,7.5,42.0,8.5,70.0,9.0,55.0,6.0,144.0,5.5,368.0,5.0,571.0,4.5,344.0,4.0,500.0
2023-04-27 21:07:29.5,1682600849500000000,7.0,6.5,4.5,14409.0,354.0,22770.0,6.5,29.0,7.0,64.0,7.5,72.0,8.5,70.0,9.0,55.0,6.0,133.0,5.5,368.0,5.0,571.0,4.5,344.0,4.0,500.0
2023-04-27 21:07:29.75,1682600849750000000,7.0,6.5,4.5,14409.0,354.0,22770.0,6.5,49.0,7.0,64.0,7.5,52.0,8.5,70.0,9.0,55.0,6.0,153.0,5.5,368.0,5.0,571.0,4.5,344.0,4.0,500.0
2023-04-27 21:07:30.75,1682600850750000000,7.0,6.5,4.5,14409.0,355.0,22835.0,6.5,48.0,7.0,64.0,7.5,52.0,8.5,70.0,9.0,55.0,6.0,153.0,5.5,368.0,5.0,571.0,4.5,344.0,4.0,500.0
2023-04-27 21:07:31.75,1682600851750000000,7.0,6.5,4.5,14410.0,356.0,22900.0,6.5,48.0,7.0,64.0,7.5,52.0,8.5,70.0,9.0,55.0,6.0,154.0,5.5,368.0,5.0,571.0,4.5,344.0,4.0,500.0
2023-04-27 21:07:32.0,1682600852000000000,7.0,6.5,4.5,14410.0,356.0,22900.0,6.5,69.0,7.0,64.0,7.5,52.0,8.5,70.0,9.0,55.0,6.0,154.0,5.5,368.0,5.0,571.0,4.5,344.0,4.0,500.0
2023-04-27 21:07:34.25,1682600854250000000,7.0,6.5,4.5,14420.0,366.0,23550.0,6.5,51.0,7.0,66.0,7.5,42.0,8.0,18.0,8.5,70.0,6.0,144.0,5.5,368.0,5.0,571.0,4.5,344.0,4.0,500.0
2023-04-27 21:07:35.0,1682600855000000000,7.0,6.5,4.5,14420.0,366.0,23550.0,6.5,51.0,7.0,66.0,7.5,52.0,8.0,18.0,8.5,70.0,6.0,154.0,5.5,368.0,5.0,571.0,4.5,344.0,4.0,500.0
2023-04-27 21:07:35.5,1682600855500000000,7.0,6.5,4.5,14420.0,366.0,23550.0,6.5,51.0,7.0,66.0,7.5,52.0,8.0,63.0,8.5,70.0,6.0,154.0,5.5,413.0,5.0,526.0,4.5,344.0,4.0,500.0
2023-04-27 21:07:36.75,1682600856750000000,7.0,6.5,4.5,14420.0,366.0,23550.0,6.5,51.0,7.0,72.0,7.5,42.0,8.0,63.0,8.5,70.0,6.0,154.0,5.5,413.0,5.0,526.0,4.5,344.0,4.0,500.0
2023-04-27 21:07:37.75,1682600857750000000,7.0,6.5,4.5,14420.0,366.0,23550.0,6.5,21.0,7.0,102.0,7.5,42.0,8.0,63.0,8.5,70.0,6.0,144.0,5.5,423.0,5.0,526.0,4.5,344.0,4.0,500.0
2023-04-27 21:07:40.25,1682600860250000000,7.0,6.5,4.5,14420.0,366.0,23550.0,6.5,39.0,7.0,72.0,7.5,72.0,8.0,45.0,8.5,70.0,6.0,154.0,5.5,413.0,5.0,526.0,4.5,344.0,4.0,500.0
2023-04-27 21:07:43.5,1682600863500000000,7.0,6.5,4.5,14420.0,366.0,23550.0,6.5,39.0,7.0,102.0,7.5,42.0,8.0,45.0,8.5,70.0,6.0,154.0,5.5,413.0,5.0,526.0,4.5,344.0,4.0,500.0
2023-04-27 21:07:46.75,1682600866750000000,7.0,6.5,4.5,14420.0,366.0,23550.0,6.5,39.0,7.0,72.0,7.5,72.0,8.0,45.0,8.5,70.0,6.0,154.0,5.5,413.0,5.0,526.0,4.5,344.0,4.0,500.0
2023-04-27 21:07:50.25,1682600870250000000,7.0,6.5,4.5,14459.0,405.0,26085.0,7.0,72.0,7.5,72.0,8.0,63.0,8.5,70.0,9.0,10.0,6.5,11.0,6.0,153.0,5.5,413.0,5.0,526.0,4.5,344.0
2023-04-27 21:07:50.5,1682600870500000000,7.0,6.5,4.5,14459.0,405.0,26085.0,7.0,62.0,7.5,102.0,8.0,63.0,8.5,70.0,9.0,10.0,6.5,41.0,6.0,123.0,5.5,413.0,5.0,526.0,4.5,344.0
2023-04-27 21:07:51.0,1682600871000000000,7.0,6.5,4.5,14459.0,405.0,26085.0,7.0,92.0,7.5,72.0,8.0,63.0,8.5,70.0,9.0,10.0,6.5,41.0,6.0,123.0,5.5,413.0,5.0,526.0,4.5,344.0
2023-04-27 21:07:51.5,1682600871500000000,7.0,6.5,4.5,14459.0,405.0,26085.0,7.0,93.0,7.5,72.0,8.0,63.0,8.5,70.0,9.0,10.0,6.5,42.0,6.0,123.0,5.5,413.0,5.0,526.0,4.5,344.0
2023-04-27 21:07:52.0,1682600872000000000,7.0,6.5,4.5,14489.0,435.0,28035.0,7.0,63.0,7.5,72.0,8.0,63.0,8.5,70.0,9.0,10.0,6.5,12.0,6.0,123.0,5.5,413.0,5.0,526.0,4.5,344.0
2023-04-27 21:07:52.25,1682600872250000000,7.0,6.5,4.5,14490.0,447.0,28815.0,6.5,18.0,7.0,82.0,7.5,42.0,8.0,63.0,8.5,70.0,6.0,143.0,5.5,413.0,5.0,526.0,4.5,344.0,4.0,500.0
2023-04-27 21:07:52.5,1682600872500000000,7.0,6.5,4.5,14491.0,448.0,28880.0,6.5,17.0,7.0,82.0,7.5,42.0,8.0,63.0,8.5,70.0,6.0,143.0,5.5,413.0,5.0,526.0,4.5,344.0,4.0,500.0
2023-04-27 21:07:52.75,1682600872750000000,7.0,6.5,4.5,14491.0,448.0,28880.0,6.5,37.0,7.0,62.0,7.5,42.0,8.0,63.0,8.5,70.0,6.0,143.0,5.5,413.0,5.0,526.0,4.5,344.0,4.0,500.0
2023-04-27 21:07:53.5,1682600873500000000,7.0,6.5,4.5,14491.0,448.0,28880.0,6.5,38.0,7.0,62.0,7.5,42.0,8.0,63.0,8.5,70.0,6.0,144.0,5.5,413.0,5.0,526.0,4.5,344.0,4.0,500.0
2023-04-27 21:07:54.75,1682600874750000000,7.0,6.5,4.5,14491.0,448.0,28880.0,6.5,21.0,7.0,92.0,7.5,42.0,8.0,63.0,8.5,70.0,6.0,144.0,5.5,413.0,5.0,526.0,4.5,344.0,4.0,500.0
2023-04-27 21:07:56.25,1682600876250000000,7.0,6.5,4.5,14491.0,448.0,28880.0,6.5,39.0,7.0,92.0,7.5,42.0,8.0,45.0,8.5,70.0,6.0,144.0,5.5,413.0,5.0,526.0,4.5,344.0,4.0,500.0
2023-04-27 21:07:57.25,1682600877250000000,7.0,6.5,4.5,14491.0,448.0,28880.0,6.5,69.0,7.0,62.0,7.5,42.0,8.0,45.0,8.5,70.0,6.0,144.0,5.5,413.0,5.0,526.0,4.5,344.0,4.0,500.0
2023-04-27 21:07:57.5,1682600877500000000,7.0,6.5,4.5,14491.0,448.0,28880.0,6.5,39.0,7.0,92.0,7.5,42.0,8.0,45.0,8.5,70.0,6.0,144.0,5.5,413.0,5.0,526.0,4.5,344.0,4.0,500.0
2023-04-27 21:07:57.75,1682600877750000000,7.0,6.5,4.5,14491.0,448.0,28880.0,6.5,69.0,7.0,62.0,7.5,42.0,8.0,45.0,8.5,70.0,6.0,144.0,5.5,413.0,5.0,526.0,4.5,344.0,4.0,500.0
2023-04-27 21:07:58.5,1682600878500000000,7.0,6.5,4.5,14491.0,448.0,28880.0,6.5,39.0,7.0,92.0,7.5,42.0,8.0,45.0,8.5,70.0,6.0,144.0,5.5,413.0,5.0,526.0,4.5,344.0,4.0,500.0
2023-04-27 21:07:59.0,1682600879000000000,7.0,6.5,4.5,14491.0,448.0,28880.0,6.5,39.0,7.0,82.0,7.5,42.0,8.0,45.0,8.5,70.0,6.0,144.0,5.5,403.0,5.0,526.0,4.5,349.0,4.0,500.0
2023-04-27 21:07:59.5,1682600879500000000,7.0,6.5,4.5,14491.0,448.0,28880.0,6.5,39.0,7.0,82.0,7.5,42.0,8.0,45.0,8.5,70.0,6.0,134.0,5.5,413.0,5.0,526.0,4.5,349.0,4.0,500.0
2023-04-27 21:07:59.75,1682600879750000000,7.0,6.5,4.5,14491.0,448.0,28880.0,6.5,39.0,7.0,82.0,7.5,42.0,8.0,45.0,8.5,70.0,6.0,134.0,5.5,368.0,5.0,571.0,4.5,349.0,4.0,500.0
2023-04-27 21:08:00.5,1682600880500000000,7.0,6.5,4.5,14491.0,448.0,28880.0,6.5,49.0,7.0,82.0,7.5,42.0,8.0,45.0,8.5,70.0,6.0,134.0,5.5,378.0,5.0,571.0,4.5,349.0,4.0,500.0
2023-04-27 21:08:01.25,1682600881250000000,7.0,6.5,4.5,14491.0,448.0,28880.0,6.5,49.0,7.0,82.0,7.5,87.0,8.5,70.0,9.0,10.0,6.0,179.0,5.5,378.0,5.0,526.0,4.5,349.0,4.0,500.0
2023-04-27 21:08:02.0,1682600882000000000,7.0,6.5,4.5,14491.0,448.0,28880.0,6.5,49.0,7.0,127.0,7.5,42.0,8.5,70.0,9.0,10.0,6.0,179.0,5.5,378.0,5.0,526.0,4.5,349.0,4.0,500.0
2023-04-27 21:08:06.0,1682600886000000000,7.0,6.5,4.5,14491.0,448.0,28880.0,6.5,49.0,7.0,127.0,7.5,42.0,8.5,70.0,9.0,10.0,6.0,134.0,5.5,423.0,5.0,526.0,4.5,349.0,4.0,500.0
2023-04-27 21:08:06.25,1682600886250000000,7.0,6.5,4.5,14491.0,448.0,28880.0,6.5,49.0,7.0,127.0,7.5,42.0,8.0,5.0,8.5,70.0,6.0,134.0,5.5,423.0,5.0,526.0,4.5,349.0,4.0,500.0
2023-04-27 21:08:08.25,1682600888250000000,7.0,6.5,4.5,14491.0,448.0,28880.0,6.5,59.0,7.0,117.0,7.5,42.0,8.0,5.0,8.5,70.0,6.0,134.0,5.5,423.0,5.0,526.0,4.5,349.0,4.0,500.0
2023-04-27 21:08:14.25,1682600894250000000,7.0,6.5,4.5,14491.0,448.0,28880.0,6.5,49.0,7.0,127.0,7.5,42.0,8.0,5.0,8.5,70.0,6.0,134.0,5.5,423.0,5.0,526.0,4.5,349.0,4.0,500.0
2023-04-27 21:08:17.25,1682600897250000000,7.0,6.5,4.5,14491.0,448.0,28880.0,6.5,59.0,7.0,117.0,7.5,42.0,8.0,5.0,8.5,70.0,6.0,134.0,5.5,423.0,5.0,526.0,4.5,349.0,4.0,500.0
2023-04-27 21:08:18.25,1682600898250000000,7.0,6.5,4.5,14491.0,448.0,28880.0,6.5,68.0,7.0,117.0,7.5,33.0,8.0,5.0,8.5,70.0,6.0,134.0,5.5,423.0,5.0,526.0,4.5,349.0,4.0,500.0
2023-04-27 21:08:22.25,1682600902250000000,7.0,6.5,4.5,14491.0,448.0,28880.0,6.5,68.0,7.0,117.0,7.5,33.0,8.0,5.0,8.5,70.0,6.0,125.0,5.5,432.0,5.0,526.0,4.5,349.0,4.0,500.0
2023-04-27 21:08:24.5,1682600904500000000,7.0,6.5,4.5,14491.0,448.0,28880.0,6.5,98.0,7.0,87.0,7.5,33.0,8.0,5.0,8.5,70.0,6.0,125.0,5.5,432.0,5.0,526.0,4.5,349.0,4.0,500.0
2023-04-27 21:08:24.75,1682600904750000000,7.0,6.5,4.5,14491.0,448.0,28880.0,6.5,88.0,7.0,97.0,7.5,33.0,8.0,5.0,8.5,70.0,6.0,125.0,5.5,432.0,5.0,526.0,4.5,349.0,4.0,500.0
2023-04-27 21:08:25.0,1682600905000000000,7.0,6.5,4.5,14491.0,448.0,28880.0,6.5,58.0,7.0,127.0,7.5,33.0,8.0,5.0,8.5,70.0,6.0,125.0,5.5,432.0,5.0,526.0,4.5,349.0,4.0,500.0
2023-04-27 21:08:25.75,1682600905750000000,7.0,6.5,4.5,14491.0,448.0,28880.0,6.5,68.0,7.0,117.0,7.5,33.0,8.0,5.0,8.5,70.0,6.0,125.0,5.5,432.0,5.0,526.0,4.5,349.0,4.0,500.0
2023-04-27 21:08:26.0,1682600906000000000,7.0,6.5,4.5,14491.0,448.0,28880.0,6.5,58.0,7.0,127.0,7.5,33.0,8.0,5.0,8.5,70.0,6.0,125.0,5.5,432.0,5.0,526.0,4.5,349.0,4.0,500.0
2023-04-27 21:08:26.25,1682600906250000000,7.0,6.5,4.5,14491.0,448.0,28880.0,6.5,68.0,7.0,117.0,7.5,33.0,8.0,5.0,8.5,70.0,6.0,125.0,5.5,432.0,5.0,526.0,4.5,349.0,4.0,500.0
2023-04-27 21:08:29.0,1682600909000000000,7.0,6.5,4.5,14491.0,448.0,28880.0,6.5,68.0,7.0,117.0,7.5,33.0,8.0,5.0,8.5,70.0,6.0,225.0,5.5,432.0,5.0,526.0,4.5,349.0,4.0,500.0
2023-04-27 21:08:29.25,1682600909250000000,7.0,6.5,4.5,14491.0,448.0,28880.0,6.5,68.0,7.0,117.0,7.5,33.0,8.0,5.0,8.5,70.0,6.0,225.0,5.5,462.0,5.0,526.0,4.5,349.0,4.0,500.0
2023-04-27 21:08:32.0,1682600912000000000,7.0,6.5,4.5,14491.0,448.0,28880.0,6.5,98.0,7.0,87.0,7.5,33.0,8.0,5.0,8.5,70.0,6.0,225.0,5.5,462.0,5.0,526.0,4.5,349.0,4.0,500.0
2023-04-27 21:08:33.5,1682600913500000000,7.0,6.5,4.5,14491.0,448.0,28880.0,6.5,68.0,7.0,117.0,7.5,33.0,8.0,5.0,8.5,70.0,6.0,225.0,5.5,462.0,5.0,526.0,4.5,349.0,4.0,500.0
2023-04-27 21:08:35.5,1682600915500000000,7.0,6.5,4.5,14491.0,448.0,28880.0,6.5,98.0,7.0,87.0,7.5,33.0,8.0,5.0,8.5,70.0,6.0,225.0,5.5,462.0,5.0,526.0,4.5,349.0,4.0,500.0
2023-04-27 21:08:36.75,1682600916750000000,7.0,6.5,4.5,14491.0,448.0,28880.0,6.5,68.0,7.0,117.0,7.5,33.0,8.0,5.0,8.5,70.0,6.0,225.0,5.5,462.0,5.0,526.0,4.5,349.0,4.0,500.0
2023-04-27 21:08:37.0,1682600917000000000,7.0,6.5,4.5,14491.0,448.0,28880.0,6.5,98.0,7.0,87.0,7.5,33.0,8.0,5.0,8.5,70.0,6.0,225.0,5.5,462.0,5.0,526.0,4.5,349.0,4.0,500.0
2023-04-27 21:08:41.25,1682600921250000000,7.0,6.5,4.5,14491.0,448.0,28880.0,6.5,68.0,7.0,117.0,7.5,33.0,8.0,5.0,8.5,70.0,6.0,225.0,5.5,462.0,5.0,526.0,4.5,349.0,4.0,500.0
2023-04-27 21:08:42.25,1682600922250000000,7.0,6.5,4.5,14491.0,448.0,28880.0,6.5,98.0,7.0,87.0,7.5,33.0,8.0,5.0,8.5,70.0,6.0,225.0,5.5,462.0,5.0,526.0,4.5,349.0,4.0,500.0
2023-04-27 21:08:42.75,1682600922750000000,7.0,6.5,4.5,14491.0,448.0,28880.0,6.5,68.0,7.0,117.0,7.5,33.0,8.0,5.0,8.5,70.0,6.0,225.0,5.5,462.0,5.0,526.0,4.5,349.0,4.0,500.0
2023-04-27 21:08:43.0,1682600923000000000,7.0,6.5,4.5,14491.0,448.0,28880.0,6.5,98.0,7.0,87.0,7.5,33.0,8.0,5.0,8.5,70.0,6.0,225.0,5.5,462.0,5.0,526.0,4.5,349.0,4.0,500.0
2023-04-27 21:08:44.5,1682600924500000000,7.0,6.5,4.5,14491.0,448.0,28880.0,6.5,98.0,7.0,87.0,7.5,33.0,8.0,5.0,8.5,70.0,6.0,125.0,5.5,462.0,5.0,526.0,4.5,349.0,4.0,500.0
2023-04-27 21:08:45.5,1682600925500000000,7.0,6.5,4.5,14491.0,448.0,28880.0,6.5,68.0,7.0,117.0,7.5,33.0,8.0,5.0,8.5,70.0,6.0,125.0,5.5,462.0,5.0,526.0,4.5,349.0,4.0,500.0
2023-04-27 21:08:48.0,1682600928000000000,7.0,6.5,4.5,14491.0,448.0,28880.0,6.5,98.0,7.0,87.0,7.5,33.0,8.0,5.0,8.5,70.0,6.0,125.0,5.5,462.0,5.0,526.0,4.5,349.0,4.0,500.0
2023-04-27 21:08:50.75,1682600930750000000,7.0,6.5,4.5,14491.0,448.0,28880.0,6.5,102.0,7.0,87.0,7.5,33.0,8.0,5.0,8.5,70.0,6.0,125.0,5.5,462.0,5.0,526.0,4.5,349.0,4.0,500.0
2023-04-27 21:08:51.0,1682600931000000000,7.0,6.5,4.5,14491.0,448.0,28880.0,6.5,72.0,7.0,117.0,7.5,33.0,8.0,5.0,8.5,70.0,6.0,125.0,5.5,462.0,5.0,526.0,4.5,349.0,4.0,500.0
2023-04-27 21:08:51.75,1682600931750000000,7.0,6.5,4.5,14491.0,448.0,28880.0,6.5,102.0,7.0,87.0,7.5,33.0,8.0,5.0,8.5,70.0,6.0,125.0,5.5,462.0,5.0,526.0,4.5,349.0,4.0,500.0
2023-04-27 21:08:52.5,1682600932500000000,7.0,6.5,4.5,14491.0,448.0,28880.0,6.5,62.0,7.0,117.0,7.5,33.0,8.0,5.0,8.5,70.0,6.0,125.0,5.5,452.0,5.0,526.0,4.5,349.0,4.0,500.0
2023-04-27 21:08:53.5,1682600933500000000,7.0,6.5,4.5,14491.0,448.0,28880.0,6.5,52.0,7.0,127.0,7.5,33.0,8.0,5.0,8.5,70.0,6.0,125.0,5.5,452.0,5.0,526.0,4.5,349.0,4.0,500.0
2023-04-27 21:08:53.75,1682600933750000000,7.0,6.5,4.5,14491.0,448.0,28880.0,6.5,62.0,7.0,117.0,7.5,33.0,8.0,5.0,8.5,70.0,6.0,125.0,5.5,452.0,5.0,526.0,4.5,349.0,4.0,500.0
2023-04-27 21:08:54.0,1682600934000000000,7.0,6.5,4.5,14491.0,448.0,28880.0,6.5,52.0,7.0,127.0,7.5,33.0,8.0,5.0,8.5,70.0,6.0,125.0,5.5,452.0,5.0,526.0,4.5,349.0,4.0,500.0
2023-04-27 21:08:54.25,1682600934250000000,7.0,6.5,4.5,14491.0,448.0,28880.0,6.5,52.0,7.0,127.0,7.5,33.0,8.0,5.0,8.5,70.0,6.0,134.0,5.5,452.0,5.0,526.0,4.5,349.0,4.0,500.0
2023-04-27 21:08:54.5,1682600934500000000,7.0,6.5,4.5,14491.0,448.0,28880.0,6.5,82.0,7.0,97.0,7.5,33.0,8.0,5.0,8.5,70.0,6.0,134.0,5.5,452.0,5.0,526.0,4.5,349.0,4.0,500.0
2023-04-27 21:08:55.0,1682600935000000000,7.0,6.5,4.5,14491.0,448.0,28880.0,6.5,52.0,7.0,127.0,7.5,33.0,8.0,5.0,8.5,70.0,6.0,134.0,5.5,452.0,5.0,526.0,4.5,349.0,4.0,500.0
2023-04-27 21:08:55.5,1682600935500000000,7.0,6.5,4.5,14491.0,448.0,28880.0,6.5,62.0,7.0,117.0,7.5,33.0,8.0,5.0,8.5,70.0,6.0,134.0,5.5,452.0,5.0,526.0,4.5,349.0,4.0,500.0
2023-04-27 21:08:55.75,1682600935750000000,7.0,6.5,4.5,14491.0,448.0,28880.0,6.5,92.0,7.0,87.0,7.5,33.0,8.0,5.0,8.5,70.0,6.0,134.0,5.5,452.0,5.0,526.0,4.5,349.0,4.0,500.0
2023-04-27 21:08:56.75,1682600936750000000,7.0,6.5,4.5,14491.0,448.0,28880.0,6.5,62.0,7.0,117.0,7.5,33.0,8.0,5.0,8.5,70.0,6.0,134.0,5.5,452.0,5.0,526.0,4.5,349.0,4.0,500.0
2023-04-27 21:08:57.0,1682600937000000000,7.0,6.5,4.5,14491.0,448.0,28880.0,6.5,92.0,7.0,87.0,7.5,33.0,8.0,5.0,8.5,70.0,6.0,134.0,5.5,452.0,5.0,526.0,4.5,349.0,4.0,500.0
2023-04-27 21:08:57.25,1682600937250000000,7.0,6.5,4.5,14491.0,448.0,28880.0,6.5,62.0,7.0,117.0,7.5,33.0,8.0,5.0,8.5,70.0,6.0,134.0,5.5,452.0,5.0,526.0,4.5,349.0,4.0,500.0
2023-04-27 21:08:58.0,1682600938000000000,7.0,6.5,4.5,14492.0,449.0,28945.0,6.5,91.0,7.0,87.0,7.5,33.0,8.0,5.0,8.5,70.0,6.0,134.0,5.5,452.0,5.0,526.0,4.5,349.0,4.0,500.0
2023-04-27 21:08:58.25,1682600938250000000,7.0,6.5,4.5,14492.0,449.0,28945.0,6.5,92.0,7.0,87.0,7.5,33.0,8.0,5.0,8.5,70.0,6.0,134.0,5.5,452.0,5.0,526.0,4.5,349.0,4.0,500.0
2023-04-27 21:08:59.25,1682600939250000000,7.0,6.5,4.5,14492.0,449.0,28945.0,6.5,62.0,7.0,117.0,7.5,33.0,8.0,5.0,8.5,70.0,6.0,134.0,5.5,452.0,5.0,526.0,4.5,349.0,4.0,500.0
2023-04-27 21:09:00.5,1682600940500000000,7.0,6.5,4.5,14492.0,449.0,28945.0,6.5,82.0,7.0,97.0,7.5,33.0,8.0,5.0,8.5,70.0,6.0,134.0,5.5,452.0,5.0,526.0,4.5,349.0,4.0,500.0
2023-04-27 21:09:00.75,1682600940750000000,7.0,6.5,4.5,14492.0,449.0,28945.0,6.5,62.0,7.0,117.0,7.5,33.0,8.0,5.0,8.5,70.0,6.0,134.0,5.5,452.0,5.0,526.0,4.5,349.0,4.0,500.0
2023-04-27 21:09:02.25,1682600942250000000,7.0,6.5,4.5,14492.0,449.0,28945.0,6.5,52.0,7.0,127.0,7.5,33.0,8.0,5.0,8.5,70.0,6.0,134.0,5.5,452.0,5.0,526.0,4.5,349.0,4.0,500.0
2023-04-27 21:09:11.25,1682600951250000000,7.0,6.5,4.5,14492.0,449.0,28945.0,6.5,62.0,7.0,117.0,7.5,33.0,8.0,5.0,8.5,70.0,6.0,134.0,5.5,452.0,5.0,526.0,4.5,349.0,4.0,500.0
2023-04-27 21:09:14.25,1682600954250000000,7.0,6.5,4.5,14492.0,449.0,28945.0,6.5,52.0,7.0,127.0,7.5,33.0,8.0,5.0,8.5,70.0,6.0,134.0,5.5,452.0,5.0,526.0,4.5,349.0,4.0,500.0
2023-04-27 21:09:19.25,1682600959250000000,7.0,6.5,4.5,14492.0,449.0,28945.0,6.5,52.0,7.0,127.0,7.5,33.0,8.0,5.0,8.5,70.0,6.0,179.0,5.5,407.0,5.0,526.0,4.5,349.0,4.0,500.0
2023-04-27 21:09:22.25,1682600962250000000,7.0,6.5,4.5,14492.0,449.0,28945.0,6.5,82.0,7.0,97.0,7.5,33.0,8.0,5.0,8.5,70.0,6.0,179.0,5.5,407.0,5.0,526.0,4.5,349.0,4.0,500.0
2023-04-27 21:09:23.0,1682600963000000000,7.0,6.5,4.5,14492.0,449.0,28945.0,6.5,52.0,7.0,127.0,7.5,33.0,8.0,5.0,8.5,70.0,6.0,179.0,5.5,407.0,5.0,526.0,4.5,349.0,4.0,500.0
2023-04-27 21:09:23.25,1682600963250000000,7.0,6.5,4.5,14492.0,449.0,28945.0,6.5,52.0,7.0,127.0,7.5,33.0,8.0,5.0,8.5,70.0,6.0,134.0,5.5,452.0,5.0,526.0,4.5,349.0,4.0,500.0
2023-04-27 21:09:24.25,1682600964250000000,7.0,6.5,4.5,14492.0,449.0,28945.0,6.5,52.0,7.0,127.0,7.5,33.0,8.0,5.0,8.5,70.0,6.0,179.0,5.5,407.0,5.0,526.0,4.5,349.0,4.0,500.0
2023-04-27 21:09:24.5,1682600964500000000,7.0,6.5,4.5,14492.0,449.0,28945.0,6.5,52.0,7.0,127.0,7.5,33.0,8.0,5.0,8.5,70.0,6.0,134.0,5.5,452.0,5.0,526.0,4.5,349.0,4.0,500.0
2023-04-27 21:09:26.25,1682600966250000000,7.0,6.5,4.5,14492.0,449.0,28945.0,6.5,62.0,7.0,117.0,7.5,33.0,8.0,5.0,8.5,70.0,6.0,134.0,5.5,452.0,5.0,526.0,4.5,349.0,4.0,500.0
2023-04-27 21:09:28.25,1682600968250000000,7.0,6.5,4.5,14492.0,449.0,28945.0,6.5,72.0,7.0,117.0,7.5,33.0,8.0,5.0,8.5,70.0,6.0,134.0,5.5,462.0,5.0,526.0,4.5,349.0,4.0,500.0
2023-04-27 21:09:30.0,1682600970000000000,7.0,6.5,4.5,14492.0,449.0,28945.0,6.5,62.0,7.0,127.0,7.5,33.0,8.0,5.0,8.5,70.0,6.0,134.0,5.5,462.0,5.0,526.0,4.5,349.0,4.0,500.0
2023-04-27 21:09:30.25,1682600970250000000,7.0,6.5,4.5,14492.0,449.0,28945.0,6.5,72.0,7.0,117.0,7.5,33.0,8.0,5.0,8.5,70.0,6.0,134.0,5.5,462.0,5.0,526.0,4.5,349.0,4.0,500.0
2023-04-27 21:09:30.5,1682600970500000000,7.0,6.5,4.5,14492.0,449.0,28945.0,6.5,62.0,7.0,127.0,7.5,33.0,8.0,5.0,8.5,70.0,6.0,134.0,5.5,462.0,5.0,526.0,4.5,349.0,4.0,500.0
2023-04-27 21:09:31.75,1682600971750000000,7.0,6.5,4.5,14492.0,449.0,28945.0,6.5,72.0,7.0,117.0,7.5,33.0,8.0,5.0,8.5,70.0,6.0,134.0,5.5,462.0,5.0,526.0,4.5,349.0,4.0,500.0
2023-04-27 21:09:32.0,1682600972000000000,7.0,6.5,4.5,14492.0,449.0,28945.0,6.5,62.0,7.0,127.0,7.5,33.0,8.0,5.0,8.5,70.0,6.0,134.0,5.5,462.0,5.0,526.0,4.5,349.0,4.0,500.0
2023-04-27 21:09:32.25,1682600972250000000,7.0,6.5,4.5,14492.0,449.0,28945.0,6.5,72.0,7.0,117.0,7.5,33.0,8.0,5.0,8.5,70.0,6.0,134.0,5.5,462.0,5.0,526.0,4.5,349.0,4.0,500.0
2023-04-27 21:09:34.5,1682600974500000000,7.0,6.5,4.5,14492.0,449.0,28945.0,6.5,62.0,7.0,127.0,7.5,33.0,8.0,5.0,8.5,70.0,6.0,134.0,5.5,462.0,5.0,526.0,4.5,349.0,4.0,500.0
2023-04-27 21:09:38.25,1682600978250000000,7.0,6.5,4.5,14492.0,449.0,28945.0,6.5,72.0,7.0,117.0,7.5,33.0,8.0,5.0,8.5,70.0,6.0,134.0,5.5,462.0,5.0,526.0,4.5,349.0,4.0,500.0
2023-04-27 21:09:43.75,1682600983750000000,7.0,6.5,4.5,14492.0,449.0,28945.0,6.5,72.0,7.0,117.0,7.5,33.0,8.0,5.0,8.5,70.0,6.0,135.0,5.5,462.0,5.0,526.0,4.5,349.0,4.0,500.0
2023-04-27 21:09:44.5,1682600984500000000,7.0,6.5,4.5,14492.0,449.0,28945.0,6.5,72.0,7.0,117.0,7.5,43.0,8.0,5.0,8.5,70.0,6.0,145.0,5.5,462.0,5.0,526.0,4.5,349.0,4.0,500.0
2023-04-27 21:09:46.5,1682600986500000000,7.0,6.5,4.5,14492.0,449.0,28945.0,6.5,72.0,7.0,117.0,7.5,43.0,8.0,5.0,8.5,70.0,6.0,146.0,5.5,462.0,5.0,526.0,4.5,349.0,4.0,500.0
2023-04-27 21:09:50.25,1682600990250000000,7.0,6.5,4.5,14492.0,449.0,28945.0,6.5,72.0,7.0,117.0,7.5,43.0,8.0,5.0,8.5,70.0,6.0,191.0,5.5,417.0,5.0,526.0,4.5,349.0,4.0,500.0
2023-04-27 21:09:52.5,1682600992500000000,7.0,6.5,4.5,14492.0,450.0,29010.0,6.5,71.0,7.0,117.0,7.5,43.0,8.0,5.0,8.5,70.0,6.0,190.0,5.5,417.0,5.0,526.0,4.5,349.0,4.0,500.0
2023-04-27 21:09:53.25,1682600993250000000,7.0,6.5,4.5,14492.0,450.0,29010.0,6.5,72.0,7.0,117.0,7.5,43.0,8.0,5.0,8.5,70.0,6.0,146.0,5.5,462.0,5.0,526.0,4.5,349.0,4.0,500.0
2023-04-27 21:09:54.5,1682600994500000000,7.0,6.5,4.5,14492.0,450.0,29010.0,6.5,117.0,7.0,72.0,7.5,43.0,8.0,5.0,8.5,70.0,6.0,146.0,5.5,462.0,5.0,526.0,4.5,349.0,4.0,500.0
2023-04-27 21:09:56.5,1682600996500000000,7.0,6.5,4.5,14492.0,450.0,29010.0,6.5,72.0,7.0,117.0,7.5,43.0,8.0,5.0,8.5,70.0,6.0,146.0,5.5,462.0,5.0,526.0,4.5,349.0,4.0,500.0
2023-04-27 21:09:57.5,1682600997500000000,7.0,6.5,4.5,14492.0,450.0,29010.0,6.5,72.0,7.0,117.0,7.5,43.0,8.0,5.0,8.5,70.0,6.0,191.0,5.5,417.0,5.0,526.0,4.5,349.0,4.0,500.0
2023-04-27 21:09:58.25,1682600998250000000,7.0,6.5,4.5,14492.0,450.0,29010.0,6.5,72.0,7.0,117.0,7.5,43.0,8.0,5.0,8.5,70.0,6.0,146.0,5.5,462.0,5.0,526.0,4.5,349.0,4.0,500.0
2023-04-27 21:09:58.5,1682600998500000000,7.0,6.5,4.5,14492.0,450.0,29010.0,6.5,72.0,7.0,117.0,7.5,43.0,8.0,5.0,8.5,70.0,6.0,191.0,5.5,417.0,5.0,526.0,4.5,349.0,4.0,500.0
2023-04-27 21:10:04.75,1682601004750000000,7.0,6.5,4.5,14492.0,450.0,29010.0,6.5,72.0,7.0,87.0,7.5,73.0,8.0,5.0,8.5,70.0,6.0,176.0,5.5,432.0,5.0,526.0,4.5,349.0,4.0,500.0
2023-04-27 21:10:06.25,1682601006250000000,7.0,6.5,4.5,14492.0,450.0,29010.0,6.5,117.0,7.0,42.0,7.5,73.0,8.0,5.0,8.5,70.0,6.0,176.0,5.5,432.0,5.0,526.0,4.5,349.0,4.0,500.0
2023-04-27 21:10:07.0,1682601007000000000,7.0,6.5,4.5,14492.0,450.0,29010.0,6.5,117.0,7.0,72.0,7.5,43.0,8.0,5.0,8.5,70.0,6.0,176.0,5.5,432.0,5.0,526.0,4.5,349.0,4.0,500.0
2023-04-27 21:10:07.25,1682601007250000000,7.0,6.5,4.5,14492.0,450.0,29010.0,6.5,117.0,7.0,42.0,7.5,73.0,8.0,5.0,8.5,70.0,6.0,176.0,5.5,432.0,5.0,526.0,4.5,349.0,4.0,500.0
2023-04-27 21:10:07.75,1682601007750000000,7.0,6.5,4.5,14492.0,450.0,29010.0,6.5,117.0,7.0,42.0,7.5,73.0,8.0,5.0,8.5,70.0,6.0,146.0,5.5,462.0,5.0,526.0,4.5,349.0,4.0,500.0
2023-04-27 21:10:08.5,1682601008500000000,7.0,6.5,4.5,14492.0,450.0,29010.0,6.5,117.0,7.0,72.0,7.5,43.0,8.0,5.0,8.5,70.0,6.0,176.0,5.5,432.0,5.0,526.0,4.5,349.0,4.0,500.0
2023-04-27 21:10:08.75,1682601008750000000,7.0,6.5,4.5,14492.0,450.0,29010.0,6.5,117.0,7.0,42.0,7.5,73.0,8.0,5.0,8.5,70.0,6.0,176.0,5.5,432.0,5.0,526.0,4.5,349.0,4.0,500.0
2023-04-27 21:10:09.5,1682601009500000000,7.0,6.5,4.5,14492.0,450.0,29010.0,6.5,117.0,7.0,72.0,7.5,43.0,8.0,5.0,8.5,70.0,6.0,176.0,5.5,432.0,5.0,526.0,4.5,349.0,4.0,500.0
2023-04-27 21:10:10.0,1682601010000000000,7.0,6.5,4.5,14492.0,450.0,29010.0,6.5,117.0,7.0,42.0,7.5,73.0,8.0,5.0,8.5,70.0,6.0,176.0,5.5,432.0,5.0,526.0,4.5,349.0,4.0,500.0
2023-04-27 21:10:10.5,1682601010500000000,7.0,6.5,4.5,14492.0,450.0,29010.0,6.5,117.0,7.0,42.0,7.5,73.0,8.0,5.0,8.5,70.0,6.0,146.0,5.5,462.0,5.0,526.0,4.5,349.0,4.0,500.0
2023-04-27 21:10:15.0,1682601015000000000,7.0,6.5,4.5,14492.0,456.0,29400.0,6.5,111.0,7.0,42.0,7.5,73.0,8.0,5.0,8.5,70.0,6.0,146.0,5.5,462.0,5.0,526.0,4.5,349.0,4.0,500.0
2023-04-27 21:10:15.25,1682601015250000000,7.0,6.5,4.5,14492.0,456.0,29400.0,6.5,101.0,7.0,42.0,7.5,73.0,8.0,5.0,8.5,70.0,6.0,146.0,5.5,452.0,5.0,526.0,4.5,349.0,4.0,500.0
2023-04-27 21:10:16.25,1682601016250000000,7.0,6.5,4.5,14492.0,456.0,29400.0,6.5,56.0,7.0,87.0,7.5,73.0,8.0,5.0,8.5,70.0,6.0,146.0,5.5,452.0,5.0,526.0,4.5,349.0,4.0,500.0
2023-04-27 21:10:16.5,1682601016500000000,7.0,6.5,4.5,14492.0,462.0,29790.0,6.5,44.0,7.0,87.0,7.5,73.0,8.0,23.0,8.5,70.0,6.0,146.0,5.5,452.0,5.0,526.0,4.5,349.0,4.0,500.0
2023-04-27 21:10:16.75,1682601016750000000,7.0,6.5,4.5,14486.0,468.0,30180.0,6.5,38.0,7.0,87.0,7.5,73.0,8.0,23.0,8.5,70.0,6.0,146.0,5.5,452.0,5.0,526.0,4.5,349.0,4.0,500.0
2023-04-27 21:10:17.0,1682601017000000000,7.0,6.5,4.5,14480.0,474.0,30570.0,6.5,32.0,7.0,87.0,7.5,73.0,8.0,23.0,8.5,70.0,6.0,191.0,5.5,407.0,5.0,526.0,4.5,349.0,4.0,500.0
2023-04-27 21:10:18.25,1682601018250000000,7.0,6.5,4.5,14479.0,480.0,30960.0,6.5,26.0,7.0,87.0,7.5,73.0,8.0,23.0,8.5,70.0,6.0,191.0,5.5,407.0,5.0,526.0,4.5,349.0,4.0,500.0
2023-04-27 21:10:18.5,1682601018500000000,7.0,6.5,4.5,14473.0,486.0,31350.0,6.5,21.0,7.0,97.0,7.5,73.0,8.0,23.0,8.5,70.0,6.0,192.0,5.5,407.0,5.0,526.0,4.5,349.0,4.0,500.0
2023-04-27 21:10:18.75,1682601018750000000,7.0,6.5,4.5,14473.0,492.0,31740.0,6.5,15.0,7.0,97.0,7.5,73.0,8.0,23.0,8.5,70.0,6.0,191.0,5.5,407.0,5.0,526.0,4.5,349.0,4.0,500.0
2023-04-27 21:10:19.25,1682601019250000000,7.0,6.5,4.5,14473.0,492.0,31740.0,7.0,117.0,7.5,73.0,8.0,23.0,8.5,70.0,9.0,10.0,6.5,30.0,6.0,161.0,5.5,407.0,5.0,526.0,4.5,349.0
2023-04-27 21:10:20.0,1682601020000000000,7.0,6.5,4.5,14473.0,492.0,31740.0,7.0,118.0,7.5,73.0,8.0,23.0,8.5,70.0,9.0,10.0,6.5,30.0,6.0,162.0,5.5,407.0,5.0,526.0,4.5,349.0
2023-04-27 21:10:22.5,1682601022500000000,7.0,6.5,4.5,14473.0,492.0,31740.0,7.0,136.0,7.5,73.0,8.0,5.0,8.5,70.0,9.0,10.0,6.5,48.0,6.0,144.0,5.5,407.0,5.0,526.0,4.5,349.0
2023-04-27 21:10:23.0,1682601023000000000,7.0,6.5,4.5,14473.0,492.0,31740.0,7.0,126.0,7.5,83.0,8.0,5.0,8.5,70.0,9.0,10.0,6.5,48.0,6.0,144.0,5.5,407.0,5.0,526.0,4.5,349.0
2023-04-27 21:10:23.75,1682601023750000000,7.0,6.5,4.5,14473.0,492.0,31740.0,7.0,126.0,7.5,83.0,8.0,5.0,8.5,70.0,9.0,10.0,6.5,38.0,6.0,154.0,5.5,407.0,5.0,526.0,4.5,349.0
2023-04-27 21:10:24.25,1682601024250000000,7.0,6.5,4.5,14473.0,492.0,31740.0,7.0,126.0,7.5,83.0,8.0,5.0,8.5,70.0,9.0,10.0,6.5,48.0,6.0,144.0,5.5,407.0,5.0,526.0,4.5,349.0
2023-04-27 21:10:25.0,1682601025000000000,7.0,6.5,4.5,14473.0,492.0,31740.0,7.0,136.0,7.5,73.0,8.0,5.0,8.5,70.0,9.0,10.0,6.5,48.0,6.0,144.0,5.5,407.0,5.0,526.0,4.5,349.0
2023-04-27 21:10:25.75,1682601025750000000,7.0,6.5,4.5,14473.0,492.0,31740.0,7.0,136.0,7.5,73.0,8.0,5.0,8.5,70.0,9.0,10.0,6.5,38.0,6.0,154.0,5.5,407.0,5.0,526.0,4.5,349.0
2023-04-27 21:10:26.0,1682601026000000000,7.0,6.5,4.5,14483.0,502.0,32390.0,7.0,126.0,7.5,73.0,8.0,5.0,8.5,70.0,9.0,10.0,6.5,28.0,6.0,157.0,5.5,397.0,5.0,526.0,4.5,349.0
2023-04-27 21:10:26.25,1682601026250000000,7.0,6.5,4.5,14483.0,502.0,32390.0,7.0,126.0,7.5,73.0,8.0,5.0,8.5,70.0,9.0,10.0,6.5,48.0,6.0,147.0,5.5,397.0,5.0,526.0,4.5,349.0
2023-04-27 21:10:28.5,1682601028500000000,7.0,6.5,4.5,14483.0,502.0,32390.0,7.0,136.0,7.5,73.0,8.0,5.0,8.5,70.0,9.0,10.0,6.5,38.0,6.0,157.0,5.5,407.0,5.0,526.0,4.5,349.0
2023-04-27 21:10:29.25,1682601029250000000,7.0,6.5,4.5,14483.0,502.0,32390.0,7.0,136.0,7.5,73.0,8.0,5.0,8.5,70.0,9.0,10.0,6.5,48.0,6.0,147.0,5.5,407.0,5.0,526.0,4.5,349.0
2023-04-27 21:10:30.75,1682601030750000000,7.0,6.5,4.5,14483.0,502.0,32390.0,7.0,146.0,7.5,73.0,8.0,5.0,8.5,70.0,9.0,10.0,6.5,39.0,6.0,166.0,5.5,407.0,5.0,526.0,4.5,349.0
2023-04-27 21:10:32.5,1682601032500000000,7.0,6.5,4.5,14483.0,502.0,32390.0,7.0,176.0,7.5,43.0,8.0,5.0,8.5,70.0,9.0,10.0,6.5,39.0,6.0,196.0,5.5,377.0,5.0,526.0,4.5,349.0
2023-04-27 21:10:36.0,1682601036000000000,7.0,6.5,4.5,14483.0,502.0,32390.0,7.0,176.0,7.5,43.0,8.0,5.0,8.5,70.0,9.0,10.0,6.5,39.0,6.0,166.0,5.5,407.0,5.0,526.0,4.5,349.0
2023-04-27 21:10:36.5,1682601036500000000,7.0,6.5,4.5,14493.0,512.0,33040.0,7.0,166.0,7.5,43.0,8.0,5.0,8.5,70.0,9.0,10.0,6.5,21.0,6.0,166.0,5.5,397.0,5.0,544.0,4.5,349.0
2023-04-27 21:10:37.25,1682601037250000000,7.0,6.5,4.5,14493.0,512.0,33040.0,7.0,176.0,7.5,43.0,8.0,5.0,8.5,70.0,9.0,10.0,6.5,21.0,6.0,166.0,5.5,407.0,5.0,544.0,4.5,349.0
2023-04-27 21:10:38.0,1682601038000000000,7.0,6.5,4.5,14493.0,512.0,33040.0,7.0,176.0,7.5,43.0,8.0,5.0,8.5,70.0,9.0,10.0,6.5,21.0,6.0,121.0,5.5,452.0,5.0,544.0,4.5,349.0
2023-04-27 21:10:38.5,1682601038500000000,7.0,6.5,4.5,14493.0,533.0,34405.0,7.0,175.0,7.5,43.0,8.0,5.0,8.5,70.0,9.0,10.0,6.0,166.0,5.5,407.0,5.0,544.0,4.5,349.0,4.0,500.0
2023-04-27 21:10:38.75,1682601038750000000,7.0,6.5,4.5,14493.0,533.0,34405.0,6.5,20.0,7.0,155.0,7.5,43.0,8.0,5.0,8.5,70.0,6.0,156.0,5.5,437.0,5.0,544.0,4.5,349.0,4.0,500.0
2023-04-27 21:10:39.0,1682601039000000000,7.0,6.5,4.5,14493.0,533.0,34405.0,6.5,20.0,7.0,155.0,7.5,43.0,8.0,5.0,8.5,70.0,6.0,111.0,5.5,482.0,5.0,544.0,4.5,349.0,4.0,500.0
2023-04-27 21:10:39.5,1682601039500000000,7.0,6.5,4.5,14493.0,533.0,34405.0,6.5,66.0,7.0,110.0,7.5,43.0,8.0,5.0,8.5,70.0,6.0,112.0,5.5,482.0,5.0,544.0,4.5,349.0,4.0,500.0
2023-04-27 21:10:40.25,1682601040250000000,7.0,6.5,4.5,14493.0,533.0,34405.0,6.5,66.0,7.0,120.0,7.5,43.0,8.0,5.0,8.5,70.0,6.0,122.0,5.5,482.0,5.0,544.0,4.5,349.0,4.0,500.0
2023-04-27 21:10:42.5,1682601042500000000,7.0,6.5,4.5,14493.0,533.0,34405.0,6.5,84.0,7.0,102.0,7.5,43.0,8.0,5.0,8.5,70.0,6.0,140.0,5.5,482.0,5.0,526.0,4.5,349.0,4.0,500.0
2023-04-27 21:10:48.25,1682601048250000000,7.0,6.5,4.5,14493.0,533.0,34405.0,6.5,114.0,7.0,72.0,7.5,43.0,8.0,5.0,8.5,70.0,6.0,140.0,5.5,462.0,5.0,546.0,4.5,349.0,4.0,500.0
2023-04-27 21:10:50.0,1682601050000000000,7.0,6.5,4.5,14493.0,533.0,34405.0,6.5,134.0,7.0,72.0,7.5,43.0,8.0,5.0,8.5,70.0,6.0,140.0,5.5,462.0,5.0,546.0,4.5,349.0,4.0,500.0
2023-04-27 21:10:50.5,1682601050500000000,7.0,6.5,4.5,14493.0,533.0,34405.0,6.5,104.0,7.0,102.0,7.5,43.0,8.0,5.0,8.5,70.0,6.0,140.0,5.5,462.0,5.0,546.0,4.5,349.0,4.0,500.0
2023-04-27 21:10:51.25,1682601051250000000,7.0,6.5,4.5,14493.0,533.0,34405.0,6.5,59.0,7.0,147.0,7.5,43.0,8.0,5.0,8.5,70.0,6.0,185.0,5.5,417.0,5.0,546.0,4.5,349.0,4.0,500.0
2023-04-27 21:10:51.5,1682601051500000000,7.0,6.5,4.5,14493.0,533.0,34405.0,6.5,89.0,7.0,117.0,7.5,43.0,8.0,5.0,8.5,70.0,6.0,185.0,5.5,417.0,5.0,546.0,4.5,349.0,4.0,500.0
2023-04-27 21:10:53.25,1682601053250000000,7.0,6.5,4.5,14493.0,533.0,34405.0,6.5,99.0,7.0,107.0,7.5,43.0,8.0,5.0,8.5,70.0,6.0,185.0,5.5,417.0,5.0,546.0,4.5,349.0,4.0,500.0
2023-04-27 21:10:53.5,1682601053500000000,7.0,6.5,4.5,14493.0,533.0,34405.0,6.5,89.0,7.0,117.0,7.5,43.0,8.0,5.0,8.5,70.0,6.0,185.0,5.5,417.0,5.0,546.0,4.5,349.0,4.0,500.0
2023-04-27 21:10:53.75,1682601053750000000,7.0,6.5,4.5,14493.0,533.0,34405.0,6.5,99.0,7.0,107.0,7.5,43.0,8.0,5.0,8.5,70.0,6.0,185.0,5.5,417.0,5.0,546.0,4.5,349.0,4.0,500.0
2023-04-27 21:10:54.5,1682601054500000000,7.0,6.5,4.5,14493.0,533.0,34405.0,6.5,69.0,7.0,137.0,7.5,43.0,8.0,5.0,8.5,70.0,6.0,185.0,5.5,417.0,5.0,546.0,4.5,349.0,4.0,500.0
2023-04-27 21:10:54.75,1682601054750000000,7.0,6.5,4.5,14493.0,533.0,34405.0,6.5,99.0,7.0,107.0,7.5,43.0,8.0,5.0,8.5,70.0,6.0,140.0,5.5,462.0,5.0,546.0,4.5,349.0,4.0,500.0
2023-04-27 21:10:56.0,1682601056000000000,7.0,6.5,4.5,14493.0,533.0,34405.0,6.5,89.0,7.0,117.0,7.5,43.0,8.0,5.0,8.5,70.0,6.0,140.0,5.5,462.0,5.0,546.0,4.5,349.0,4.0,500.0
2023-04-27 21:10:59.0,1682601059000000000,7.0,6.5,4.5,14493.0,533.0,34405.0,6.5,89.0,7.0,117.0,7.5,43.0,8.0,5.0,8.5,70.0,6.0,140.0,5.5,432.0,5.0,576.0,4.5,349.0,4.0,500.0
2023-04-27 21:11:00.25,1682601060250000000,7.0,6.5,4.5,14493.0,533.0,34405.0,6.5,89.0,7.0,117.0,7.5,43.0,8.0,5.0,8.5,70.0,6.0,136.0,5.5,432.0,5.0,576.0,4.5,349.0,4.0,500.0
2023-04-27 21:11:01.75,1682601061750000000,7.0,6.5,4.5,14493.0,533.0,34405.0,6.5,89.0,7.0,117.0,7.5,43.0,8.0,5.0,8.5,70.0,6.0,181.0,5.5,387.0,5.0,576.0,4.5,349.0,4.0,500.0
2023-04-27 21:11:03.5,1682601063500000000,7.0,6.5,4.5,14493.0,533.0,34405.0,6.5,89.0,7.0,117.0,7.5,43.0,8.0,5.0,8.5,70.0,6.0,181.0,5.5,417.0,5.0,546.0,4.5,349.0,4.0,500.0
2023-04-27 21:11:05.75,1682601065750000000,7.0,6.5,4.5,14493.0,533.0,34405.0,6.5,59.0,7.0,147.0,7.5,43.0,8.0,5.0,8.5,70.0,6.0,181.0,5.5,417.0,5.0,546.0,4.5,349.0,4.0,500.0
2023-04-27 21:11:07.5,1682601067500000000,7.0,6.5,4.5,14493.0,533.0,34405.0,6.5,89.0,7.0,117.0,7.5,43.0,8.0,5.0,8.5,70.0,6.0,181.0,5.5,417.0,5.0,546.0,4.5,349.0,4.0,500.0
2023-04-27 21:11:09.75,1682601069750000000,7.0,6.5,4.5,14493.0,533.0,34405.0,6.5,89.0,7.0,117.0,7.5,43.0,8.0,5.0,8.5,70.0,6.0,136.0,5.5,462.0,5.0,546.0,4.5,349.0,4.0,500.0
2023-04-27 21:11:11.0,1682601071000000000,7.0,6.5,4.5,14493.0,533.0,34405.0,6.5,99.0,7.0,107.0,7.5,43.0,8.0,5.0,8.5,70.0,6.0,136.0,5.5,462.0,5.0,546.0,4.5,349.0,4.0,500.0
2023-04-27 21:11:12.5,1682601072500000000,7.0,6.5,4.5,14493.0,533.0,34405.0,6.5,119.0,7.0,137.0,7.5,43.0,8.0,5.0,8.5,70.0,6.0,136.0,5.5,462.0,5.0,546.0,4.5,349.0,4.0,500.0
2023-04-27 21:11:14.0,1682601074000000000,7.0,6.5,4.5,14493.0,533.0,34405.0,6.5,109.0,7.0,147.0,7.5,43.0,8.0,5.0,8.5,70.0,6.0,136.0,5.5,462.0,5.0,546.0,4.5,349.0,4.0,500.0
2023-04-27 21:11:14.5,1682601074500000000,7.0,6.5,4.5,14493.0,533.0,34405.0,6.5,154.0,7.0,102.0,7.5,43.0,8.0,5.0,8.5,70.0,6.0,136.0,5.5,462.0,5.0,546.0,4.5,349.0,4.0,500.0
2023-04-27 21:11:14.75,1682601074750000000,7.0,6.5,4.5,14493.0,533.0,34405.0,6.5,164.0,7.0,92.0,7.5,43.0,8.0,5.0,8.5,70.0,6.0,136.0,5.5,462.0,5.0,546.0,4.5,349.0,4.0,500.0
2023-04-27 21:11:15.0,1682601075000000000,7.0,6.5,4.5,14493.0,533.0,34405.0,6.5,134.0,7.0,122.0,7.5,43.0,8.0,5.0,8.5,70.0,6.0,136.0,5.5,462.0,5.0,546.0,4.5,349.0,4.0,500.0
2023-04-27 21:11:16.25,1682601076250000000,7.0,6.5,4.5,14493.0,533.0,34405.0,6.5,124.0,7.0,132.0,7.5,43.0,8.0,5.0,8.5,70.0,6.0,136.0,5.5,462.0,5.0,546.0,4.5,349.0,4.0,500.0
2023-04-27 21:11:16.5,1682601076500000000,7.0,6.5,4.5,14493.0,533.0,34405.0,6.5,154.0,7.0,102.0,7.5,43.0,8.0,5.0,8.5,70.0,6.0,136.0,5.5,462.0,5.0,546.0,4.5,349.0,4.0,500.0
2023-04-27 21:11:17.0,1682601077000000000,7.0,6.5,4.5,14493.0,533.0,34405.0,6.5,124.0,7.0,132.0,7.5,43.0,8.0,5.0,8.5,70.0,6.0,136.0,5.5,462.0,5.0,546.0,4.5,349.0,4.0,500.0
2023-04-27 21:11:17.25,1682601077250000000,7.0,6.5,4.5,14493.0,533.0,34405.0,6.5,104.0,7.0,152.0,7.5,43.0,8.0,5.0,8.5,70.0,6.0,136.0,5.5,462.0,5.0,546.0,4.5,349.0,4.0,500.0
2023-04-27 21:11:17.75,1682601077750000000,7.0,6.5,4.5,14493.0,533.0,34405.0,6.5,124.0,7.0,132.0,7.5,43.0,8.0,5.0,8.5,70.0,6.0,136.0,5.5,462.0,5.0,546.0,4.5,349.0,4.0,500.0
2023-04-27 21:11:18.75,1682601078750000000,7.0,6.5,4.5,14493.0,533.0,34405.0,6.5,134.0,7.0,122.0,7.5,43.0,8.0,5.0,8.5,70.0,6.0,136.0,5.5,462.0,5.0,546.0,4.5,349.0,4.0,500.0
2023-04-27 21:11:19.0,1682601079000000000,7.0,6.5,4.5,14493.0,533.0,34405.0,6.5,124.0,7.0,132.0,7.5,43.0,8.0,5.0,8.5,70.0,6.0,136.0,5.5,462.0,5.0,546.0,4.5,349.0,4.0,500.0
2023-04-27 21:11:22.25,1682601082250000000,7.0,6.5,4.5,14493.0,533.0,34405.0,6.5,104.0,7.0,152.0,7.5,43.0,8.0,5.0,8.5,70.0,6.0,136.0,5.5,462.0,5.0,546.0,4.5,349.0,4.0,500.0
2023-04-27 21:11:23.0,1682601083000000000,7.0,6.5,4.5,14493.0,533.0,34405.0,6.5,114.0,7.0,142.0,7.5,43.0,8.0,5.0,8.5,70.0,6.0,136.0,5.5,462.0,5.0,546.0,4.5,349.0,4.0,500.0
2023-04-27 21:11:24.75,1682601084750000000,7.0,6.0,4.5,14503.0,543.0,35005.0,6.5,104.0,7.0,142.0,7.5,43.0,8.0,5.0,8.5,70.0,6.0,126.0,5.5,452.0,5.0,546.0,4.5,349.0,4.0,500.0
2023-04-27 21:11:26.25,1682601086250000000,7.0,6.0,4.5,14503.0,543.0,35005.0,6.5,114.0,7.0,142.0,7.5,43.0,8.0,5.0,8.5,70.0,6.0,126.0,5.5,462.0,5.0,546.0,4.5,349.0,4.0,500.0
2023-04-27 21:11:26.5,1682601086500000000,7.0,6.0,4.5,14503.0,543.0,35005.0,6.5,123.0,7.0,142.0,7.5,43.0,8.0,5.0,8.5,70.0,6.0,126.0,5.5,462.0,5.0,546.0,4.5,349.0,4.0,500.0
2023-04-27 21:11:27.5,1682601087500000000,7.0,6.0,4.5,14503.0,543.0,35005.0,6.5,113.0,7.0,152.0,7.5,43.0,8.0,5.0,8.5,70.0,6.0,126.0,5.5,462.0,5.0,546.0,4.5,349.0,4.0,500.0
2023-04-27 21:11:30.0,1682601090000000000,7.0,6.0,4.5,14503.0,543.0,35005.0,6.5,129.0,7.0,152.0,7.5,27.0,8.0,5.0,8.5,70.0,6.0,126.0,5.5,462.0,5.0,546.0,4.5,349.0,4.0,500.0
2023-04-27 21:11:32.0,1682601092000000000,7.0,6.0,4.5,14503.0,543.0,35005.0,6.5,139.0,7.0,142.0,7.5,27.0,8.0,5.0,8.5,70.0,6.0,126.0,5.5,462.0,5.0,546.0,4.5,349.0,4.0,500.0
2023-04-27 21:11:33.5,1682601093500000000,7.0,6.0,4.5,14503.0,543.0,35005.0,6.5,129.0,7.0,152.0,7.5,27.0,8.0,5.0,8.5,70.0,6.0,126.0,5.5,462.0,5.0,546.0,4.5,349.0,4.0,500.0
2023-04-27 21:11:34.25,1682601094250000000,7.0,6.0,4.5,14503.0,543.0,35005.0,6.5,139.0,7.0,142.0,7.5,27.0,8.0,5.0,8.5,70.0,6.0,126.0,5.5,462.0,5.0,546.0,4.5,349.0,4.0,500.0
2023-04-27 21:11:35.0,1682601095000000000,7.0,6.0,4.5,14503.0,543.0,35005.0,6.5,129.0,7.0,152.0,7.5,27.0,8.0,5.0,8.5,70.0,6.0,126.0,5.5,462.0,5.0,546.0,4.5,349.0,4.0,500.0
2023-04-27 21:11:35.25,1682601095250000000,7.0,6.0,4.5,14503.0,543.0,35005.0,6.5,159.0,7.0,122.0,7.5,27.0,8.0,5.0,8.5,70.0,6.0,126.0,5.5,462.0,5.0,546.0,4.5,349.0,4.0,500.0
2023-04-27 21:11:36.25,1682601096250000000,7.0,6.0,4.5,14503.0,543.0,35005.0,6.5,129.0,7.0,152.0,7.5,27.0,8.0,5.0,8.5,70.0,6.0,126.0,5.5,462.0,5.0,546.0,4.5,349.0,4.0,500.0
2023-04-27 21:11:39.25,1682601099250000000,7.0,6.0,4.5,14503.0,543.0,35005.0,6.5,139.0,7.0,152.0,7.5,27.0,8.0,5.0,8.5,70.0,6.0,126.0,5.5,462.0,5.0,546.0,4.5,349.0,4.0,500.0
2023-04-27 21:11:41.0,1682601101000000000,7.0,6.0,4.5,14503.0,543.0,35005.0,6.5,149.0,7.0,142.0,7.5,27.0,8.0,5.0,8.5,70.0,6.0,126.0,5.5,462.0,5.0,546.0,4.5,349.0,4.0,500.0
2023-04-27 21:11:41.75,1682601101750000000,7.0,6.0,4.5,14503.0,543.0,35005.0,6.5,104.0,7.0,187.0,7.5,27.0,8.0,5.0,8.5,70.0,6.0,126.0,5.5,462.0,5.0,546.0,4.5,349.0,4.0,500.0
2023-04-27 21:11:42.25,1682601102250000000,7.0,6.0,4.5,14503.0,543.0,35005.0,6.5,94.0,7.0,197.0,7.5,27.0,8.0,5.0,8.5,70.0,6.0,126.0,5.5,462.0,5.0,546.0,4.5,349.0,4.0,500.0
2023-04-27 21:11:43.5,1682601103500000000,7.0,6.0,4.5,14503.0,543.0,35005.0,6.5,124.0,7.0,167.0,7.5,27.0,8.0,5.0,8.5,70.0,6.0,126.0,5.5,462.0,5.0,546.0,4.5,349.0,4.0,500.0
2023-04-27 21:11:44.0,1682601104000000000,7.0,6.0,4.5,14503.0,543.0,35005.0,6.5,134.0,7.0,157.0,7.5,27.0,8.0,5.0,8.5,70.0,6.0,126.0,5.5,462.0,5.0,546.0,4.5,349.0,4.0,500.0
2023-04-27 21:11:44.75,1682601104750000000,7.0,6.0,4.5,14503.0,543.0,35005.0,6.5,179.0,7.0,112.0,7.5,27.0,8.0,5.0,8.5,70.0,6.0,126.0,5.5,462.0,5.0,546.0,4.5,349.0,4.0,500.0
2023-04-27 21:11:46.0,1682601106000000000,7.0,6.0,4.5,14503.0,543.0,35005.0,6.5,179.0,7.0,122.0,7.5,17.0,8.0,5.0,8.5,70.0,6.0,126.0,5.5,462.0,5.0,546.0,4.5,349.0,4.0,500.0
2023-04-27 21:11:46.75,1682601106750000000,7.0,6.0,4.5,14503.0,543.0,35005.0,6.5,149.0,7.0,152.0,7.5,17.0,8.0,5.0,8.5,70.0,6.0,126.0,5.5,462.0,5.0,546.0,4.5,349.0,4.0,500.0
2023-04-27 21:11:47.75,1682601107750000000,7.0,6.0,4.5,14503.0,543.0,35005.0,6.5,149.0,7.0,152.0,7.5,17.0,8.0,5.0,8.5,70.0,6.0,128.0,5.5,462.0,5.0,546.0,4.5,349.0,4.0,500.0
2023-04-27 21:11:48.25,1682601108250000000,7.0,6.0,4.5,14503.0,543.0,35005.0,6.5,149.0,7.0,142.0,7.5,27.0,8.0,5.0,8.5,70.0,6.0,128.0,5.5,462.0,5.0,546.0,4.5,349.0,4.0,500.0
2023-04-27 21:11:48.5,1682601108500000000,7.0,6.0,4.5,14503.0,543.0,35005.0,6.5,149.0,7.0,142.0,7.5,27.0,8.0,5.0,8.5,70.0,6.0,126.0,5.5,462.0,5.0,546.0,4.5,349.0,4.0,500.0
2023-04-27 21:11:48.75,1682601108750000000,7.0,6.0,4.5,14503.0,543.0,35005.0,6.5,149.0,7.0,152.0,7.5,17.0,8.0,5.0,8.5,70.0,6.0,116.0,5.5,472.0,5.0,546.0,4.5,349.0,4.0,500.0
2023-04-27 21:11:52.5,1682601112500000000,7.0,6.0,4.5,14503.0,543.0,35005.0,6.5,179.0,7.0,122.0,7.5,17.0,8.0,5.0,8.5,70.0,6.0,116.0,5.5,472.0,5.0,546.0,4.5,349.0,4.0,500.0
2023-04-27 21:11:52.75,1682601112750000000,7.0,6.0,4.5,14503.0,543.0,35005.0,6.5,149.0,7.0,152.0,7.5,17.0,8.0,5.0,8.5,70.0,6.0,116.0,5.5,472.0,5.0,546.0,4.5,349.0,4.0,500.0
2023-04-27 21:11:53.25,1682601113250000000,7.0,6.0,4.5,14503.0,543.0,35005.0,6.5,179.0,7.0,122.0,7.5,17.0,8.0,5.0,8.5,70.0,6.0,116.0,5.5,472.0,5.0,546.0,4.5,349.0,4.0,500.0
2023-04-27 21:11:54.25,1682601114250000000,7.0,6.0,4.5,14503.0,543.0,35005.0,6.5,169.0,7.0,132.0,7.5,17.0,8.0,5.0,8.5,70.0,6.0,116.0,5.5,472.0,5.0,546.0,4.5,349.0,4.0,500.0
2023-04-27 21:11:54.75,1682601114750000000,7.0,6.0,4.5,14503.0,543.0,35005.0,6.5,169.0,7.0,132.0,7.5,17.0,8.0,5.0,8.5,70.0,6.0,116.0,5.5,472.0,5.0,546.0,4.5,347.0,4.0,500.0
2023-04-27 21:11:55.75,1682601115750000000,7.0,6.0,4.5,14503.0,543.0,35005.0,6.5,199.0,7.0,102.0,7.5,17.0,8.0,5.0,8.5,70.0,6.0,116.0,5.5,472.0,5.0,546.0,4.5,347.0,4.0,500.0
2023-04-27 21:11:56.0,1682601116000000000,7.0,6.0,4.5,14503.0,543.0,35005.0,6.5,169.0,7.0,132.0,7.5,17.0,8.0,5.0,8.5,70.0,6.0,116.0,5.5,472.0,5.0,546.0,4.5,347.0,4.0,500.0
2023-04-27 21:11:56.25,1682601116250000000,7.0,6.0,4.5,14503.0,543.0,35005.0,6.5,149.0,7.0,152.0,7.5,17.0,8.0,5.0,8.5,70.0,6.0,116.0,5.5,462.0,5.0,556.0,4.5,347.0,4.0,500.0
2023-04-27 21:11:56.5,1682601116500000000,7.0,6.0,4.5,14503.0,543.0,35005.0,6.5,169.0,7.0,132.0,7.5,17.0,8.0,5.0,8.5,70.0,6.0,116.0,5.5,462.0,5.0,556.0,4.5,347.0,4.0,500.0
2023-04-27 21:11:57.0,1682601117000000000,7.0,6.0,4.5,14503.0,543.0,35005.0,6.5,199.0,7.0,102.0,7.5,17.0,8.0,5.0,8.5,70.0,6.0,116.0,5.5,462.0,5.0,556.0,4.5,347.0,4.0,500.0
2023-04-27 21:11:57.25,1682601117250000000,7.0,6.0,4.5,14503.0,543.0,35005.0,6.5,169.0,7.0,132.0,7.5,17.0,8.0,5.0,8.5,70.0,6.0,116.0,5.5,462.0,5.0,556.0,4.5,347.0,4.0,500.0
2023-04-27 21:11:57.75,1682601117750000000,7.0,6.0,4.5,14503.0,543.0,35005.0,6.5,169.0,7.0,132.0,7.5,17.0,8.0,5.0,8.5,70.0,6.0,107.0,5.5,462.0,5.0,556.0,4.5,347.0,4.0,500.0
2023-04-27 21:11:58.25,1682601118250000000,7.0,6.0,4.5,14503.0,543.0,35005.0,6.5,199.0,7.0,102.0,7.5,17.0,8.0,5.0,8.5,70.0,6.0,107.0,5.5,462.0,5.0,556.0,4.5,347.0,4.0,500.0
2023-04-27 21:12:00.25,1682601120250000000,7.0,6.0,4.5,14503.0,543.0,35005.0,6.5,169.0,7.0,132.0,7.5,17.0,8.0,5.0,8.5,70.0,6.0,107.0,5.5,462.0,5.0,556.0,4.5,347.0,4.0,500.0
2023-04-27 21:12:01.0,1682601121000000000,7.0,6.0,4.5,14503.0,543.0,35005.0,6.5,169.0,7.0,132.0,7.5,17.0,8.0,5.0,8.5,70.0,6.0,109.0,5.5,462.0,5.0,556.0,4.5,347.0,4.0,500.0
2023-04-27 21:12:01.5,1682601121500000000,7.0,6.0,4.5,14503.0,543.0,35005.0,6.5,149.0,7.0,152.0,7.5,17.0,8.0,5.0,8.5,70.0,6.0,109.0,5.5,462.0,5.0,556.0,4.5,347.0,4.0,500.0
2023-04-27 21:12:04.25,1682601124250000000,7.0,6.0,4.5,14503.0,543.0,35005.0,6.5,149.0,7.0,152.0,7.5,17.0,8.0,5.0,8.5,70.0,6.0,109.0,5.5,462.0,5.0,556.0,4.5,347.0,4.0,510.0
2023-04-27 21:12:11.75,1682601131750000000,7.0,6.0,4.5,14503.0,543.0,35005.0,6.5,179.0,7.0,122.0,7.5,17.0,8.0,5.0,8.5,70.0,6.0,109.0,5.5,462.0,5.0,556.0,4.5,347.0,4.0,510.0
2023-04-27 21:12:12.75,1682601132750000000,7.0,6.0,4.5,14503.0,543.0,35005.0,6.5,159.0,7.0,142.0,7.5,17.0,8.0,5.0,8.5,70.0,6.0,109.0,5.5,462.0,5.0,556.0,4.5,347.0,4.0,510.0
2023-04-27 21:12:13.75,1682601133750000000,7.0,6.0,4.5,14503.0,543.0,35005.0,6.5,159.0,7.0,112.0,7.5,47.0,8.0,5.0,8.5,70.0,6.0,137.0,5.5,434.0,5.0,556.0,4.5,347.0,4.0,510.0
2023-04-27 21:12:15.0,1682601135000000000,7.0,6.0,4.5,14503.0,543.0,35005.0,6.5,159.0,7.0,112.0,7.5,47.0,8.0,5.0,8.5,70.0,6.0,137.0,5.5,442.0,5.0,546.0,4.5,347.0,4.0,510.0
2023-04-27 21:12:15.25,1682601135250000000,7.0,6.0,4.5,14503.0,543.0,35005.0,6.5,159.0,7.0,112.0,7.5,47.0,8.0,5.0,8.5,70.0,6.0,137.0,5.5,432.0,5.0,556.0,4.5,347.0,4.0,510.0
2023-04-27 21:12:15.5,1682601135500000000,7.0,6.0,4.5,14503.0,543.0,35005.0,6.5,114.0,7.0,157.0,7.5,47.0,8.0,5.0,8.5,70.0,6.0,137.0,5.5,442.0,5.0,546.0,4.5,347.0,4.0,510.0
2023-04-27 21:12:16.0,1682601136000000000,7.0,6.0,4.5,14503.0,543.0,35005.0,6.5,114.0,7.0,187.0,7.5,17.0,8.0,5.0,8.5,70.0,6.0,137.0,5.5,442.0,5.0,546.0,4.5,347.0,4.0,510.0
2023-04-27 21:12:17.25,1682601137250000000,7.0,6.0,4.5,14503.0,543.0,35005.0,6.5,114.0,7.0,187.0,7.5,17.0,8.0,5.0,8.5,70.0,6.0,182.0,5.5,397.0,5.0,546.0,4.5,347.0,4.0,510.0
2023-04-27 21:12:18.25,1682601138250000000,7.0,6.0,4.5,14503.0,543.0,35005.0,6.5,114.0,7.0,187.0,7.5,17.0,8.0,5.0,8.5,70.0,6.0,137.0,5.5,442.0,5.0,546.0,4.5,347.0,4.0,510.0
2023-04-27 21:12:18.5,1682601138500000000,7.0,6.0,4.5,14503.0,543.0,35005.0,6.5,114.0,7.0,187.0,7.5,17.0,8.0,5.0,8.5,70.0,6.0,182.0,5.5,397.0,5.0,546.0,4.5,347.0,4.0,510.0
2023-04-27 21:12:18.75,1682601138750000000,7.0,6.5,4.5,14502.0,553.0,35655.0,6.5,85.0,7.0,187.0,7.5,17.0,8.0,5.0,8.5,70.0,6.0,163.0,5.5,387.0,5.0,546.0,4.5,347.0,4.0,510.0
2023-04-27 21:12:19.0,1682601139000000000,7.0,6.5,4.5,14502.0,553.0,35655.0,6.5,85.0,7.0,187.0,7.5,17.0,8.0,23.0,8.5,70.0,6.0,181.0,5.5,387.0,5.0,546.0,4.5,347.0,4.0,510.0
2023-04-27 21:12:19.5,1682601139500000000,7.0,6.5,4.5,14502.0,563.0,36305.0,6.5,75.0,7.0,187.0,7.5,17.0,8.0,23.0,8.5,70.0,6.0,181.0,5.5,387.0,5.0,546.0,4.5,347.0,4.0,510.0
2023-04-27 21:12:19.75,1682601139750000000,7.0,6.5,4.5,14502.0,563.0,36305.0,6.5,85.0,7.0,187.0,7.5,17.0,8.0,23.0,8.5,70.0,6.0,201.0,5.5,387.0,5.0,526.0,4.5,347.0,4.0,510.0
2023-04-27 21:12:20.0,1682601140000000000,7.0,6.5,4.5,14501.0,564.0,36370.0,6.5,84.0,7.0,187.0,7.5,17.0,8.0,23.0,8.5,70.0,6.0,201.0,5.5,387.0,5.0,526.0,4.5,347.0,4.0,510.0
2023-04-27 21:12:20.25,1682601140250000000,7.0,6.5,4.5,14501.0,564.0,36370.0,6.5,84.0,7.0,157.0,7.5,47.0,8.0,23.0,8.5,70.0,6.0,156.0,5.5,432.0,5.0,526.0,4.5,347.0,4.0,510.0
2023-04-27 21:12:20.75,1682601140750000000,7.0,6.5,4.5,14501.0,564.0,36370.0,6.5,84.0,7.0,157.0,7.5,47.0,8.0,23.0,8.5,70.0,6.0,210.0,5.5,387.0,5.0,526.0,4.5,347.0,4.0,510.0
2023-04-27 21:12:21.0,1682601141000000000,7.0,6.5,4.5,14501.0,564.0,36370.0,6.5,85.0,7.0,157.0,7.5,47.0,8.0,23.0,8.5,70.0,6.0,211.0,5.5,387.0,5.0,526.0,4.5,347.0,4.0,510.0
2023-04-27 21:12:21.25,1682601141250000000,7.0,6.5,4.5,14501.0,564.0,36370.0,6.5,85.0,7.0,147.0,7.5,47.0,8.0,23.0,8.5,70.0,6.0,211.0,5.5,377.0,5.0,526.0,4.5,347.0,4.0,510.0
2023-04-27 21:12:21.75,1682601141750000000,7.0,6.5,4.5,14501.0,564.0,36370.0,6.5,85.0,7.0,187.0,7.5,17.0,8.0,23.0,8.5,70.0,6.0,221.0,5.5,377.0,5.0,526.0,4.5,347.0,4.0,510.0
2023-04-27 21:12:22.25,1682601142250000000,7.0,6.5,4.5,14501.0,564.0,36370.0,6.5,95.0,7.0,187.0,7.5,17.0,8.0,23.0,8.5,70.0,6.0,221.0,5.5,377.0,5.0,536.0,4.5,347.0,4.0,510.0
2023-04-27 21:12:22.75,1682601142750000000,7.0,6.5,4.5,14501.0,564.0,36370.0,6.5,95.0,7.0,157.0,7.5,47.0,8.0,23.0,8.5,70.0,6.0,221.0,5.5,377.0,5.0,536.0,4.5,347.0,4.0,510.0
2023-04-27 21:12:23.0,1682601143000000000,7.0,6.5,4.5,14501.0,564.0,36370.0,6.5,95.0,7.0,157.0,7.5,47.0,8.0,23.0,8.5,70.0,6.0,166.0,5.5,432.0,5.0,536.0,4.5,347.0,4.0,510.0
2023-04-27 21:12:23.25,1682601143250000000,7.0,6.0,4.5,14511.0,574.0,36970.0,6.5,85.0,7.0,157.0,7.5,47.0,8.0,23.0,8.5,70.0,6.0,156.0,5.5,432.0,5.0,526.0,4.5,347.0,4.0,510.0
2023-04-27 21:12:23.5,1682601143500000000,7.0,6.0,4.5,14511.0,574.0,36970.0,6.5,85.0,7.0,157.0,7.5,47.0,8.0,23.0,8.5,70.0,6.0,211.0,5.5,377.0,5.0,526.0,4.5,347.0,4.0,510.0
2023-04-27 21:12:23.75,1682601143750000000,7.0,6.5,4.5,14505.0,580.0,37360.0,6.5,79.0,7.0,157.0,7.5,47.0,8.0,23.0,8.5,70.0,6.0,213.0,5.5,377.0,5.0,526.0,4.5,347.0,4.0,510.0
2023-04-27 21:12:24.0,1682601144000000000,7.0,6.5,4.5,14499.0,586.0,37750.0,6.5,73.0,7.0,157.0,7.5,47.0,8.0,23.0,8.5,70.0,6.0,213.0,5.5,377.0,5.0,526.0,4.5,347.0,4.0,510.0
2023-04-27 21:12:24.25,1682601144250000000,7.0,6.5,4.5,14493.0,592.0,38140.0,6.5,67.0,7.0,157.0,7.5,47.0,8.0,23.0,8.5,70.0,6.0,213.0,5.5,377.0,5.0,526.0,4.5,347.0,4.0,510.0
2023-04-27 21:12:24.5,1682601144500000000,7.0,6.5,4.5,14493.0,592.0,38140.0,6.5,77.0,7.0,157.0,7.5,47.0,8.0,23.0,8.5,70.0,6.0,213.0,5.5,387.0,5.0,526.0,4.5,347.0,4.0,510.0
2023-04-27 21:12:24.75,1682601144750000000,7.0,6.5,4.5,14493.0,592.0,38140.0,6.5,77.0,7.0,157.0,7.5,47.0,8.0,5.0,8.5,70.0,6.0,150.0,5.5,432.0,5.0,526.0,4.5,347.0,4.0,510.0
2023-04-27 21:12:25.0,1682601145000000000,7.0,6.5,4.5,14487.0,598.0,38530.0,6.5,89.0,7.0,157.0,7.5,47.0,8.0,5.0,8.5,70.0,6.0,213.0,5.5,387.0,5.0,526.0,4.5,347.0,4.0,510.0
