datetime,datetime_nano,highest,last_price,lowest,open_interest,volume,amount,ask_price1,ask_volume1,ask_price2,ask_volume2,ask_price3,ask_volume3,ask_price4,ask_volume4,ask_price5,ask_volume5,bid_price1,bid_volume1,bid_price2,bid_volume2,bid_price3,bid_volume3,bid_price4,bid_volume4,bid_price5,bid_volume5
2023-04-27 20:55:59.0,1682600159000000000,,,,3338.0,0.0,0.0,,0.0,,0.0,,0.0,,0.0,,0.0,,0.0,,0.0,,0.0,,0.0,,0.0
2023-04-27 20:59:00.0,1682600340000000000,,,,3338.0,0.0,0.0,502.0,111.0,,0.0,,0.0,,0.0,,0.0,390.0,1.0,380.0,1.0,109.0,1.0,89.0,4.0,72.0,6.0
2023-04-27 21:00:00.0,1682600400000000000,,,,3338.0,0.0,0.0,502.0,111.0,,0.0,,0.0,,0.0,,0.0,390.0,1.0,384.0,1.0,380.0,1.0,109.0,1.0,89.0,4.0
2023-04-27 21:00:00.25,1682600400250000000,,,,3338.0,0.0,0.0,501.5,10.0,502.0,111.0,,0.0,,0.0,,0.0,390.5,10.0,390.0,1.0,384.0,1.0,380.0,1.0,109.0,1.0
2023-04-27 21:00:03.25,1682600403250000000,,,,3338.0,0.0,0.0,498.5,10.0,501.5,10.0,502.0,111.0,,0.0,,0.0,393.5,10.0,390.5,10.0,390.0,1.0,384.0,1.0,380.0,1.0
2023-04-27 21:00:03.5,1682600403500000000,,,,3338.0,0.0,0.0,483.5,24.0,498.5,10.0,501.5,10.0,502.0,111.0,,0.0,393.5,10.0,390.5,10.0,390.0,1.0,384.0,1.0,380.0,1.0
2023-04-27 21:00:04.0,1682600404000000000,,,,3338.0,0.0,0.0,483.5,24.0,498.0,10.0,498.5,10.0,502.0,111.0,,0.0,394.0,10.0,393.5,10.0,390.0,1.0,384.0,1.0,380.0,1.0
2023-04-27 21:00:04.25,1682600404250000000,,,,3338.0,0.0,0.0,483.5,24.0,498.0,10.0,502.0,111.0,,0.0,,0.0,394.0,10.0,393.5,10.0,390.0,1.0,384.0,1.0,380.0,1.0
2023-04-27 21:00:04.5,1682600404500000000,,,,3338.0,0.0,0.0,483.0,20.0,483.5,24.0,502.0,111.0,,0.0,,0.0,419.5,24.0,394.5,10.0,394.0,10.0,390.0,1.0,384.0,1.0
2023-04-27 21:00:04.75,1682600404750000000,,,,3338.0,0.0,0.0,480.5,10.0,483.0,20.0,483.5,24.0,502.0,111.0,,0.0,419.5,24.0,394.5,10.0,394.0,10.0,390.0,1.0,384.0,1.0
2023-04-27 21:00:05.0,1682600405000000000,,,,3338.0,0.0,0.0,480.5,10.0,483.0,20.0,483.5,24.0,502.0,111.0,,0.0,419.5,24.0,394.0,10.0,390.0,1.0,384.0,1.0,380.0,1.0
2023-04-27 21:00:05.25,1682600405250000000,,,,3338.0,0.0,0.0,482.5,10.0,483.5,24.0,502.0,111.0,,0.0,,0.0,422.5,10.0,420.0,20.0,419.5,24.0,390.0,1.0,384.0,1.0
2023-04-27 21:00:05.5,1682600405500000000,,,,3338.0,0.0,0.0,477.5,10.0,482.0,10.0,482.5,10.0,483.5,24.0,502.0,111.0,422.5,10.0,420.0,10.0,419.5,24.0,390.0,1.0,384.0,1.0
2023-04-27 21:00:05.75,1682600405750000000,,,,3338.0,0.0,0.0,477.5,10.0,482.5,10.0,483.5,24.0,502.0,111.0,,0.0,422.5,10.0,420.0,10.0,419.5,24.0,390.0,1.0,384.0,1.0
2023-04-27 21:00:06.0,1682600406000000000,,,,3338.0,0.0,0.0,477.0,10.0,477.5,10.0,482.5,10.0,483.5,24.0,502.0,111.0,422.5,10.0,420.0,10.0,419.5,24.0,390.0,1.0,384.0,1.0
2023-04-27 21:00:06.25,1682600406250000000,,,,3338.0,0.0,0.0,477.0,20.0,477.5,10.0,483.5,24.0,502.0,111.0,,0.0,422.5,10.0,419.5,24.0,417.5,10.0,390.0,1.0,384.0,1.0
2023-04-27 21:00:06.5,1682600406500000000,,,,3338.0,0.0,0.0,474.0,10.0,477.0,20.0,483.5,24.0,502.0,111.0,,0.0,422.5,10.0,419.5,24.0,417.5,10.0,390.0,1.0,384.0,1.0
2023-04-27 21:00:06.75,1682600406750000000,,,,3338.0,0.0,0.0,474.0,10.0,477.0,10.0,483.5,24.0,502.0,111.0,,0.0,422.5,10.0,419.5,24.0,417.5,10.0,390.0,1.0,384.0,1.0
2023-04-27 21:00:07.0,1682600407000000000,,,,3338.0,0.0,0.0,473.5,10.0,474.0,10.0,477.0,10.0,483.5,24.0,502.0,111.0,422.5,10.0,419.5,24.0,417.5,10.0,390.0,1.0,384.0,1.0
2023-04-27 21:00:07.25,1682600407250000000,,,,3338.0,0.0,0.0,470.5,10.0,473.5,10.0,477.0,10.0,483.5,24.0,502.0,111.0,422.5,10.0,419.5,24.0,417.5,10.0,390.0,1.0,384.0,1.0
2023-04-27 21:00:07.75,1682600407750000000,,,,3338.0,0.0,0.0,470.5,10.0,477.0,10.0,483.5,24.0,502.0,111.0,,0.0,422.5,10.0,419.5,24.0,417.5,10.0,390.0,1.0,384.0,1.0
2023-04-27 21:00:08.0,1682600408000000000,,,,3338.0,0.0,0.0,470.5,10.0,477.0,10.0,483.5,24.0,502.0,111.0,,0.0,421.5,10.0,419.5,24.0,417.5,10.0,390.0,1.0,384.0,1.0
2023-04-27 21:00:08.25,1682600408250000000,,,,3338.0,0.0,0.0,470.5,10.0,477.0,10.0,483.5,24.0,502.0,111.0,,0.0,421.0,10.0,419.5,24.0,417.5,10.0,390.0,1.0,384.0,1.0
2023-04-27 21:00:08.5,1682600408500000000,,,,3338.0,0.0,0.0,470.0,10.0,470.5,10.0,483.5,24.0,502.0,111.0,,0.0,419.5,24.0,419.0,10.0,412.5,10.0,390.0,1.0,384.0,1.0
2023-04-27 21:00:08.75,1682600408750000000,,,,3338.0,0.0,0.0,467.0,10.0,470.0,10.0,483.5,24.0,502.0,111.0,,0.0,419.5,24.0,419.0,20.0,390.0,1.0,384.0,1.0,380.0,1.0
2023-04-27 21:00:09.25,1682600409250000000,,,,3338.0,0.0,0.0,467.0,10.0,472.5,10.0,483.5,24.0,502.0,111.0,,0.0,419.5,24.0,419.0,10.0,414.5,10.0,390.0,1.0,384.0,1.0
2023-04-27 21:00:09.5,1682600409500000000,,,,3338.0,0.0,0.0,466.5,10.0,467.0,10.0,472.5,10.0,483.5,24.0,502.0,111.0,420.5,10.0,419.5,24.0,414.5,10.0,390.0,1.0,384.0,1.0
2023-04-27 21:00:09.75,1682600409750000000,,,,3338.0,0.0,0.0,466.5,10.0,472.5,10.0,483.5,24.0,502.0,111.0,,0.0,419.5,24.0,414.5,10.0,390.0,1.0,384.0,1.0,380.0,1.0
2023-04-27 21:00:11.0,1682600411000000000,,,,3338.0,0.0,0.0,463.5,10.0,466.5,10.0,472.5,10.0,483.5,24.0,502.0,111.0,420.0,10.0,419.5,24.0,414.5,10.0,390.0,1.0,384.0,1.0
2023-04-27 21:00:11.25,1682600411250000000,,,,3338.0,0.0,0.0,463.5,10.0,472.5,10.0,483.5,24.0,502.0,111.0,,0.0,420.0,10.0,419.5,24.0,414.5,10.0,390.0,1.0,384.0,1.0
2023-04-27 21:00:11.5,1682600411500000000,,,,3338.0,0.0,0.0,463.0,10.0,463.5,10.0,472.5,10.0,483.5,24.0,502.0,111.0,419.5,34.0,414.5,10.0,390.0,1.0,384.0,1.0,380.0,1.0
2023-04-27 21:00:11.75,1682600411750000000,,,,3338.0,0.0,0.0,460.0,10.0,463.0,10.0,472.5,10.0,483.5,24.0,502.0,111.0,419.5,34.0,414.5,10.0,390.0,1.0,384.0,1.0,380.0,1.0
2023-04-27 21:00:12.0,1682600412000000000,,,,3338.0,0.0,0.0,460.0,10.0,472.5,10.0,483.5,24.0,502.0,111.0,,0.0,419.5,24.0,417.5,10.0,414.5,10.0,390.0,1.0,384.0,1.0
2023-04-27 21:00:12.25,1682600412250000000,,,,3338.0,0.0,0.0,459.5,24.0,460.0,10.0,472.5,10.0,502.0,111.0,,0.0,419.5,24.0,417.5,10.0,414.5,10.0,384.0,1.0,380.0,1.0
2023-04-27 21:00:12.5,1682600412500000000,,,,3338.0,0.0,0.0,456.5,10.0,459.5,24.0,472.5,10.0,502.0,111.0,,0.0,419.5,24.0,417.5,10.0,414.5,10.0,384.0,1.0,109.0,1.0
2023-04-27 21:00:14.5,1682600414500000000,,,,3338.0,0.0,0.0,456.5,10.0,459.5,24.0,472.5,10.0,502.0,111.0,,0.0,419.5,24.0,417.0,10.0,414.5,10.0,384.0,1.0,109.0,1.0
2023-04-27 21:00:15.5,1682600415500000000,,,,3338.0,0.0,0.0,456.5,10.0,459.5,24.0,472.5,10.0,502.0,111.0,,0.0,419.5,24.0,416.5,10.0,414.5,10.0,384.0,1.0,109.0,1.0
2023-04-27 21:00:16.25,1682600416250000000,,,,3338.0,0.0,0.0,456.5,10.0,459.5,24.0,465.0,10.0,502.0,111.0,,0.0,419.5,24.0,415.0,10.0,408.5,10.0,384.0,1.0,109.0,1.0
2023-04-27 21:00:16.5,1682600416500000000,,,,3338.0,0.0,0.0,456.5,10.0,459.5,24.0,465.0,10.0,502.0,111.0,,0.0,419.5,24.0,411.5,10.0,408.5,10.0,384.0,1.0,109.0,1.0
2023-04-27 21:00:26.75,1682600426750000000,,,,3338.0,0.0,0.0,456.5,10.0,459.5,34.0,465.0,10.0,502.0,111.0,,0.0,431.5,10.0,419.5,24.0,411.5,10.0,408.5,10.0,384.0,1.0
2023-04-27 21:00:27.5,1682600427500000000,,,,3338.0,0.0,0.0,456.5,10.0,459.5,24.0,465.0,10.0,502.0,111.0,,0.0,419.5,24.0,411.5,10.0,408.5,10.0,384.0,1.0,109.0,1.0
2023-04-27 21:00:40.25,1682600440250000000,,,,3338.0,0.0,0.0,456.5,10.0,459.5,24.0,465.0,10.0,502.0,111.0,,0.0,419.5,24.0,411.0,10.0,408.5,10.0,384.0,1.0,109.0,1.0
2023-04-27 21:00:40.5,1682600440500000000,,,,3338.0,0.0,0.0,456.0,10.0,456.5,10.0,459.5,24.0,465.0,10.0,502.0,111.0,419.5,24.0,411.0,10.0,408.5,10.0,384.0,1.0,109.0,1.0
2023-04-27 21:00:40.75,1682600440750000000,,,,3338.0,0.0,0.0,453.0,10.0,456.0,10.0,459.5,24.0,465.0,10.0,502.0,111.0,419.5,24.0,411.0,10.0,408.5,10.0,384.0,1.0,109.0,1.0
2023-04-27 21:00:41.0,1682600441000000000,,,,3338.0,0.0,0.0,453.0,10.0,459.5,24.0,465.0,10.0,502.0,111.0,,0.0,419.5,24.0,411.0,10.0,408.5,10.0,384.0,1.0,109.0,1.0
2023-04-27 21:00:44.0,1682600444000000000,,,,3338.0,0.0,0.0,453.0,10.0,459.5,24.0,465.0,10.0,502.0,111.0,,0.0,419.5,24.0,411.0,10.0,408.5,10.0,109.0,1.0,89.0,4.0
2023-04-27 21:00:50.5,1682600450500000000,,,,3338.0,0.0,0.0,453.0,10.0,458.5,10.0,459.5,24.0,502.0,111.0,,0.0,419.5,24.0,410.0,10.0,403.0,10.0,109.0,1.0,89.0,4.0
2023-04-27 21:00:50.75,1682600450750000000,,,,3338.0,0.0,0.0,452.5,10.0,453.0,10.0,458.5,10.0,459.5,24.0,502.0,111.0,419.5,24.0,410.0,10.0,403.0,10.0,109.0,1.0,89.0,4.0
2023-04-27 21:00:51.0,1682600451000000000,,,,3338.0,0.0,0.0,449.5,10.0,452.5,10.0,458.5,10.0,459.5,24.0,502.0,111.0,419.5,24.0,410.0,10.0,403.0,10.0,109.0,1.0,89.0,4.0
2023-04-27 21:00:51.25,1682600451250000000,,,,3338.0,0.0,0.0,449.5,10.0,458.5,10.0,459.5,24.0,502.0,111.0,,0.0,419.5,24.0,410.0,10.0,403.0,10.0,109.0,1.0,89.0,4.0
2023-04-27 21:00:52.0,1682600452000000000,,,,3338.0,0.0,0.0,449.5,10.0,458.5,10.0,459.5,24.0,502.0,111.0,,0.0,419.5,24.0,406.0,10.0,403.0,10.0,109.0,1.0,89.0,4.0
2023-04-27 21:01:00.5,1682600460500000000,,,,3338.0,0.0,0.0,449.5,10.0,459.5,24.0,464.5,10.0,502.0,111.0,,0.0,419.5,24.0,409.5,10.0,406.0,10.0,109.0,1.0,89.0,4.0
2023-04-27 21:01:00.75,1682600460750000000,,,,3338.0,0.0,0.0,449.5,10.0,459.5,24.0,464.5,10.0,502.0,111.0,,0.0,419.5,24.0,412.5,10.0,409.5,10.0,109.0,1.0,89.0,4.0
2023-04-27 21:01:01.5,1682600461500000000,,,,3338.0,0.0,0.0,456.5,10.0,459.5,24.0,464.5,10.0,502.0,111.0,,0.0,419.5,24.0,412.5,10.0,409.5,10.0,109.0,1.0,89.0,4.0
2023-04-27 21:01:08.0,1682600468000000000,,,,3338.0,0.0,0.0,456.5,10.0,459.5,34.0,464.5,10.0,502.0,111.0,,0.0,435.0,10.0,419.5,24.0,412.5,10.0,409.5,10.0,109.0,1.0
2023-04-27 21:01:08.25,1682600468250000000,,,,3338.0,0.0,0.0,456.5,10.0,459.5,34.0,464.5,10.0,502.0,111.0,,0.0,435.0,10.0,422.0,10.0,419.5,24.0,409.5,10.0,109.0,1.0
2023-04-27 21:01:08.75,1682600468750000000,,,,3338.0,0.0,0.0,456.5,20.0,459.5,34.0,502.0,111.0,,0.0,,0.0,435.0,10.0,422.0,10.0,419.5,24.0,419.0,10.0,109.0,1.0
2023-04-27 21:01:09.25,1682600469250000000,,,,3338.0,0.0,0.0,456.5,10.0,459.5,34.0,473.5,10.0,502.0,111.0,,0.0,435.0,10.0,422.0,10.0,419.5,24.0,413.0,10.0,109.0,1.0
2023-04-27 21:01:09.5,1682600469500000000,,,,3338.0,0.0,0.0,456.5,10.0,458.0,10.0,459.5,24.0,502.0,111.0,,0.0,422.0,10.0,419.5,34.0,109.0,1.0,89.0,4.0,72.0,6.0
2023-04-27 21:01:09.75,1682600469750000000,,,,3338.0,0.0,0.0,456.5,10.0,459.5,24.0,475.0,10.0,502.0,111.0,,0.0,422.0,10.0,419.5,24.0,413.5,10.0,109.0,1.0,89.0,4.0
2023-04-27 21:01:10.0,1682600470000000000,,,,3338.0,0.0,0.0,456.5,10.0,459.5,24.0,475.0,10.0,502.0,111.0,,0.0,421.0,10.0,419.5,24.0,413.5,10.0,109.0,1.0,89.0,4.0
2023-04-27 21:01:10.25,1682600470250000000,,,,3338.0,0.0,0.0,456.5,10.0,459.5,24.0,475.0,10.0,502.0,111.0,,0.0,420.5,10.0,419.5,24.0,413.5,10.0,109.0,1.0,89.0,4.0
2023-04-27 21:01:12.25,1682600472250000000,,,,3338.0,0.0,0.0,456.5,10.0,459.5,24.0,475.0,10.0,502.0,111.0,,0.0,419.5,24.0,416.5,10.0,413.5,10.0,109.0,1.0,89.0,4.0
2023-04-27 21:01:18.0,1682600478000000000,,,,3338.0,0.0,0.0,456.5,10.0,459.5,24.0,477.5,10.0,502.0,111.0,,0.0,419.5,24.0,416.5,10.0,408.0,10.0,109.0,1.0,89.0,4.0
2023-04-27 21:01:34.25,1682600494250000000,,,,3338.0,0.0,0.0,435.5,10.0,456.5,10.0,459.5,24.0,477.5,10.0,502.0,111.0,430.5,10.0,419.5,24.0,416.5,10.0,408.0,10.0,109.0,1.0
2023-04-27 21:01:34.5,1682600494500000000,435.5,435.5,435.5,3338.0,10.0,43550.0,456.5,10.0,459.5,24.0,477.5,10.0,502.0,111.0,,0.0,419.5,24.0,416.5,10.0,408.0,10.0,109.0,1.0,89.0,4.0
2023-04-27 21:01:34.75,1682600494750000000,435.5,435.5,435.5,3338.0,10.0,43550.0,435.5,2.0,456.5,10.0,459.5,24.0,477.5,10.0,502.0,111.0,419.5,24.0,416.5,10.0,408.0,10.0,109.0,1.0,89.0,4.0
2023-04-27 21:01:35.0,1682600495000000000,435.5,435.5,435.5,3338.0,12.0,52260.0,456.5,10.0,459.5,24.0,477.5,10.0,502.0,111.0,,0.0,419.5,24.0,416.5,10.0,408.0,10.0,109.0,1.0,89.0,4.0
2023-04-27 21:01:41.25,1682600501250000000,435.5,435.5,435.5,3338.0,12.0,52260.0,456.5,10.0,459.5,24.0,477.5,10.0,502.0,111.0,,0.0,419.5,24.0,411.0,10.0,408.0,10.0,109.0,1.0,89.0,4.0
2023-04-27 21:01:41.5,1682600501500000000,435.5,435.5,435.5,3338.0,12.0,52260.0,456.0,10.0,456.5,10.0,459.5,24.0,477.5,10.0,502.0,111.0,419.5,24.0,411.0,10.0,408.0,10.0,109.0,1.0,89.0,4.0
2023-04-27 21:01:41.75,1682600501750000000,435.5,435.5,435.5,3338.0,12.0,52260.0,453.0,10.0,456.0,10.0,459.5,24.0,477.5,10.0,502.0,111.0,419.5,24.0,411.0,10.0,408.0,10.0,109.0,1.0,89.0,4.0
2023-04-27 21:01:42.0,1682600502000000000,435.5,435.5,435.5,3338.0,12.0,52260.0,453.0,10.0,459.5,24.0,477.5,10.0,502.0,111.0,,0.0,419.5,24.0,411.0,10.0,408.0,10.0,109.0,1.0,89.0,4.0
2023-04-27 21:01:48.75,1682600508750000000,435.5,435.5,435.5,3338.0,12.0,52260.0,453.0,10.0,459.5,24.0,477.5,10.0,502.0,111.0,,0.0,419.5,24.0,410.5,10.0,408.0,10.0,109.0,1.0,89.0,4.0
2023-04-27 21:01:49.0,1682600509000000000,435.5,435.5,435.5,3338.0,12.0,52260.0,452.5,20.0,453.0,10.0,459.5,24.0,502.0,111.0,,0.0,419.5,24.0,409.5,10.0,408.5,10.0,109.0,1.0,89.0,4.0
2023-04-27 21:01:49.25,1682600509250000000,435.5,435.5,435.5,3338.0,12.0,52260.0,449.5,10.0,452.5,20.0,459.5,24.0,502.0,111.0,,0.0,419.5,24.0,408.5,20.0,109.0,1.0,89.0,4.0,72.0,6.0
2023-04-27 21:01:49.5,1682600509500000000,435.5,435.5,435.5,3338.0,12.0,52260.0,449.5,10.0,452.5,10.0,459.5,24.0,502.0,111.0,,0.0,419.5,24.0,408.5,20.0,109.0,1.0,89.0,4.0,72.0,6.0
2023-04-27 21:01:49.75,1682600509750000000,435.5,435.5,435.5,3338.0,12.0,52260.0,449.5,10.0,459.5,24.0,487.5,10.0,502.0,111.0,,0.0,419.5,24.0,408.5,10.0,402.5,10.0,109.0,1.0,89.0,4.0
2023-04-27 21:01:53.75,1682600513750000000,435.5,435.5,435.5,3338.0,12.0,52260.0,449.5,10.0,459.5,24.0,487.5,10.0,502.0,111.0,,0.0,419.5,24.0,405.5,10.0,402.5,10.0,109.0,1.0,89.0,4.0
2023-04-27 21:01:54.0,1682600514000000000,435.5,435.5,435.5,3338.0,12.0,52260.0,449.0,10.0,449.5,10.0,459.5,24.0,487.5,10.0,502.0,111.0,419.5,24.0,405.5,10.0,402.5,10.0,109.0,1.0,89.0,4.0
2023-04-27 21:01:54.25,1682600514250000000,435.5,435.5,435.5,3338.0,12.0,52260.0,446.0,10.0,449.0,10.0,459.5,24.0,483.5,10.0,502.0,111.0,419.5,24.0,405.5,10.0,399.5,10.0,109.0,1.0,89.0,4.0
2023-04-27 21:01:54.5,1682600514500000000,435.5,435.5,435.5,3338.0,12.0,52260.0,446.0,10.0,459.5,24.0,483.5,10.0,502.0,111.0,,0.0,419.5,24.0,405.5,10.0,399.5,10.0,109.0,1.0,89.0,4.0
2023-04-27 21:01:56.25,1682600516250000000,435.5,435.5,435.5,3338.0,12.0,52260.0,446.0,10.0,450.5,10.0,459.5,24.0,502.0,111.0,,0.0,419.5,24.0,406.5,10.0,405.5,10.0,109.0,1.0,89.0,4.0
2023-04-27 21:01:56.5,1682600516500000000,435.5,435.5,435.5,3338.0,12.0,52260.0,446.0,10.0,459.5,24.0,486.5,10.0,502.0,111.0,,0.0,419.5,24.0,405.5,10.0,400.0,10.0,109.0,1.0,89.0,4.0
2023-04-27 21:01:56.75,1682600516750000000,435.5,435.5,435.5,3338.0,12.0,52260.0,446.0,10.0,451.5,10.0,459.5,24.0,502.0,111.0,,0.0,419.5,24.0,407.0,10.0,405.5,10.0,109.0,1.0,89.0,4.0
2023-04-27 21:01:57.0,1682600517000000000,435.5,435.5,435.5,3338.0,12.0,52260.0,446.0,10.0,451.5,10.0,459.5,24.0,502.0,111.0,,0.0,419.5,24.0,407.0,20.0,109.0,1.0,89.0,4.0,72.0,6.0
2023-04-27 21:01:57.25,1682600517250000000,435.5,435.5,435.5,3338.0,12.0,52260.0,446.0,10.0,459.5,24.0,488.5,10.0,502.0,111.0,,0.0,419.5,24.0,407.0,10.0,401.0,10.0,109.0,1.0,89.0,4.0
2023-04-27 21:02:03.0,1682600523000000000,435.5,435.5,435.5,3338.0,12.0,52260.0,446.0,10.0,459.5,24.0,495.0,10.0,502.0,111.0,,0.0,419.5,24.0,407.0,20.0,109.0,1.0,89.0,4.0,72.0,6.0
2023-04-27 21:02:06.25,1682600526250000000,435.5,435.5,435.5,3338.0,12.0,52260.0,435.0,10.0,446.0,10.0,459.5,24.0,495.0,10.0,502.0,111.0,429.5,10.0,419.5,24.0,407.0,20.0,109.0,1.0,89.0,4.0
2023-04-27 21:02:06.5,1682600526500000000,435.5,435.5,435.5,3338.0,12.0,52260.0,446.0,10.0,459.5,24.0,495.0,10.0,502.0,111.0,,0.0,419.5,24.0,407.0,20.0,109.0,1.0,89.0,4.0,72.0,6.0
2023-04-27 21:02:07.0,1682600527000000000,435.5,435.5,435.5,3338.0,12.0,52260.0,456.5,10.0,459.5,24.0,495.0,10.0,502.0,111.0,,0.0,419.5,24.0,407.0,20.0,109.0,1.0,89.0,4.0,72.0,6.0
2023-04-27 21:02:07.25,1682600527250000000,435.5,435.5,435.5,3338.0,12.0,52260.0,456.0,10.0,456.5,10.0,459.5,24.0,495.0,10.0,502.0,111.0,419.5,24.0,407.0,20.0,109.0,1.0,89.0,4.0,72.0,6.0
2023-04-27 21:02:07.5,1682600527500000000,435.5,435.5,435.5,3338.0,12.0,52260.0,453.0,10.0,459.5,24.0,495.0,10.0,502.0,111.0,,0.0,419.5,24.0,407.0,20.0,109.0,1.0,89.0,4.0,72.0,6.0
2023-04-27 21:02:31.0,1682600551000000000,435.5,435.5,435.5,3338.0,12.0,52260.0,453.0,10.0,457.5,10.0,459.5,24.0,502.0,111.0,,0.0,419.5,24.0,412.5,10.0,407.0,10.0,109.0,1.0,89.0,4.0
2023-04-27 21:02:31.25,1682600551250000000,435.5,435.5,435.5,3338.0,12.0,52260.0,453.0,10.0,457.5,10.0,459.5,24.0,502.0,111.0,,0.0,419.5,24.0,414.0,10.0,412.5,10.0,109.0,1.0,89.0,4.0
2023-04-27 21:02:32.0,1682600552000000000,435.5,435.5,435.5,3338.0,12.0,52260.0,453.0,10.0,459.5,24.0,498.5,10.0,502.0,111.0,,0.0,419.5,24.0,414.0,10.0,406.5,10.0,109.0,1.0,89.0,4.0
2023-04-27 21:02:33.25,1682600553250000000,435.5,435.5,435.5,3338.0,12.0,52260.0,453.0,10.0,459.5,24.0,498.5,10.0,502.0,111.0,,0.0,419.5,24.0,409.5,10.0,406.5,10.0,109.0,1.0,89.0,4.0
2023-04-27 21:02:38.25,1682600558250000000,435.5,435.5,435.5,3338.0,12.0,52260.0,453.0,10.0,458.0,10.0,459.5,24.0,502.0,111.0,,0.0,419.5,24.0,412.5,10.0,409.5,10.0,109.0,1.0,89.0,4.0
2023-04-27 21:02:38.5,1682600558500000000,435.5,435.5,435.5,3338.0,12.0,52260.0,453.0,10.0,458.0,10.0,459.5,24.0,502.0,111.0,,0.0,419.5,24.0,413.5,10.0,412.5,10.0,109.0,1.0,89.0,4.0
2023-04-27 21:02:38.75,1682600558750000000,435.5,435.5,435.5,3338.0,12.0,52260.0,453.0,10.0,459.5,24.0,498.5,10.0,502.0,111.0,,0.0,419.5,24.0,413.5,10.0,406.0,10.0,109.0,1.0,89.0,4.0
2023-04-27 21:02:40.0,1682600560000000000,435.5,435.5,435.5,3338.0,12.0,52260.0,453.0,10.0,459.5,24.0,498.5,10.0,502.0,111.0,,0.0,419.5,24.0,409.0,10.0,406.0,10.0,109.0,1.0,89.0,4.0
2023-04-27 21:02:40.25,1682600560250000000,435.5,435.5,435.5,3338.0,12.0,52260.0,453.0,20.0,459.5,24.0,498.5,10.0,502.0,111.0,,0.0,419.5,24.0,409.0,10.0,406.0,10.0,109.0,1.0,89.0,4.0
2023-04-27 21:02:41.75,1682600561750000000,435.5,435.5,435.5,3338.0,12.0,52260.0,453.0,20.0,456.5,10.0,459.5,24.0,502.0,111.0,,0.0,419.5,24.0,411.0,10.0,409.0,10.0,109.0,1.0,89.0,4.0
2023-04-27 21:02:42.0,1682600562000000000,435.5,435.5,435.5,3338.0,12.0,52260.0,453.0,20.0,456.5,10.0,459.5,24.0,502.0,111.0,,0.0,419.5,24.0,412.0,10.0,411.0,10.0,109.0,1.0,89.0,4.0
2023-04-27 21:02:42.75,1682600562750000000,435.5,435.5,435.5,3338.0,12.0,52260.0,453.0,20.0,456.5,10.0,459.5,24.0,502.0,111.0,,0.0,419.5,24.0,411.5,10.0,411.0,10.0,109.0,1.0,89.0,4.0
2023-04-27 21:02:43.5,1682600563500000000,435.5,435.5,435.5,3338.0,12.0,52260.0,453.0,20.0,459.5,24.0,502.0,111.0,517.5,10.0,,0.0,419.5,24.0,411.5,10.0,398.5,10.0,109.0,1.0,89.0,4.0
2023-04-27 21:02:44.75,1682600564750000000,435.5,435.5,435.5,3338.0,12.0,52260.0,442.0,10.0,453.0,20.0,459.5,24.0,502.0,111.0,517.5,10.0,419.5,24.0,411.5,20.0,398.5,10.0,109.0,1.0,89.0,4.0
2023-04-27 21:02:45.0,1682600565000000000,435.5,435.5,435.5,3338.0,12.0,52260.0,442.0,20.0,453.0,10.0,459.5,24.0,464.5,10.0,502.0,111.0,419.5,34.0,411.5,20.0,406.0,10.0,109.0,1.0,89.0,4.0
2023-04-27 21:02:45.25,1682600565250000000,435.5,435.5,435.5,3338.0,12.0,52260.0,442.0,30.0,459.5,24.0,464.5,10.0,502.0,111.0,,0.0,419.5,34.0,411.5,20.0,406.0,10.0,109.0,1.0,89.0,4.0
2023-04-27 21:02:45.5,1682600565500000000,435.5,435.5,435.5,3338.0,12.0,52260.0,442.0,30.0,459.5,24.0,502.0,111.0,522.0,10.0,,0.0,419.5,34.0,411.5,20.0,399.0,10.0,109.0,1.0,89.0,4.0
2023-04-27 21:02:46.5,1682600566500000000,435.5,435.5,435.5,3338.0,12.0,52260.0,442.0,20.0,456.5,10.0,459.5,24.0,502.0,111.0,522.0,10.0,419.5,34.0,411.5,20.0,399.0,10.0,109.0,1.0,89.0,4.0
2023-04-27 21:02:46.75,1682600566750000000,435.5,435.5,435.5,3338.0,12.0,52260.0,442.0,20.0,456.5,10.0,459.5,24.0,466.5,10.0,502.0,111.0,419.5,34.0,411.5,20.0,407.0,10.0,109.0,1.0,89.0,4.0
2023-04-27 21:02:47.75,1682600567750000000,435.5,435.5,435.5,3338.0,12.0,52260.0,442.0,20.0,456.5,10.0,459.5,24.0,502.0,111.0,524.5,10.0,419.5,34.0,411.5,20.0,399.5,10.0,109.0,1.0,89.0,4.0
2023-04-27 21:02:48.5,1682600568500000000,435.5,435.5,435.5,3338.0,12.0,52260.0,442.0,20.0,456.5,10.0,459.5,24.0,467.5,10.0,502.0,111.0,419.5,34.0,411.5,20.0,407.5,10.0,109.0,1.0,89.0,4.0
2023-04-27 21:02:48.75,1682600568750000000,435.5,435.5,435.5,3338.0,12.0,52260.0,442.0,20.0,456.5,10.0,459.5,24.0,502.0,111.0,524.5,10.0,419.5,34.0,411.5,20.0,400.0,10.0,109.0,1.0,89.0,4.0
2023-04-27 21:02:49.0,1682600569000000000,435.5,435.5,435.5,3338.0,12.0,52260.0,442.0,20.0,456.5,10.0,459.5,24.0,467.5,10.0,502.0,111.0,419.5,34.0,411.5,20.0,407.5,10.0,109.0,1.0,89.0,4.0
2023-04-27 21:02:49.75,1682600569750000000,435.5,435.5,435.5,3338.0,12.0,52260.0,442.0,30.0,456.5,10.0,459.5,24.0,502.0,111.0,524.5,10.0,419.5,44.0,411.5,20.0,400.0,10.0,109.0,1.0,89.0,4.0
2023-04-27 21:02:50.0,1682600570000000000,435.5,435.5,435.5,3338.0,12.0,52260.0,442.0,30.0,456.5,10.0,459.5,24.0,467.5,10.0,502.0,111.0,419.5,44.0,411.5,20.0,408.0,10.0,109.0,1.0,89.0,4.0
2023-04-27 21:02:58.25,1682600578250000000,435.5,435.5,435.5,3338.0,12.0,52260.0,442.0,40.0,456.5,10.0,459.5,24.0,467.5,10.0,502.0,111.0,419.5,54.0,411.5,20.0,408.0,10.0,109.0,1.0,89.0,4.0
2023-04-27 21:02:59.75,1682600579750000000,435.5,435.5,435.5,3338.0,12.0,52260.0,442.0,30.0,444.0,10.0,456.5,10.0,459.5,24.0,467.5,10.0,419.5,44.0,416.0,10.0,411.5,20.0,408.0,10.0,109.0,1.0
2023-04-27 21:03:00.75,1682600580750000000,435.5,435.5,435.5,3338.0,12.0,52260.0,442.0,20.0,444.0,10.0,447.5,10.0,456.5,10.0,459.5,24.0,419.5,44.0,416.0,20.0,411.5,10.0,408.0,10.0,109.0,1.0
2023-04-27 21:03:01.0,1682600581000000000,435.5,435.5,435.5,3338.0,12.0,52260.0,442.0,20.0,444.0,10.0,447.5,20.0,459.5,24.0,467.5,10.0,419.5,44.0,417.0,10.0,416.0,20.0,408.0,10.0,109.0,1.0
2023-04-27 21:03:02.5,1682600582500000000,435.5,435.5,435.5,3338.0,12.0,52260.0,442.0,20.0,444.0,10.0,447.5,10.0,456.5,10.0,459.5,24.0,419.5,44.0,417.0,10.0,416.0,20.0,408.0,10.0,109.0,1.0
2023-04-27 21:03:03.75,1682600583750000000,435.5,435.5,435.5,3338.0,12.0,52260.0,442.0,10.0,444.0,10.0,447.5,10.0,456.5,10.0,459.5,24.0,419.5,34.0,417.0,10.0,416.0,20.0,413.5,10.0,109.0,1.0
2023-04-27 21:03:04.0,1682600584000000000,435.5,435.5,435.5,3338.0,12.0,52260.0,444.0,20.0,447.5,10.0,456.5,10.0,459.5,24.0,471.0,10.0,419.5,34.0,417.0,10.0,416.0,20.0,413.5,10.0,109.0,1.0
2023-04-27 21:03:04.25,1682600584250000000,435.5,435.5,435.5,3338.0,12.0,52260.0,444.0,10.0,446.0,10.0,447.5,10.0,456.5,10.0,459.5,24.0,419.5,34.0,418.0,10.0,417.0,10.0,416.0,10.0,413.5,10.0
2023-04-27 21:03:04.5,1682600584500000000,435.5,435.5,435.5,3338.0,12.0,52260.0,446.0,20.0,447.5,10.0,456.5,10.0,459.5,24.0,471.0,10.0,419.5,34.0,418.0,20.0,416.0,10.0,413.5,10.0,109.0,1.0
2023-04-27 21:03:04.75,1682600584750000000,435.5,435.5,435.5,3338.0,12.0,52260.0,446.0,10.0,446.5,10.0,447.5,10.0,456.5,10.0,459.5,24.0,419.5,34.0,418.5,10.0,418.0,10.0,416.0,10.0,413.5,10.0
2023-04-27 21:03:05.0,1682600585000000000,435.5,435.5,435.5,3338.0,12.0,52260.0,446.5,20.0,447.5,10.0,456.5,10.0,459.5,24.0,471.0,10.0,419.5,34.0,418.5,10.0,418.0,10.0,416.0,10.0,413.5,10.0
2023-04-27 21:03:05.25,1682600585250000000,435.5,435.5,435.5,3338.0,12.0,52260.0,446.5,10.0,447.5,10.0,456.5,10.0,459.5,24.0,471.0,10.0,419.5,34.0,418.0,10.0,416.0,10.0,413.5,10.0,109.0,1.0
2023-04-27 21:03:05.5,1682600585500000000,435.5,435.5,435.5,3338.0,12.0,52260.0,447.5,20.0,456.5,10.0,459.5,24.0,471.0,10.0,502.0,111.0,419.5,34.0,418.0,10.0,416.0,10.0,413.5,10.0,109.0,1.0
2023-04-27 21:03:11.0,1682600591000000000,435.5,435.5,435.5,3338.0,12.0,52260.0,447.5,20.0,456.5,10.0,459.5,24.0,502.0,111.0,525.0,10.0,419.5,34.0,418.0,10.0,416.0,10.0,404.5,10.0,109.0,1.0
2023-04-27 21:03:19.75,1682600599750000000,435.5,435.5,435.5,3338.0,12.0,52260.0,447.5,20.0,456.5,10.0,459.5,24.0,502.0,111.0,525.0,10.0,419.5,34.0,417.5,10.0,416.0,10.0,404.5,10.0,109.0,1.0
2023-04-27 21:03:22.0,1682600602000000000,435.5,435.5,435.5,3338.0,12.0,52260.0,447.5,20.0,456.5,10.0,459.5,24.0,469.0,10.0,502.0,111.0,419.5,34.0,416.5,10.0,416.0,10.0,410.5,10.0,109.0,1.0
2023-04-27 21:03:22.25,1682600602250000000,435.5,435.5,435.5,3338.0,12.0,52260.0,447.0,10.0,447.5,20.0,459.5,24.0,502.0,111.0,523.5,10.0,419.5,34.0,416.5,10.0,416.0,10.0,403.0,10.0,109.0,1.0
2023-04-27 21:03:22.5,1682600602500000000,435.5,435.5,435.5,3338.0,12.0,52260.0,447.5,30.0,459.5,24.0,502.0,111.0,523.5,10.0,,0.0,419.5,34.0,416.5,10.0,416.0,10.0,403.0,10.0,109.0,1.0
2023-04-27 21:03:23.5,1682600603500000000,435.5,435.5,435.5,3338.0,12.0,52260.0,447.5,30.0,459.5,24.0,469.5,10.0,502.0,111.0,,0.0,419.5,34.0,416.5,10.0,416.0,10.0,411.0,10.0,109.0,1.0
2023-04-27 21:03:23.75,1682600603750000000,435.5,435.5,435.5,3338.0,12.0,52260.0,447.5,30.0,459.5,24.0,469.5,10.0,502.0,111.0,,0.0,419.5,34.0,416.0,20.0,411.0,10.0,109.0,1.0,89.0,4.0
2023-04-27 21:03:25.5,1682600605500000000,435.5,435.5,435.5,3338.0,12.0,52260.0,447.5,30.0,459.5,24.0,502.0,111.0,525.0,10.0,,0.0,419.5,34.0,416.0,20.0,403.5,10.0,109.0,1.0,89.0,4.0
2023-04-27 21:03:27.25,1682600607250000000,435.5,435.5,435.5,3338.0,12.0,52260.0,447.5,20.0,456.5,10.0,459.5,24.0,502.0,111.0,525.0,10.0,419.5,34.0,416.0,20.0,403.5,10.0,109.0,1.0,89.0,4.0
2023-04-27 21:03:45.5,1682600625500000000,435.5,435.5,435.5,3338.0,12.0,52260.0,447.5,10.0,453.0,10.0,456.5,10.0,459.5,24.0,502.0,111.0,422.5,10.0,419.5,34.0,416.0,10.0,403.5,10.0,109.0,1.0
2023-04-27 21:03:45.75,1682600625750000000,435.5,435.5,435.5,3338.0,12.0,52260.0,450.0,10.0,450.5,10.0,453.0,10.0,459.5,24.0,502.0,111.0,422.5,10.0,422.0,10.0,420.0,10.0,419.5,24.0,403.5,10.0
2023-04-27 21:03:46.0,1682600626000000000,435.5,435.5,435.5,3338.0,12.0,52260.0,450.0,10.0,450.5,10.0,453.0,10.0,459.5,24.0,502.0,111.0,422.5,20.0,420.0,10.0,419.5,24.0,403.5,10.0,109.0,1.0
2023-04-27 21:03:46.25,1682600626250000000,435.5,435.5,435.5,3338.0,12.0,52260.0,450.5,20.0,453.0,10.0,459.5,24.0,502.0,111.0,525.0,10.0,422.5,20.0,420.0,10.0,419.5,24.0,403.5,10.0,109.0,1.0
2023-04-27 21:03:46.5,1682600626500000000,435.5,435.5,435.5,3338.0,12.0,52260.0,450.5,10.0,451.0,10.0,453.0,10.0,459.5,24.0,502.0,111.0,422.5,20.0,420.0,10.0,419.5,24.0,403.5,10.0,109.0,1.0
2023-04-27 21:03:46.75,1682600626750000000,435.5,435.5,435.5,3338.0,12.0,52260.0,451.0,10.0,453.0,10.0,459.5,24.0,502.0,111.0,525.0,10.0,422.5,10.0,420.0,10.0,419.5,24.0,403.5,10.0,109.0,1.0
2023-04-27 21:03:47.0,1682600627000000000,435.5,435.5,435.5,3338.0,12.0,52260.0,451.5,10.0,453.0,10.0,459.5,24.0,502.0,111.0,525.0,10.0,422.5,10.0,420.0,10.0,419.5,24.0,403.5,10.0,109.0,1.0
2023-04-27 21:03:47.25,1682600627250000000,435.5,435.5,435.5,3338.0,12.0,52260.0,440.5,10.0,451.5,10.0,453.0,10.0,459.5,24.0,502.0,111.0,435.0,10.0,422.5,10.0,420.0,10.0,419.5,24.0,403.5,10.0
2023-04-27 21:03:47.5,1682600627500000000,440.5,440.5,435.5,3338.0,22.0,96310.0,451.5,20.0,453.0,10.0,459.5,24.0,502.0,111.0,525.0,10.0,423.5,10.0,422.5,10.0,420.0,10.0,419.5,24.0,403.5,10.0
2023-04-27 21:03:47.75,1682600627750000000,440.5,440.5,435.5,3338.0,22.0,96310.0,451.5,10.0,453.0,10.0,459.5,24.0,502.0,111.0,525.0,10.0,422.5,10.0,420.0,10.0,419.5,24.0,403.5,10.0,109.0,1.0
2023-04-27 21:03:51.25,1682600631250000000,440.5,440.5,435.5,3338.0,22.0,96310.0,452.0,10.0,453.0,10.0,459.5,24.0,502.0,111.0,525.0,10.0,422.5,10.0,420.0,10.0,419.5,24.0,403.5,10.0,109.0,1.0
2023-04-27 21:03:53.75,1682600633750000000,440.5,440.5,435.5,3338.0,22.0,96310.0,452.5,10.0,453.0,10.0,459.5,24.0,502.0,111.0,525.0,10.0,422.5,10.0,420.0,10.0,419.5,24.0,403.5,10.0,109.0,1.0
2023-04-27 21:03:54.5,1682600634500000000,440.5,440.5,435.5,3338.0,22.0,96310.0,453.0,20.0,459.5,24.0,502.0,111.0,525.0,10.0,,0.0,422.5,10.0,420.0,10.0,419.5,24.0,403.5,10.0,109.0,1.0
2023-04-27 21:03:59.75,1682600639750000000,440.5,440.5,435.5,3338.0,22.0,96310.0,448.5,10.0,453.0,10.0,459.5,24.0,502.0,111.0,525.0,10.0,428.5,10.0,420.0,10.0,419.5,24.0,403.5,10.0,109.0,1.0
2023-04-27 21:04:00.0,1682600640000000000,440.5,440.5,435.5,3338.0,22.0,96310.0,448.5,20.0,451.5,10.0,453.0,10.0,459.5,24.0,502.0,111.0,428.5,10.0,426.5,10.0,423.5,10.0,420.0,10.0,419.5,24.0
2023-04-27 21:04:00.75,1682600640750000000,440.5,440.5,435.5,3338.0,22.0,96310.0,448.5,20.0,451.5,10.0,453.0,10.0,459.5,24.0,474.0,10.0,428.5,10.0,426.5,10.0,423.5,10.0,420.0,10.0,419.5,24.0
2023-04-27 21:04:01.0,1682600641000000000,440.5,440.5,435.5,3338.0,22.0,96310.0,448.5,20.0,451.5,10.0,453.0,10.0,459.5,24.0,502.0,111.0,428.5,10.0,426.5,10.0,423.5,10.0,420.0,10.0,419.5,24.0
2023-04-27 21:04:02.25,1682600642250000000,440.5,440.5,435.5,3338.0,22.0,96310.0,448.5,20.0,451.5,10.0,453.0,10.0,459.5,24.0,473.0,10.0,428.5,10.0,426.5,10.0,423.5,10.0,420.0,10.0,419.5,24.0
2023-04-27 21:04:02.5,1682600642500000000,440.5,440.5,435.5,3338.0,22.0,96310.0,439.5,10.0,448.5,10.0,451.5,10.0,453.0,10.0,459.5,24.0,433.5,10.0,428.5,10.0,423.5,10.0,420.0,10.0,419.5,24.0
2023-04-27 21:04:02.75,1682600642750000000,440.5,440.5,435.5,3338.0,22.0,96310.0,448.5,10.0,451.0,10.0,451.5,10.0,459.5,24.0,473.0,10.0,428.5,10.0,423.5,10.0,420.0,10.0,419.5,24.0,414.0,10.0
2023-04-27 21:04:03.0,1682600643000000000,440.5,440.5,435.5,3338.0,22.0,96310.0,448.5,10.0,451.5,20.0,459.5,24.0,502.0,111.0,529.0,10.0,428.5,10.0,423.5,10.0,420.0,10.0,419.5,24.0,406.0,10.0
2023-04-27 21:04:03.75,1682600643750000000,440.5,440.5,435.5,3338.0,22.0,96310.0,441.0,10.0,448.5,10.0,451.5,10.0,456.5,10.0,459.5,24.0,435.0,10.0,428.5,10.0,423.5,10.0,420.0,10.0,419.5,24.0
2023-04-27 21:04:04.5,1682600644500000000,440.5,440.5,435.5,3338.0,22.0,96310.0,448.5,10.0,451.5,10.0,456.5,10.0,459.5,24.0,474.0,10.0,428.5,10.0,423.5,10.0,420.0,10.0,419.5,24.0,415.0,10.0
2023-04-27 21:04:04.75,1682600644750000000,440.5,440.5,435.5,3338.0,22.0,96310.0,448.5,10.0,451.5,10.0,456.5,10.0,459.5,24.0,502.0,111.0,428.5,10.0,423.5,10.0,420.0,10.0,419.5,24.0,407.5,10.0
2023-04-27 21:04:07.5,1682600647500000000,440.5,440.5,435.5,3338.0,22.0,96310.0,448.5,10.0,451.5,10.0,456.5,10.0,459.5,24.0,477.0,10.0,428.5,10.0,423.5,10.0,420.0,10.0,419.5,24.0,417.5,10.0
2023-04-27 21:04:08.5,1682600648500000000,440.5,440.5,435.5,3338.0,22.0,96310.0,448.5,10.0,451.5,10.0,456.5,10.0,459.5,24.0,502.0,111.0,428.5,10.0,423.5,10.0,420.0,10.0,419.5,24.0,410.0,10.0
2023-04-27 21:04:08.75,1682600648750000000,440.5,440.5,435.5,3338.0,22.0,96310.0,448.5,10.0,451.5,10.0,456.5,10.0,459.5,24.0,502.0,111.0,428.5,10.0,424.0,10.0,423.5,10.0,419.5,24.0,410.0,10.0
2023-04-27 21:04:09.75,1682600649750000000,440.5,440.5,435.5,3338.0,22.0,96310.0,447.0,1.0,448.5,10.0,451.5,10.0,456.5,10.0,459.5,24.0,428.5,10.0,424.0,10.0,423.5,10.0,419.5,24.0,410.0,10.0
2023-04-27 21:04:10.0,1682600650000000000,440.5,440.5,435.5,3338.0,22.0,96310.0,447.0,1.0,448.5,10.0,451.5,10.0,456.5,10.0,459.5,24.0,428.5,10.0,424.0,10.0,423.5,10.0,419.5,24.0,418.0,10.0
2023-04-27 21:04:10.5,1682600650500000000,440.5,440.5,435.5,3338.0,22.0,96310.0,447.0,1.0,448.5,10.0,451.5,10.0,456.5,10.0,459.5,24.0,428.5,10.0,424.0,10.0,423.5,10.0,419.5,24.0,410.5,10.0
2023-04-27 21:04:12.5,1682600652500000000,440.5,440.5,435.5,3338.0,22.0,96310.0,447.0,1.0,448.5,10.0,449.5,10.0,451.5,10.0,456.5,10.0,428.5,10.0,427.5,10.0,424.0,10.0,423.5,10.0,419.5,24.0
2023-04-27 21:04:14.0,1682600654000000000,440.5,440.5,435.5,3338.0,22.0,96310.0,447.0,1.0,448.5,10.0,449.5,10.0,451.5,10.0,456.5,10.0,428.5,10.0,427.5,10.0,424.0,10.0,423.5,10.0,419.5,34.0
2023-04-27 21:04:14.75,1682600654750000000,440.5,440.5,435.5,3338.0,22.0,96310.0,447.0,1.0,448.5,10.0,449.5,10.0,451.5,10.0,459.5,24.0,428.5,10.0,427.5,10.0,424.0,10.0,423.5,10.0,419.5,34.0
2023-04-27 21:04:15.0,1682600655000000000,440.5,440.5,435.5,3338.0,22.0,96310.0,447.0,1.0,449.5,10.0,451.5,10.0,452.5,10.0,457.0,10.0,432.5,10.0,427.5,10.0,424.0,10.0,423.5,10.0,419.5,34.0
2023-04-27 21:04:15.25,1682600655250000000,440.5,440.5,435.5,3338.0,22.0,96310.0,447.0,1.0,451.5,20.0,452.5,10.0,457.0,10.0,459.5,24.0,432.5,20.0,424.0,10.0,423.5,10.0,419.5,34.0,109.0,1.0
2023-04-27 21:04:16.75,1682600656750000000,440.5,440.5,435.5,3338.0,22.0,96310.0,447.0,1.0,451.5,20.0,452.5,10.0,457.5,10.0,459.5,24.0,432.5,20.0,424.0,10.0,423.5,10.0,419.5,34.0,109.0,1.0
2023-04-27 21:04:23.5,1682600663500000000,440.5,440.5,435.5,3338.0,22.0,96310.0,447.0,1.0,451.5,20.0,452.5,10.0,459.5,34.0,480.0,10.0,432.5,20.0,424.0,10.0,423.5,10.0,419.5,34.0,109.0,1.0
2023-04-27 21:04:25.0,1682600665000000000,440.5,440.5,435.5,3338.0,22.0,96310.0,447.0,1.0,451.5,20.0,452.5,10.0,459.5,24.0,477.0,10.0,432.5,20.0,425.0,10.0,424.0,10.0,423.5,10.0,419.5,24.0
2023-04-27 21:04:25.25,1682600665250000000,440.5,440.5,435.5,3338.0,22.0,96310.0,447.0,1.0,451.5,20.0,452.5,10.0,459.5,24.0,477.0,10.0,432.5,20.0,428.0,10.0,425.0,10.0,423.5,10.0,419.5,24.0
2023-04-27 21:04:27.75,1682600667750000000,447.0,447.0,435.5,3338.0,23.0,100780.0,451.5,20.0,452.5,10.0,459.5,24.0,477.0,10.0,484.0,10.0,432.5,20.0,428.0,10.0,425.0,10.0,423.5,10.0,419.5,24.0
2023-04-27 21:04:28.0,1682600668000000000,447.0,447.0,435.5,3338.0,23.0,100780.0,451.5,10.0,456.5,10.0,459.5,24.0,460.0,10.0,477.0,10.0,436.5,10.0,432.5,10.0,432.0,10.0,428.0,10.0,425.0,10.0
2023-04-27 21:04:28.25,1682600668250000000,447.0,447.0,435.5,3338.0,23.0,100780.0,456.5,20.0,459.5,24.0,460.0,10.0,477.0,10.0,484.0,10.0,436.5,20.0,432.0,10.0,428.0,10.0,425.0,10.0,419.5,24.0
2023-04-27 21:04:53.0,1682600693000000000,447.0,447.0,435.5,3338.0,23.0,100780.0,456.5,20.0,459.5,24.0,460.0,10.0,477.0,10.0,484.0,10.0,436.5,20.0,432.0,10.0,427.5,10.0,425.0,10.0,419.5,24.0
2023-04-27 21:04:53.25,1682600693250000000,447.0,447.0,435.5,3338.0,23.0,100780.0,456.5,20.0,458.5,10.0,459.5,24.0,460.0,10.0,484.0,10.0,436.5,20.0,432.0,10.0,427.5,10.0,425.0,10.0,419.5,24.0
2023-04-27 21:04:54.75,1682600694750000000,447.0,447.0,435.5,3338.0,23.0,100780.0,456.5,20.0,459.0,10.0,459.5,24.0,460.0,10.0,484.0,10.0,436.5,20.0,432.0,10.0,427.5,10.0,425.0,10.0,419.5,24.0
2023-04-27 21:04:55.0,1682600695000000000,447.0,447.0,435.5,3338.0,23.0,100780.0,456.5,20.0,459.5,34.0,460.0,10.0,484.0,10.0,502.0,111.0,436.5,20.0,432.0,10.0,427.5,10.0,425.0,10.0,419.5,24.0
2023-04-27 21:04:58.0,1682600698000000000,447.0,447.0,435.5,3338.0,23.0,100780.0,456.5,20.0,459.5,34.0,460.0,10.0,484.0,10.0,502.0,111.0,436.5,20.0,432.0,10.0,427.0,10.0,425.0,10.0,419.5,24.0
2023-04-27 21:04:58.5,1682600698500000000,447.0,447.0,435.5,3338.0,23.0,100780.0,453.0,10.0,456.5,10.0,459.5,34.0,460.0,10.0,484.0,10.0,436.5,10.0,432.0,20.0,427.0,10.0,425.0,10.0,419.5,24.0
2023-04-27 21:04:58.75,1682600698750000000,447.0,447.0,435.5,3338.0,23.0,100780.0,453.0,20.0,459.5,34.0,460.0,10.0,484.0,10.0,502.0,111.0,432.0,30.0,427.0,10.0,425.0,10.0,419.5,24.0,109.0,1.0
2023-04-27 21:04:59.0,1682600699000000000,447.0,447.0,435.5,3338.0,23.0,100780.0,453.0,20.0,456.0,10.0,459.5,34.0,484.0,10.0,502.0,111.0,432.0,20.0,428.0,10.0,426.5,10.0,425.0,10.0,419.5,24.0
2023-04-27 21:05:00.0,1682600700000000000,447.0,447.0,435.5,3338.0,23.0,100780.0,453.0,20.0,456.0,10.0,459.5,34.0,476.5,10.0,502.0,111.0,432.0,20.0,428.0,10.0,426.5,10.0,423.0,10.0,419.5,24.0
2023-04-27 21:05:00.5,1682600700500000000,447.0,447.0,435.5,3338.0,23.0,100780.0,453.0,30.0,456.0,10.0,459.5,34.0,476.5,10.0,502.0,111.0,432.0,30.0,428.0,10.0,426.5,10.0,423.0,10.0,419.5,24.0
2023-04-27 21:05:02.0,1682600702000000000,447.0,447.0,435.5,3338.0,23.0,100780.0,453.0,30.0,456.0,10.0,459.5,34.0,476.5,10.0,502.0,111.0,432.0,30.0,428.0,10.0,426.0,10.0,423.0,10.0,419.5,24.0
2023-04-27 21:05:02.5,1682600702500000000,447.0,447.0,435.5,3338.0,23.0,100780.0,453.0,30.0,456.0,10.0,459.5,34.0,476.5,10.0,502.0,111.0,432.0,30.0,428.0,10.0,425.5,10.0,423.0,10.0,419.5,24.0
2023-04-27 21:05:02.75,1682600702750000000,447.0,447.0,435.5,3338.0,23.0,100780.0,453.0,30.0,456.0,20.0,459.5,24.0,476.5,10.0,502.0,111.0,432.0,30.0,428.0,10.0,425.5,10.0,423.0,10.0,419.5,24.0
2023-04-27 21:05:03.5,1682600703500000000,447.0,447.0,435.5,3338.0,23.0,100780.0,453.0,30.0,456.0,10.0,456.5,10.0,459.5,24.0,476.5,10.0,432.0,30.0,428.0,10.0,425.5,10.0,423.0,10.0,419.5,24.0
2023-04-27 21:05:05.25,1682600705250000000,447.0,447.0,435.5,3338.0,23.0,100780.0,453.0,30.0,456.0,10.0,457.0,10.0,459.5,24.0,476.5,10.0,432.0,30.0,428.0,10.0,425.5,10.0,423.0,10.0,419.5,24.0
2023-04-27 21:05:05.75,1682600705750000000,447.0,447.0,435.5,3338.0,23.0,100780.0,453.0,30.0,456.0,10.0,457.5,10.0,459.5,24.0,476.5,10.0,432.0,30.0,428.0,10.0,425.5,10.0,423.0,10.0,419.5,24.0
2023-04-27 21:05:11.5,1682600711500000000,447.0,447.0,435.5,3338.0,23.0,100780.0,453.0,30.0,456.0,10.0,457.5,10.0,459.5,24.0,470.0,10.0,432.0,30.0,428.0,10.0,425.5,10.0,422.0,10.0,419.5,24.0
2023-04-27 21:05:13.25,1682600713250000000,447.0,447.0,435.5,3338.0,23.0,100780.0,453.0,30.0,456.0,10.0,457.5,10.0,459.5,24.0,470.0,10.0,432.0,30.0,428.0,10.0,424.5,10.0,422.0,10.0,419.5,24.0
2023-04-27 21:05:13.5,1682600713500000000,447.0,447.0,435.5,3338.0,23.0,100780.0,453.0,30.0,455.0,10.0,456.0,10.0,459.5,24.0,470.0,10.0,432.0,30.0,428.0,10.0,424.5,10.0,422.0,10.0,419.5,24.0
2023-04-27 21:05:13.75,1682600713750000000,447.0,447.0,435.5,3338.0,23.0,100780.0,453.0,30.0,455.0,10.0,456.0,10.0,459.5,24.0,470.0,10.0,432.0,30.0,428.0,10.0,424.0,10.0,422.0,10.0,419.5,24.0
2023-04-27 21:05:14.0,1682600714000000000,447.0,447.0,435.5,3338.0,23.0,100780.0,453.0,30.0,455.0,10.0,456.0,10.0,459.5,24.0,470.0,10.0,432.0,30.0,428.0,10.0,423.5,10.0,422.0,10.0,419.5,24.0
2023-04-27 21:05:14.25,1682600714250000000,447.0,447.0,435.5,3338.0,23.0,100780.0,449.0,10.0,453.0,20.0,455.0,10.0,456.0,10.0,459.5,24.0,432.0,20.0,429.0,10.0,428.0,10.0,423.5,10.0,422.0,10.0
2023-04-27 21:05:14.5,1682600714500000000,447.0,447.0,435.5,3338.0,23.0,100780.0,449.0,30.0,455.0,10.0,456.0,10.0,459.5,24.0,470.0,10.0,432.0,20.0,429.0,10.0,428.0,10.0,423.5,10.0,422.0,10.0
2023-04-27 21:05:15.0,1682600715000000000,447.0,447.0,435.5,3338.0,23.0,100780.0,449.0,30.0,455.0,10.0,456.0,10.0,459.5,24.0,470.0,10.0,432.0,20.0,429.0,10.0,428.0,10.0,423.0,10.0,422.0,10.0
2023-04-27 21:05:15.5,1682600715500000000,447.0,447.0,435.5,3338.0,23.0,100780.0,449.0,30.0,455.0,10.0,456.0,10.0,459.5,24.0,470.0,10.0,432.0,20.0,429.0,10.0,428.0,10.0,422.5,10.0,422.0,10.0
2023-04-27 21:05:20.5,1682600720500000000,447.0,447.0,435.5,3338.0,23.0,100780.0,449.0,30.0,455.0,10.0,456.0,10.0,459.5,24.0,470.0,10.0,432.0,20.0,429.0,10.0,428.0,10.0,422.0,20.0,419.5,24.0
2023-04-27 21:05:21.25,1682600721250000000,447.0,447.0,435.5,3338.0,23.0,100780.0,449.0,30.0,455.0,10.0,456.0,10.0,459.5,24.0,470.0,10.0,432.0,20.0,429.0,10.0,428.0,10.0,422.0,10.0,421.5,10.0
2023-04-27 21:05:22.25,1682600722250000000,447.0,447.0,435.5,3338.0,23.0,100780.0,449.0,30.0,455.0,10.0,456.0,10.0,459.5,24.0,464.5,10.0,432.0,20.0,429.0,10.0,428.0,10.0,421.5,10.0,419.5,24.0
2023-04-27 21:05:22.75,1682600722750000000,447.0,447.0,435.5,3338.0,23.0,100780.0,449.0,30.0,455.0,10.0,456.0,10.0,459.5,24.0,464.5,10.0,432.0,20.0,429.0,10.0,428.0,10.0,421.0,10.0,419.5,24.0
2023-04-27 21:05:23.25,1682600723250000000,447.0,447.0,435.5,3338.0,23.0,100780.0,445.0,10.0,449.0,20.0,455.0,10.0,456.0,10.0,459.5,24.0,432.0,20.0,428.0,10.0,425.0,10.0,420.5,10.0,419.5,24.0
2023-04-27 21:05:23.5,1682600723500000000,447.0,447.0,435.5,3338.0,23.0,100780.0,445.0,30.0,455.0,10.0,456.0,10.0,459.5,24.0,464.5,10.0,432.0,10.0,431.0,10.0,428.0,10.0,425.0,10.0,420.0,10.0
2023-04-27 21:05:24.5,1682600724500000000,447.0,447.0,435.5,3338.0,23.0,100780.0,445.0,30.0,455.0,10.0,456.0,10.0,459.5,24.0,484.0,10.0,432.0,10.0,431.0,10.0,428.0,10.0,425.0,10.0,420.0,10.0
2023-04-27 21:05:25.0,1682600725000000000,447.0,447.0,435.5,3338.0,23.0,100780.0,445.0,30.0,455.0,10.0,456.0,10.0,459.5,24.0,463.0,10.0,432.0,10.0,431.0,10.0,428.0,10.0,425.0,10.0,420.0,10.0
2023-04-27 21:05:26.5,1682600726500000000,447.0,447.0,435.5,3338.0,23.0,100780.0,445.0,30.0,455.0,10.0,456.0,10.0,459.5,24.0,485.0,10.0,432.0,10.0,431.0,10.0,428.0,10.0,425.0,10.0,420.0,10.0
2023-04-27 21:05:27.5,1682600727500000000,447.0,447.0,435.5,3338.0,23.0,100780.0,445.0,30.0,455.0,10.0,456.0,10.0,459.5,24.0,462.5,10.0,432.0,10.0,431.0,10.0,428.0,10.0,425.0,10.0,420.0,10.0
2023-04-27 21:05:27.75,1682600727750000000,447.0,447.0,435.5,3338.0,23.0,100780.0,445.0,30.0,455.0,10.0,456.0,10.0,459.5,24.0,485.0,10.0,432.0,10.0,431.0,10.0,428.0,10.0,425.0,10.0,420.0,10.0
2023-04-27 21:05:28.0,1682600728000000000,447.0,447.0,435.5,3338.0,23.0,100780.0,445.0,30.0,455.0,10.0,456.0,10.0,459.5,24.0,463.0,10.0,432.0,10.0,431.0,10.0,428.0,10.0,425.0,10.0,420.0,10.0
2023-04-27 21:05:28.25,1682600728250000000,447.0,447.0,435.5,3338.0,23.0,100780.0,445.0,30.0,455.0,10.0,456.0,10.0,459.5,24.0,485.0,10.0,432.0,10.0,431.0,10.0,428.0,10.0,425.0,10.0,420.0,10.0
2023-04-27 21:05:28.5,1682600728500000000,447.0,447.0,435.5,3338.0,23.0,100780.0,445.0,30.0,455.0,10.0,456.0,10.0,459.5,24.0,463.0,10.0,432.0,10.0,431.0,10.0,428.0,10.0,425.0,10.0,420.0,10.0
2023-04-27 21:05:32.25,1682600732250000000,447.0,447.0,435.5,3338.0,23.0,100780.0,445.0,30.0,455.0,10.0,456.0,10.0,459.5,24.0,463.0,10.0,432.0,10.0,429.0,10.0,428.0,10.0,425.0,10.0,419.5,24.0
2023-04-27 21:05:32.5,1682600732500000000,447.0,447.0,435.5,3338.0,23.0,100780.0,445.0,30.0,455.0,10.0,456.0,10.0,457.0,10.0,459.5,24.0,431.5,10.0,429.0,10.0,428.0,10.0,425.0,10.0,419.5,24.0
2023-04-27 21:05:32.75,1682600732750000000,447.0,447.0,435.5,3338.0,23.0,100780.0,445.0,30.0,455.0,10.0,456.0,10.0,457.0,10.0,459.5,24.0,431.0,10.0,429.0,10.0,428.0,10.0,425.0,10.0,419.5,24.0
2023-04-27 21:05:33.5,1682600733500000000,447.0,447.0,435.5,3338.0,23.0,100780.0,445.0,30.0,455.0,10.0,456.0,10.0,457.0,10.0,459.5,24.0,431.0,10.0,428.0,10.0,427.0,10.0,425.0,10.0,419.5,24.0
2023-04-27 21:05:35.25,1682600735250000000,447.0,447.0,435.5,3338.0,23.0,100780.0,441.0,10.0,445.0,20.0,455.0,10.0,456.0,10.0,457.0,10.0,431.0,10.0,428.0,10.0,427.0,10.0,421.0,10.0,419.5,24.0
2023-04-27 21:05:35.5,1682600735500000000,447.0,447.0,435.5,3338.0,23.0,100780.0,441.0,20.0,445.0,10.0,455.0,10.0,456.0,10.0,457.0,10.0,431.0,10.0,428.0,10.0,427.0,10.0,421.0,10.0,419.5,24.0
2023-04-27 21:05:35.75,1682600735750000000,447.0,447.0,435.5,3338.0,23.0,100780.0,441.0,30.0,455.0,10.0,456.0,10.0,457.0,10.0,459.5,24.0,431.0,10.0,428.0,10.0,427.0,10.0,421.0,10.0,419.5,24.0
2023-04-27 21:05:37.0,1682600737000000000,447.0,447.0,435.5,3338.0,23.0,100780.0,441.0,30.0,455.0,10.0,456.0,10.0,459.5,24.0,471.0,10.0,431.0,10.0,428.0,10.0,427.0,10.0,421.0,10.0,419.5,24.0
2023-04-27 21:05:37.5,1682600737500000000,447.0,447.0,435.5,3338.0,23.0,100780.0,441.0,30.0,455.0,10.0,456.0,10.0,457.0,10.0,459.5,24.0,431.0,10.0,428.0,10.0,427.0,10.0,421.0,10.0,419.5,24.0
2023-04-27 21:05:38.25,1682600738250000000,447.0,447.0,435.5,3338.0,23.0,100780.0,441.0,30.0,455.0,10.0,456.0,10.0,457.0,10.0,459.5,24.0,431.0,10.0,428.5,10.0,428.0,10.0,421.0,10.0,419.5,24.0
2023-04-27 21:05:39.25,1682600739250000000,447.0,447.0,435.5,3338.0,23.0,100780.0,441.0,30.0,455.0,10.0,456.0,10.0,457.0,10.0,459.5,24.0,431.0,10.0,429.5,10.0,428.0,10.0,421.0,10.0,419.5,24.0
2023-04-27 21:05:44.25,1682600744250000000,447.0,447.0,435.5,3338.0,23.0,100780.0,441.0,30.0,455.0,10.0,456.0,10.0,457.0,10.0,459.5,24.0,431.0,10.0,428.0,10.0,427.5,10.0,421.0,10.0,419.5,24.0
2023-04-27 21:05:45.25,1682600745250000000,447.0,447.0,435.5,3338.0,23.0,100780.0,441.0,30.0,455.0,10.0,456.0,10.0,457.0,10.0,459.5,24.0,430.5,10.0,428.0,10.0,427.5,10.0,421.0,10.0,419.5,24.0
2023-04-27 21:05:45.5,1682600745500000000,447.0,447.0,435.5,3338.0,23.0,100780.0,441.0,30.0,455.0,10.0,456.0,10.0,457.0,10.0,459.5,24.0,429.5,10.0,428.0,10.0,427.5,10.0,421.0,10.0,419.5,24.0
2023-04-27 21:05:45.75,1682600745750000000,447.0,447.0,435.5,3338.0,23.0,100780.0,441.0,30.0,455.0,10.0,456.0,10.0,457.0,10.0,459.5,24.0,429.0,10.0,428.0,10.0,427.5,10.0,421.0,10.0,419.5,24.0
2023-04-27 21:05:46.0,1682600746000000000,447.0,447.0,435.5,3338.0,23.0,100780.0,441.0,30.0,455.0,10.0,456.0,10.0,459.5,24.0,465.5,10.0,429.0,10.0,428.0,10.0,427.5,10.0,421.0,10.0,419.5,24.0
2023-04-27 21:05:48.75,1682600748750000000,447.0,447.0,435.5,3338.0,23.0,100780.0,441.0,30.0,455.0,20.0,456.0,10.0,459.5,24.0,502.0,111.0,429.0,10.0,428.0,10.0,427.5,10.0,421.0,10.0,419.5,24.0
2023-04-27 21:05:53.75,1682600753750000000,447.0,447.0,435.5,3338.0,23.0,100780.0,441.0,30.0,455.0,20.0,456.0,10.0,459.5,24.0,502.0,111.0,429.0,10.0,428.5,10.0,428.0,10.0,421.0,10.0,419.5,24.0
2023-04-27 21:05:58.75,1682600758750000000,447.0,447.0,435.5,3338.0,23.0,100780.0,441.0,30.0,455.0,10.0,456.0,10.0,459.5,24.0,461.0,10.0,429.0,10.0,428.5,10.0,428.0,10.0,421.0,10.0,419.5,24.0
2023-04-27 21:05:59.25,1682600759250000000,447.0,447.0,435.5,3338.0,23.0,100780.0,441.0,20.0,445.5,10.0,455.0,10.0,456.0,10.0,459.5,24.0,429.0,10.0,428.5,10.0,428.0,10.0,424.5,10.0,419.5,24.0
2023-04-27 21:06:04.5,1682600764500000000,447.0,447.0,435.5,3338.0,23.0,100780.0,441.0,20.0,445.5,10.0,455.0,10.0,456.0,10.0,459.5,24.0,429.0,10.0,428.5,10.0,428.0,10.0,424.5,10.0,419.5,34.0
2023-04-27 21:06:06.0,1682600766000000000,447.0,447.0,435.5,3338.0,23.0,100780.0,441.0,20.0,445.5,10.0,455.0,10.0,456.0,10.0,459.5,24.0,429.0,10.0,428.5,10.0,428.0,10.0,424.5,10.0,419.5,24.0
2023-04-27 21:06:07.25,1682600767250000000,447.0,447.0,435.5,3338.0,23.0,100780.0,441.0,20.0,445.5,10.0,455.0,10.0,456.0,10.0,459.5,24.0,429.0,10.0,428.5,10.0,428.0,10.0,424.5,10.0,419.5,34.0
2023-04-27 21:06:10.5,1682600770500000000,447.0,447.0,435.5,3338.0,23.0,100780.0,441.0,10.0,445.5,10.0,455.0,10.0,456.0,10.0,459.5,24.0,428.5,10.0,428.0,10.0,424.5,10.0,419.5,34.0,415.0,10.0
2023-04-27 21:06:10.75,1682600770750000000,447.0,447.0,435.5,3338.0,23.0,100780.0,445.5,20.0,452.0,10.0,455.0,10.0,459.5,24.0,461.0,10.0,428.0,10.0,424.5,10.0,424.0,10.0,419.5,34.0,415.0,10.0
2023-04-27 21:06:11.0,1682600771000000000,447.0,447.0,435.5,3338.0,23.0,100780.0,445.5,20.0,452.0,10.0,455.0,10.0,459.5,24.0,461.0,10.0,424.5,20.0,424.0,10.0,419.5,34.0,415.0,10.0,109.0,1.0
2023-04-27 21:06:14.0,1682600774000000000,447.0,447.0,435.5,3338.0,23.0,100780.0,445.5,20.0,451.0,10.0,455.0,10.0,459.5,24.0,461.0,10.0,424.5,20.0,423.0,10.0,419.5,34.0,415.0,10.0,109.0,1.0
2023-04-27 21:06:14.25,1682600774250000000,447.0,447.0,435.5,3338.0,23.0,100780.0,444.0,10.0,445.5,20.0,451.0,10.0,455.0,10.0,459.5,24.0,428.5,10.0,424.5,20.0,423.0,10.0,419.5,34.0,415.0,10.0
2023-04-27 21:06:14.5,1682600774500000000,447.0,447.0,435.5,3338.0,23.0,100780.0,444.0,20.0,445.5,10.0,451.0,10.0,455.0,10.0,459.5,24.0,428.5,20.0,424.5,10.0,423.0,10.0,419.5,34.0,415.0,10.0
2023-04-27 21:06:15.0,1682600775000000000,447.0,447.0,435.5,3338.0,23.0,100780.0,444.0,10.0,444.5,10.0,445.5,10.0,451.0,10.0,455.0,10.0,429.0,10.0,428.5,10.0,424.5,10.0,423.0,10.0,419.5,34.0
2023-04-27 21:06:15.5,1682600775500000000,447.0,447.0,435.5,3338.0,23.0,100780.0,443.5,10.0,444.5,10.0,445.5,10.0,451.0,10.0,455.0,10.0,429.0,10.0,428.0,10.0,424.5,10.0,423.0,10.0,419.5,34.0
2023-04-27 21:06:15.75,1682600775750000000,447.0,447.0,435.5,3338.0,23.0,100780.0,443.5,20.0,445.5,10.0,451.0,10.0,455.0,10.0,459.5,24.0,428.0,20.0,424.5,10.0,423.0,10.0,419.5,34.0,415.0,10.0
2023-04-27 21:06:16.75,1682600776750000000,447.0,447.0,435.5,3338.0,23.0,100780.0,443.0,10.0,443.5,10.0,445.5,10.0,451.0,10.0,455.0,10.0,428.0,10.0,427.5,10.0,424.5,10.0,423.0,10.0,419.5,34.0
2023-04-27 21:06:17.0,1682600777000000000,447.0,447.0,435.5,3338.0,23.0,100780.0,443.0,20.0,445.5,10.0,451.0,10.0,455.0,10.0,459.5,24.0,427.5,20.0,424.5,10.0,423.0,10.0,419.5,34.0,415.0,10.0
2023-04-27 21:06:18.0,1682600778000000000,447.0,447.0,435.5,3338.0,23.0,100780.0,442.5,10.0,443.0,10.0,445.5,10.0,451.0,10.0,455.0,10.0,427.5,10.0,427.0,10.0,424.5,10.0,423.0,10.0,419.5,34.0
2023-04-27 21:06:18.25,1682600778250000000,447.0,447.0,435.5,3338.0,23.0,100780.0,442.5,10.0,443.5,10.0,445.5,10.0,451.0,10.0,455.0,10.0,428.0,10.0,427.0,10.0,424.5,10.0,423.0,10.0,419.5,34.0
2023-04-27 21:06:18.5,1682600778500000000,447.0,447.0,435.5,3338.0,23.0,100780.0,443.5,20.0,445.5,10.0,451.0,10.0,455.0,10.0,459.5,24.0,428.0,20.0,424.5,10.0,423.0,10.0,419.5,34.0,415.0,10.0
2023-04-27 21:06:18.75,1682600778750000000,447.0,447.0,435.5,3338.0,23.0,100780.0,442.5,10.0,443.5,10.0,445.5,10.0,451.0,10.0,455.0,10.0,428.0,10.0,427.0,10.0,424.5,10.0,423.0,10.0,419.5,34.0
2023-04-27 21:06:19.0,1682600779000000000,447.0,447.0,435.5,3338.0,23.0,100780.0,441.5,10.0,442.5,10.0,445.5,10.0,451.0,10.0,455.0,10.0,427.0,10.0,426.0,10.0,424.5,10.0,423.0,10.0,419.5,34.0
2023-04-27 21:06:19.25,1682600779250000000,447.0,447.0,435.5,3338.0,23.0,100780.0,441.0,10.0,441.5,10.0,445.5,10.0,450.0,10.0,451.0,10.0,426.0,10.0,425.5,10.0,424.5,10.0,423.0,10.0,419.5,34.0
2023-04-27 21:06:19.5,1682600779500000000,447.0,447.0,435.5,3338.0,23.0,100780.0,441.0,20.0,445.5,10.0,450.0,10.0,451.0,10.0,459.5,24.0,425.5,20.0,424.5,10.0,423.0,10.0,419.5,34.0,407.0,10.0
2023-04-27 21:06:19.75,1682600779750000000,447.0,447.0,435.5,3338.0,23.0,100780.0,440.5,10.0,441.0,10.0,445.5,10.0,450.0,10.0,451.0,10.0,425.5,10.0,425.0,10.0,424.5,10.0,423.0,10.0,419.5,34.0
2023-04-27 21:06:20.0,1682600780000000000,447.0,447.0,435.5,3338.0,23.0,100780.0,440.5,20.0,445.5,10.0,450.0,10.0,451.0,10.0,459.5,24.0,425.0,20.0,424.5,10.0,423.0,10.0,419.5,24.0,407.0,10.0
2023-04-27 21:06:20.25,1682600780250000000,447.0,447.0,435.5,3338.0,23.0,100780.0,440.5,20.0,445.5,10.0,450.0,10.0,451.0,10.0,459.5,24.0,425.0,20.0,424.5,10.0,423.0,10.0,419.5,24.0,410.0,10.0
2023-04-27 21:06:21.75,1682600781750000000,447.0,447.0,435.5,3338.0,23.0,100780.0,440.5,10.0,442.0,10.0,445.5,10.0,450.0,10.0,451.0,10.0,426.5,10.0,425.0,10.0,424.5,10.0,423.0,10.0,419.5,24.0
2023-04-27 21:06:22.0,1682600782000000000,447.0,447.0,435.5,3338.0,23.0,100780.0,442.0,20.0,445.5,10.0,450.5,10.0,451.0,10.0,459.5,24.0,426.5,20.0,424.5,10.0,423.0,10.0,420.0,10.0,419.5,24.0
2023-04-27 21:06:22.5,1682600782500000000,447.0,447.0,435.5,3338.0,23.0,100780.0,442.0,10.0,442.5,10.0,445.5,10.0,450.5,10.0,451.0,10.0,427.0,10.0,426.5,10.0,424.5,10.0,423.0,10.0,420.0,10.0
2023-04-27 21:06:22.75,1682600782750000000,447.0,447.0,435.5,3338.0,23.0,100780.0,442.5,20.0,445.5,10.0,450.5,10.0,451.0,10.0,459.5,24.0,427.0,20.0,424.5,10.0,423.0,10.0,420.0,10.0,419.5,24.0
2023-04-27 21:06:23.0,1682600783000000000,447.0,447.0,435.5,3338.0,23.0,100780.0,442.5,10.0,443.0,10.0,445.5,10.0,451.0,20.0,459.5,24.0,427.5,10.0,427.0,10.0,424.5,10.0,423.0,10.0,420.0,10.0
2023-04-27 21:06:23.75,1682600783750000000,447.0,447.0,435.5,3338.0,23.0,100780.0,443.0,20.0,445.5,10.0,451.0,20.0,459.5,24.0,463.0,10.0,427.5,20.0,424.5,10.0,423.0,10.0,420.0,10.0,419.5,24.0
2023-04-27 21:06:24.5,1682600784500000000,447.0,447.0,435.5,3338.0,23.0,100780.0,442.5,10.0,443.0,10.0,445.5,10.0,451.0,20.0,459.5,24.0,427.5,10.0,427.0,10.0,424.5,10.0,423.0,10.0,420.0,10.0
2023-04-27 21:06:24.75,1682600784750000000,447.0,447.0,435.5,3338.0,23.0,100780.0,442.5,20.0,445.5,10.0,451.0,20.0,459.5,24.0,463.0,10.0,427.0,20.0,424.5,10.0,423.0,10.0,420.0,10.0,419.5,24.0
2023-04-27 21:06:25.25,1682600785250000000,447.0,447.0,435.5,3338.0,23.0,100780.0,442.0,10.0,442.5,10.0,445.5,10.0,451.0,20.0,459.5,24.0,427.0,10.0,426.5,10.0,424.5,10.0,423.0,10.0,419.5,34.0
2023-04-27 21:06:25.75,1682600785750000000,447.0,447.0,435.5,3338.0,23.0,100780.0,442.0,20.0,445.5,10.0,451.0,20.0,459.5,24.0,463.0,10.0,426.5,20.0,424.5,10.0,423.0,10.0,419.5,34.0,415.5,10.0
2023-04-27 21:06:26.25,1682600786250000000,447.0,447.0,435.5,3338.0,23.0,100780.0,442.0,20.0,445.5,10.0,451.0,20.0,459.5,24.0,463.0,10.0,426.5,20.0,424.5,10.0,423.0,10.0,419.5,24.0,418.5,10.0
2023-04-27 21:06:27.75,1682600787750000000,447.0,447.0,435.5,3338.0,23.0,100780.0,441.0,10.0,442.0,10.0,445.5,10.0,451.0,20.0,459.5,24.0,426.5,10.0,425.5,10.0,424.5,10.0,423.0,10.0,419.5,24.0
2023-04-27 21:06:28.0,1682600788000000000,447.0,447.0,435.5,3338.0,23.0,100780.0,441.0,20.0,445.5,10.0,451.0,20.0,459.5,24.0,463.0,10.0,425.5,20.0,424.5,10.0,423.0,10.0,419.5,24.0,418.5,10.0
2023-04-27 21:06:28.25,1682600788250000000,447.0,447.0,435.5,3338.0,23.0,100780.0,441.0,10.0,441.5,10.0,445.5,10.0,451.0,20.0,459.5,24.0,426.0,10.0,425.5,10.0,424.5,10.0,423.0,10.0,419.5,24.0
2023-04-27 21:06:28.75,1682600788750000000,447.0,447.0,435.5,3338.0,23.0,100780.0,440.0,10.0,441.5,10.0,445.5,10.0,451.0,20.0,459.5,24.0,426.0,10.0,424.5,20.0,423.0,10.0,419.5,24.0,415.5,10.0
2023-04-27 21:06:29.0,1682600789000000000,447.0,447.0,435.5,3338.0,23.0,100780.0,440.0,10.0,440.5,10.0,445.5,10.0,451.0,20.0,459.5,24.0,425.0,10.0,424.5,20.0,423.0,10.0,419.5,24.0,417.5,10.0
2023-04-27 21:06:29.25,1682600789250000000,447.0,447.0,435.5,3338.0,23.0,100780.0,439.5,10.0,440.5,10.0,445.5,10.0,451.0,20.0,459.5,24.0,425.0,10.0,424.5,10.0,424.0,10.0,423.0,10.0,419.5,24.0
2023-04-27 21:06:29.5,1682600789500000000,447.0,447.0,435.5,3338.0,23.0,100780.0,439.5,20.0,445.5,10.0,451.0,20.0,459.5,24.0,463.0,10.0,424.5,20.0,424.0,10.0,423.0,10.0,419.5,24.0,415.5,10.0
2023-04-27 21:06:29.75,1682600789750000000,447.0,447.0,435.5,3338.0,23.0,100780.0,439.0,10.0,439.5,10.0,445.5,10.0,451.0,20.0,459.5,24.0,424.5,20.0,423.5,10.0,423.0,10.0,419.5,24.0,417.0,10.0
2023-04-27 21:06:30.25,1682600790250000000,447.0,447.0,435.5,3338.0,23.0,100780.0,439.0,10.0,439.5,10.0,445.5,10.0,451.0,20.0,459.5,24.0,424.5,20.0,423.5,10.0,423.0,10.0,419.5,24.0,415.5,10.0
2023-04-27 21:06:30.5,1682600790500000000,447.0,447.0,435.5,3338.0,23.0,100780.0,439.0,10.0,439.5,10.0,445.5,10.0,451.0,20.0,459.5,24.0,424.5,20.0,423.5,10.0,423.0,10.0,419.5,24.0,416.5,10.0
2023-04-27 21:06:32.0,1682600792000000000,447.0,447.0,435.5,3338.0,23.0,100780.0,439.5,20.0,445.5,10.0,451.0,20.0,459.5,24.0,463.0,10.0,424.5,20.0,424.0,10.0,423.0,10.0,419.5,24.0,416.5,10.0
2023-04-27 21:06:33.0,1682600793000000000,447.0,447.0,435.5,3338.0,23.0,100780.0,439.5,10.0,440.0,10.0,445.5,10.0,451.0,20.0,459.5,24.0,424.5,30.0,423.0,10.0,419.5,24.0,416.5,10.0,405.0,10.0
2023-04-27 21:06:33.25,1682600793250000000,447.0,447.0,435.5,3338.0,23.0,100780.0,440.0,20.0,445.5,10.0,451.0,20.0,459.5,24.0,479.5,10.0,424.5,30.0,423.0,10.0,419.5,24.0,416.5,10.0,405.0,10.0
2023-04-27 21:06:34.0,1682600794000000000,447.0,447.0,435.5,3338.0,23.0,100780.0,439.5,10.0,440.0,10.0,445.5,10.0,451.0,20.0,459.5,34.0,424.5,20.0,424.0,10.0,423.0,10.0,419.5,24.0,416.5,10.0
2023-04-27 21:06:35.25,1682600795250000000,447.0,447.0,435.5,3338.0,23.0,100780.0,439.0,10.0,440.0,10.0,445.5,10.0,451.0,20.0,459.5,34.0,424.5,20.0,423.5,10.0,423.0,10.0,419.5,24.0,416.5,10.0
2023-04-27 21:06:36.5,1682600796500000000,447.0,447.0,435.5,3338.0,23.0,100780.0,438.5,10.0,440.0,10.0,441.0,10.0,451.0,20.0,459.5,34.0,424.5,10.0,423.0,20.0,421.0,10.0,419.5,24.0,413.0,10.0
2023-04-27 21:06:36.75,1682600796750000000,447.0,447.0,435.5,3338.0,23.0,100780.0,438.5,20.0,441.0,10.0,451.0,20.0,459.5,34.0,502.0,111.0,423.0,30.0,421.0,10.0,419.5,24.0,416.0,10.0,413.0,10.0
2023-04-27 21:06:37.0,1682600797000000000,447.0,447.0,435.5,3338.0,23.0,100780.0,438.5,20.0,441.0,10.0,446.0,10.0,451.0,10.0,459.5,34.0,423.0,20.0,421.0,10.0,419.5,24.0,418.0,10.0,416.0,10.0
2023-04-27 21:06:38.5,1682600798500000000,447.0,447.0,435.5,3338.0,23.0,100780.0,438.5,10.0,439.0,10.0,441.0,10.0,446.0,10.0,451.0,10.0,423.5,10.0,423.0,10.0,421.0,10.0,419.5,24.0,418.0,10.0
2023-04-27 21:06:38.75,1682600798750000000,447.0,447.0,435.5,3338.0,23.0,100780.0,439.0,20.0,441.0,10.0,446.0,10.0,451.0,10.0,459.5,34.0,423.5,20.0,421.0,10.0,419.5,24.0,418.0,10.0,416.0,10.0
2023-04-27 21:06:40.25,1682600800250000000,447.0,447.0,435.5,3338.0,23.0,100780.0,439.0,10.0,440.0,10.0,441.0,10.0,446.0,10.0,451.0,10.0,424.5,10.0,423.5,10.0,421.0,10.0,419.5,24.0,418.0,10.0
2023-04-27 21:06:40.5,1682600800500000000,447.0,447.0,435.5,3338.0,23.0,100780.0,440.0,20.0,441.0,10.0,446.0,10.0,451.0,10.0,459.5,24.0,424.5,20.0,421.0,10.0,419.5,24.0,418.0,10.0,416.0,10.0
2023-04-27 21:06:41.0,1682600801000000000,447.0,447.0,435.5,3338.0,23.0,100780.0,440.0,20.0,441.0,10.0,446.0,10.0,451.0,10.0,458.0,10.0,424.5,20.0,421.0,10.0,419.5,24.0,418.0,10.0,416.0,10.0
2023-04-27 21:06:42.75,1682600802750000000,447.0,447.0,435.5,3338.0,23.0,100780.0,440.0,20.0,441.0,10.0,446.0,10.0,451.0,10.0,459.5,24.0,424.5,20.0,421.0,10.0,419.5,24.0,418.0,10.0,416.0,10.0
2023-04-27 21:06:43.25,1682600803250000000,447.0,447.0,435.5,3338.0,23.0,100780.0,440.0,10.0,440.5,10.0,441.0,10.0,446.0,10.0,451.0,10.0,425.0,10.0,424.5,10.0,421.0,10.0,419.5,24.0,418.0,10.0
2023-04-27 21:06:43.5,1682600803500000000,447.0,447.0,435.5,3338.0,23.0,100780.0,440.0,10.0,440.5,20.0,441.0,10.0,446.0,10.0,451.0,10.0,425.0,30.0,421.0,10.0,419.5,24.0,418.0,10.0,416.0,10.0
2023-04-27 21:06:44.0,1682600804000000000,447.0,447.0,435.5,3338.0,23.0,100780.0,440.0,20.0,440.5,10.0,441.0,10.0,446.0,10.0,451.0,10.0,425.0,20.0,424.5,10.0,421.0,10.0,419.5,24.0,418.0,10.0
2023-04-27 21:06:44.5,1682600804500000000,447.0,447.0,435.5,3338.0,23.0,100780.0,440.0,10.0,440.5,10.0,441.0,20.0,446.0,10.0,451.0,10.0,425.5,10.0,425.0,20.0,421.0,10.0,419.5,24.0,418.0,10.0
2023-04-27 21:06:45.5,1682600805500000000,447.0,447.0,435.5,3338.0,23.0,100780.0,440.0,10.0,440.5,20.0,441.0,10.0,446.0,10.0,451.0,10.0,425.0,30.0,421.0,10.0,419.5,24.0,418.0,10.0,416.0,10.0
2023-04-27 21:06:45.75,1682600805750000000,447.0,447.0,435.5,3338.0,23.0,100780.0,440.0,10.0,440.5,20.0,441.0,10.0,446.0,10.0,451.0,10.0,425.0,30.0,421.0,10.0,419.5,24.0,418.5,10.0,418.0,10.0
2023-04-27 21:06:46.25,1682600806250000000,447.0,447.0,435.5,3338.0,23.0,100780.0,440.0,10.0,440.5,10.0,441.0,10.0,442.5,10.0,446.0,10.0,427.0,10.0,425.0,20.0,421.0,10.0,419.5,24.0,418.5,10.0
2023-04-27 21:06:46.5,1682600806500000000,447.0,447.0,435.5,3338.0,23.0,100780.0,440.0,20.0,441.0,10.0,442.5,10.0,446.0,10.0,451.0,10.0,427.0,20.0,425.0,10.0,421.0,10.0,419.5,24.0,418.5,10.0
2023-04-27 21:06:46.75,1682600806750000000,447.0,447.0,435.5,3338.0,23.0,100780.0,440.0,20.0,441.0,10.0,442.5,10.0,446.0,10.0,451.0,10.0,427.0,30.0,421.0,10.0,419.5,24.0,418.5,10.0,418.0,10.0
2023-04-27 21:06:47.25,1682600807250000000,447.0,447.0,435.5,3338.0,23.0,100780.0,440.0,20.0,441.0,10.0,443.0,10.0,446.0,10.0,451.0,10.0,427.0,30.0,421.0,10.0,419.5,24.0,418.5,10.0,418.0,10.0
2023-04-27 21:06:47.75,1682600807750000000,447.0,447.0,435.5,3338.0,23.0,100780.0,440.0,20.0,441.0,10.0,442.0,10.0,446.0,10.0,451.0,10.0,427.0,20.0,426.5,10.0,421.0,10.0,419.5,24.0,418.0,20.0
2023-04-27 21:06:48.0,1682600808000000000,447.0,447.0,435.5,3338.0,23.0,100780.0,440.0,20.0,441.0,10.0,442.0,10.0,446.0,10.0,451.0,10.0,427.0,20.0,426.5,10.0,421.0,10.0,419.5,24.0,418.0,10.0
2023-04-27 21:06:49.25,1682600809250000000,447.0,447.0,435.5,3338.0,23.0,100780.0,440.0,20.0,441.0,10.0,442.0,10.0,446.0,10.0,451.0,10.0,427.0,20.0,426.5,10.0,421.0,10.0,419.5,24.0,418.0,20.0
2023-04-27 21:06:52.25,1682600812250000000,447.0,447.0,435.5,3338.0,23.0,100780.0,440.0,20.0,441.0,10.0,442.0,10.0,446.0,10.0,451.0,10.0,427.0,20.0,426.5,10.0,421.0,10.0,419.5,24.0,418.0,10.0
2023-04-27 21:06:52.5,1682600812500000000,447.0,447.0,435.5,3338.0,23.0,100780.0,440.0,20.0,441.0,10.0,442.5,10.0,446.0,10.0,451.0,10.0,427.0,30.0,421.0,10.0,419.5,24.0,418.0,20.0,412.5,10.0
2023-04-27 21:06:53.0,1682600813000000000,447.0,447.0,435.5,3338.0,23.0,100780.0,440.0,20.0,441.0,10.0,442.0,10.0,446.0,10.0,451.0,10.0,427.0,20.0,426.5,10.0,421.0,10.0,419.5,24.0,418.0,20.0
2023-04-27 21:06:53.5,1682600813500000000,447.0,447.0,435.5,3338.0,23.0,100780.0,440.0,20.0,441.0,10.0,442.5,10.0,446.0,10.0,451.0,10.0,427.0,30.0,421.0,10.0,419.5,24.0,418.0,10.0,412.5,10.0
2023-04-27 21:06:53.75,1682600813750000000,447.0,447.0,435.5,3338.0,23.0,100780.0,440.0,20.0,441.0,10.0,442.5,10.0,446.0,10.0,451.0,10.0,427.0,30.0,421.0,10.0,419.5,24.0,418.0,20.0,412.5,10.0
2023-04-27 21:06:54.25,1682600814250000000,447.0,447.0,435.5,3338.0,23.0,100780.0,440.0,20.0,441.0,10.0,443.5,10.0,446.0,10.0,451.0,10.0,428.0,10.0,427.0,20.0,421.0,10.0,419.5,24.0,418.0,20.0
2023-04-27 21:06:54.75,1682600814750000000,447.0,447.0,435.5,3338.0,23.0,100780.0,440.0,20.0,441.0,10.0,443.5,10.0,446.0,10.0,451.0,10.0,428.0,20.0,427.0,10.0,421.0,10.0,419.5,24.0,418.0,20.0
2023-04-27 21:06:56.5,1682600816500000000,447.0,447.0,435.5,3338.0,23.0,100780.0,440.0,20.0,441.0,10.0,444.0,10.0,446.0,10.0,451.0,10.0,428.5,10.0,428.0,10.0,427.0,10.0,421.0,10.0,419.5,24.0
2023-04-27 21:06:56.75,1682600816750000000,447.0,447.0,435.5,3338.0,23.0,100780.0,440.0,20.0,441.0,10.0,443.5,10.0,446.0,10.0,451.0,10.0,428.0,20.0,427.0,10.0,421.0,10.0,419.5,24.0,418.0,20.0
2023-04-27 21:06:57.0,1682600817000000000,447.0,447.0,435.5,3338.0,23.0,100780.0,440.0,20.0,441.0,10.0,443.0,10.0,446.0,10.0,451.0,10.0,428.0,10.0,427.5,10.0,427.0,10.0,421.0,10.0,419.5,24.0
2023-04-27 21:06:57.75,1682600817750000000,447.0,447.0,435.5,3338.0,23.0,100780.0,440.0,20.0,441.0,10.0,443.5,10.0,446.0,10.0,451.0,10.0,428.0,20.0,427.0,10.0,421.0,10.0,419.5,24.0,418.0,20.0
2023-04-27 21:06:58.0,1682600818000000000,447.0,447.0,435.5,3338.0,23.0,100780.0,440.0,20.0,441.0,10.0,444.0,10.0,446.0,10.0,451.0,10.0,428.5,10.0,428.0,10.0,427.0,10.0,421.0,10.0,419.5,24.0
2023-04-27 21:06:58.25,1682600818250000000,447.0,447.0,435.5,3338.0,23.0,100780.0,440.0,20.0,441.0,10.0,444.5,10.0,446.0,10.0,451.0,10.0,428.5,10.0,428.0,10.0,427.0,10.0,421.0,10.0,419.5,24.0
2023-04-27 21:06:58.75,1682600818750000000,447.0,447.0,435.5,3338.0,23.0,100780.0,440.0,20.0,441.0,10.0,444.0,10.0,446.0,10.0,451.0,10.0,428.5,10.0,428.0,10.0,427.0,10.0,421.0,10.0,419.5,24.0
2023-04-27 21:06:59.75,1682600819750000000,447.0,447.0,435.5,3338.0,23.0,100780.0,440.0,20.0,441.0,10.0,442.0,10.0,444.0,10.0,446.0,10.0,428.5,10.0,428.0,10.0,427.0,10.0,426.5,10.0,421.0,10.0
2023-04-27 21:07:00.5,1682600820500000000,447.0,447.0,435.5,3338.0,23.0,100780.0,440.0,20.0,442.0,10.0,444.0,10.0,445.0,10.0,446.0,10.0,428.5,10.0,428.0,10.0,427.0,10.0,426.5,10.0,424.0,10.0
2023-04-27 21:07:00.75,1682600820750000000,447.0,447.0,435.5,3338.0,23.0,100780.0,440.0,20.0,442.0,10.0,444.5,10.0,445.0,10.0,446.0,10.0,429.0,10.0,428.0,10.0,427.0,10.0,426.5,10.0,424.0,10.0
2023-04-27 21:07:01.0,1682600821000000000,447.0,447.0,435.5,3338.0,23.0,100780.0,440.0,20.0,442.0,10.0,444.5,10.0,445.0,10.0,446.0,10.0,429.0,30.0,427.0,10.0,424.0,10.0,419.5,24.0,418.0,20.0
2023-04-27 21:07:01.25,1682600821250000000,447.0,447.0,435.5,3338.0,23.0,100780.0,440.0,20.0,442.0,10.0,444.5,10.0,445.0,10.0,446.0,10.0,429.0,30.0,427.0,10.0,424.0,10.0,420.0,10.0,419.5,24.0
2023-04-27 21:07:02.25,1682600822250000000,447.0,447.0,435.5,3338.0,23.0,100780.0,440.0,20.0,442.0,10.0,443.5,10.0,445.0,10.0,446.0,10.0,429.0,20.0,428.0,10.0,427.0,10.0,424.0,10.0,419.5,34.0
2023-04-27 21:07:02.75,1682600822750000000,447.0,447.0,435.5,3338.0,23.0,100780.0,440.0,20.0,442.0,10.0,443.5,10.0,445.0,10.0,446.0,10.0,429.0,20.0,428.0,10.0,427.0,10.0,424.0,10.0,419.5,24.0
2023-04-27 21:07:03.25,1682600823250000000,447.0,447.0,435.5,3338.0,23.0,100780.0,440.0,20.0,442.0,10.0,442.5,10.0,445.0,10.0,446.0,10.0,429.0,20.0,427.0,20.0,424.0,10.0,419.5,24.0,418.0,10.0
2023-04-27 21:07:03.5,1682600823500000000,447.0,447.0,435.5,3338.0,23.0,100780.0,440.0,20.0,442.0,10.0,442.5,10.0,445.0,10.0,446.0,10.0,429.0,20.0,427.0,20.0,424.0,10.0,419.5,24.0,418.5,10.0
2023-04-27 21:07:04.0,1682600824000000000,447.0,447.0,435.5,3338.0,23.0,100780.0,440.0,20.0,442.0,10.0,443.5,10.0,445.0,10.0,446.0,10.0,429.0,20.0,428.0,10.0,427.0,10.0,424.0,10.0,419.5,24.0
2023-04-27 21:07:08.25,1682600828250000000,447.0,447.0,435.5,3338.0,23.0,100780.0,440.0,20.0,442.0,10.0,443.0,10.0,445.0,10.0,446.0,10.0,429.0,20.0,427.5,10.0,427.0,10.0,424.0,10.0,419.5,24.0
2023-04-27 21:07:08.5,1682600828500000000,447.0,447.0,435.5,3338.0,23.0,100780.0,440.0,20.0,442.0,20.0,445.0,10.0,446.0,10.0,451.0,10.0,429.0,20.0,427.0,10.0,426.5,10.0,424.0,10.0,419.5,24.0
2023-04-27 21:07:08.75,1682600828750000000,447.0,447.0,435.5,3338.0,23.0,100780.0,440.0,20.0,442.0,10.0,443.0,10.0,445.0,10.0,446.0,10.0,429.0,20.0,427.5,10.0,427.0,10.0,424.0,10.0,419.5,24.0
2023-04-27 21:07:09.0,1682600829000000000,447.0,447.0,435.5,3338.0,23.0,100780.0,440.0,20.0,442.0,20.0,445.0,10.0,446.0,10.0,451.0,10.0,429.0,20.0,427.0,10.0,426.5,10.0,424.0,10.0,419.5,24.0
2023-04-27 21:07:09.5,1682600829500000000,447.0,447.0,435.5,3338.0,23.0,100780.0,440.0,20.0,442.0,10.0,443.0,10.0,445.0,10.0,446.0,10.0,429.0,20.0,427.5,10.0,427.0,10.0,424.0,10.0,419.5,24.0
2023-04-27 21:07:10.0,1682600830000000000,447.0,447.0,435.5,3338.0,23.0,100780.0,440.0,20.0,442.0,10.0,444.0,10.0,445.0,10.0,446.0,10.0,429.0,20.0,428.5,10.0,427.0,10.0,424.0,10.0,419.5,24.0
2023-04-27 21:07:10.25,1682600830250000000,447.0,447.0,435.5,3338.0,23.0,100780.0,440.0,20.0,442.0,10.0,444.0,10.0,445.0,10.0,446.0,10.0,429.0,20.0,428.5,10.0,427.0,10.0,424.0,10.0,419.5,34.0
2023-04-27 21:07:10.5,1682600830500000000,447.0,447.0,435.5,3338.0,23.0,100780.0,440.0,20.0,442.0,10.0,444.5,10.0,445.0,10.0,446.0,10.0,429.0,30.0,427.0,10.0,424.0,10.0,419.5,34.0,418.0,10.0
2023-04-27 21:07:13.75,1682600833750000000,447.0,447.0,435.5,3338.0,23.0,100780.0,440.0,20.0,442.0,10.0,444.0,10.0,445.0,10.0,446.0,10.0,429.0,20.0,428.5,10.0,427.0,10.0,424.0,10.0,419.5,34.0
2023-04-27 21:07:14.0,1682600834000000000,447.0,447.0,435.5,3338.0,23.0,100780.0,437.5,10.0,440.0,20.0,442.0,10.0,444.5,10.0,445.0,10.0,432.0,10.0,429.0,30.0,427.0,10.0,424.0,10.0,419.5,24.0
2023-04-27 21:07:14.25,1682600834250000000,447.0,447.0,435.5,3338.0,23.0,100780.0,437.5,10.0,438.0,10.0,440.0,10.0,441.0,10.0,442.0,10.0,432.0,10.0,431.5,10.0,429.0,20.0,428.0,10.0,427.0,10.0
2023-04-27 21:07:14.5,1682600834500000000,447.0,447.0,435.5,3338.0,23.0,100780.0,437.5,10.0,438.0,20.0,439.5,10.0,441.0,10.0,444.5,10.0,432.0,20.0,431.5,10.0,430.0,10.0,429.0,10.0,428.0,10.0
2023-04-27 21:07:15.5,1682600835500000000,447.0,447.0,435.5,3338.0,23.0,100780.0,437.5,10.0,438.0,20.0,438.5,10.0,439.5,10.0,441.0,10.0,432.0,30.0,431.5,10.0,430.0,10.0,429.0,10.0,428.0,10.0
2023-04-27 21:07:18.5,1682600838500000000,447.0,447.0,435.5,3338.0,23.0,100780.0,438.0,30.0,438.5,10.0,439.5,10.0,441.0,10.0,444.5,10.0,432.0,30.0,431.5,10.0,430.0,10.0,429.0,10.0,428.0,10.0
2023-04-27 21:07:19.0,1682600839000000000,447.0,447.0,435.5,3338.0,23.0,100780.0,438.0,30.0,438.5,10.0,440.0,10.0,441.0,10.0,444.5,10.0,432.0,30.0,431.5,10.0,430.0,10.0,429.0,10.0,428.0,10.0
2023-04-27 21:07:20.5,1682600840500000000,447.0,447.0,435.5,3338.0,23.0,100780.0,438.0,20.0,438.5,10.0,440.0,10.0,441.0,10.0,444.5,10.0,432.0,20.0,431.5,10.0,430.0,10.0,429.0,10.0,428.0,10.0
2023-04-27 21:07:21.0,1682600841000000000,447.0,447.0,435.5,3338.0,23.0,100780.0,438.0,20.0,438.5,10.0,440.0,10.0,441.0,10.0,444.0,10.0,432.0,20.0,431.5,10.0,430.0,10.0,428.5,10.0,428.0,10.0
2023-04-27 21:07:22.0,1682600842000000000,447.0,447.0,435.5,3338.0,23.0,100780.0,438.0,20.0,438.5,10.0,440.0,10.0,441.0,10.0,445.5,10.0,432.0,20.0,431.5,10.0,430.0,20.0,428.0,10.0,419.5,24.0
2023-04-27 21:07:22.25,1682600842250000000,447.0,447.0,435.5,3338.0,23.0,100780.0,438.0,20.0,438.5,10.0,440.0,10.0,441.0,10.0,446.0,20.0,432.0,20.0,431.5,10.0,430.0,20.0,428.0,10.0,419.5,24.0
2023-04-27 21:07:23.0,1682600843000000000,447.0,447.0,435.5,3338.0,23.0,100780.0,438.0,20.0,438.5,10.0,440.0,10.0,441.0,10.0,446.0,20.0,432.0,20.0,431.5,10.0,430.5,10.0,430.0,10.0,428.0,10.0
2023-04-27 21:07:24.0,1682600844000000000,447.0,447.0,435.5,3338.0,23.0,100780.0,438.0,20.0,438.5,10.0,440.0,10.0,441.0,10.0,444.5,10.0,432.0,20.0,431.5,10.0,430.0,10.0,429.0,10.0,428.0,10.0
2023-04-27 21:07:26.25,1682600846250000000,447.0,447.0,435.5,3338.0,23.0,100780.0,438.0,20.0,438.5,10.0,440.0,10.0,441.0,10.0,445.5,10.0,432.0,20.0,431.5,10.0,430.0,20.0,428.0,10.0,422.5,10.0
2023-04-27 21:07:29.5,1682600849500000000,447.0,447.0,435.5,3338.0,23.0,100780.0,438.0,20.0,438.5,10.0,440.0,10.0,441.0,10.0,445.0,10.0,432.0,20.0,431.5,10.0,430.0,10.0,429.5,10.0,428.0,10.0
2023-04-27 21:07:29.75,1682600849750000000,447.0,447.0,435.5,3338.0,23.0,100780.0,438.0,20.0,438.5,10.0,440.0,10.0,441.0,10.0,444.5,10.0,432.0,20.0,431.5,10.0,430.0,10.0,429.0,10.0,428.0,10.0
2023-04-27 21:07:31.25,1682600851250000000,447.0,447.0,435.5,3338.0,23.0,100780.0,438.0,20.0,438.5,10.0,440.0,10.0,441.0,10.0,445.5,10.0,432.0,20.0,431.5,10.0,430.0,20.0,428.0,10.0,422.5,10.0
2023-04-27 21:07:32.5,1682600852500000000,447.0,447.0,435.5,3338.0,23.0,100780.0,438.0,20.0,438.5,10.0,440.0,10.0,441.0,10.0,444.5,10.0,432.0,20.0,431.5,10.0,430.0,10.0,429.0,10.0,428.0,10.0
2023-04-27 21:07:32.75,1682600852750000000,447.0,447.0,435.5,3338.0,23.0,100780.0,438.0,20.0,438.5,10.0,440.0,10.0,441.0,10.0,445.5,10.0,432.0,20.0,431.5,10.0,430.0,20.0,428.0,10.0,422.5,10.0
2023-04-27 21:07:35.5,1682600855500000000,447.0,447.0,435.5,3338.0,23.0,100780.0,438.0,20.0,438.5,10.0,440.0,10.0,441.0,10.0,445.5,20.0,432.0,20.0,431.5,10.0,430.0,20.0,428.0,20.0,419.5,24.0
2023-04-27 21:07:36.5,1682600856500000000,447.0,447.0,435.5,3338.0,23.0,100780.0,439.0,10.0,439.5,20.0,440.0,10.0,441.0,10.0,445.5,20.0,433.0,10.0,432.0,20.0,430.0,20.0,428.0,20.0,419.5,24.0
2023-04-27 21:07:37.0,1682600857000000000,447.0,447.0,435.5,3338.0,23.0,100780.0,439.0,10.0,439.5,20.0,441.0,20.0,445.5,20.0,446.0,10.0,433.0,20.0,432.0,10.0,431.0,10.0,430.0,10.0,428.0,20.0
2023-04-27 21:07:37.25,1682600857250000000,447.0,447.0,435.5,3338.0,23.0,100780.0,439.0,10.0,439.5,20.0,441.0,20.0,445.5,10.0,446.0,20.0,433.0,20.0,432.0,10.0,431.0,10.0,430.5,10.0,428.0,20.0
2023-04-27 21:07:37.75,1682600857750000000,447.0,447.0,435.5,3338.0,23.0,100780.0,439.0,10.0,439.5,10.0,441.0,10.0,443.5,10.0,445.5,10.0,433.0,20.0,431.0,10.0,430.5,10.0,430.0,10.0,428.0,10.0
2023-04-27 21:07:38.0,1682600858000000000,447.0,447.0,435.5,3338.0,23.0,100780.0,440.0,10.0,440.5,10.0,441.0,10.0,443.5,10.0,445.5,10.0,434.0,10.0,433.0,10.0,431.0,20.0,430.0,10.0,428.0,10.0
2023-04-27 21:07:38.25,1682600858250000000,447.0,447.0,435.5,3338.0,23.0,100780.0,440.0,10.0,440.5,10.0,441.0,10.0,443.5,10.0,445.5,10.0,434.0,20.0,431.0,20.0,430.0,10.0,428.0,10.0,419.5,24.0
2023-04-27 21:07:38.5,1682600858500000000,447.0,447.0,435.5,3338.0,23.0,100780.0,440.0,10.0,440.5,20.0,442.0,10.0,443.5,10.0,445.5,10.0,434.0,30.0,432.0,10.0,431.0,10.0,430.0,10.0,428.0,10.0
2023-04-27 21:07:39.0,1682600859000000000,447.0,447.0,435.5,3338.0,23.0,100780.0,440.0,10.0,441.0,10.0,441.5,10.0,442.0,10.0,443.5,10.0,435.0,10.0,434.0,20.0,432.0,10.0,431.5,10.0,430.0,10.0
2023-04-27 21:07:39.25,1682600859250000000,447.0,447.0,435.5,3338.0,23.0,100780.0,440.5,10.0,441.0,10.0,441.5,10.0,442.0,10.0,443.5,10.0,435.0,10.0,434.0,20.0,432.0,10.0,431.5,10.0,430.0,10.0
2023-04-27 21:07:39.5,1682600859500000000,447.0,447.0,435.5,3338.0,23.0,100780.0,440.5,10.0,441.0,10.0,441.5,10.0,442.5,10.0,443.5,10.0,435.0,20.0,434.0,10.0,433.0,10.0,431.5,10.0,430.0,10.0
2023-04-27 21:07:39.75,1682600859750000000,447.0,447.0,435.5,3338.0,23.0,100780.0,440.5,10.0,441.0,10.0,441.5,10.0,442.5,10.0,443.5,10.0,435.0,20.0,434.0,10.0,433.0,10.0,432.0,10.0,430.0,10.0
2023-04-27 21:07:40.0,1682600860000000000,447.0,447.0,435.5,3338.0,23.0,100780.0,441.5,10.0,442.0,10.0,442.5,10.0,443.0,10.0,445.0,10.0,436.0,10.0,435.0,20.0,433.0,10.0,432.5,20.0,431.5,10.0
2023-04-27 21:07:40.25,1682600860250000000,447.0,447.0,435.5,3338.0,23.0,100780.0,441.5,10.0,442.0,10.0,442.5,10.0,443.0,10.0,445.0,10.0,436.0,20.0,435.0,10.0,433.0,10.0,432.5,20.0,431.5,10.0
2023-04-27 21:07:40.5,1682600860500000000,447.0,447.0,435.5,3338.0,23.0,100780.0,442.0,10.0,443.0,20.0,443.5,10.0,445.0,10.0,446.0,10.0,436.5,10.0,436.0,10.0,435.0,10.0,434.0,20.0,432.5,10.0
2023-04-27 21:07:40.75,1682600860750000000,447.0,447.0,435.5,3338.0,23.0,100780.0,442.5,10.0,443.0,10.0,443.5,10.0,445.0,10.0,446.0,10.0,436.5,10.0,436.0,10.0,434.0,10.0,433.0,10.0,432.5,10.0
2023-04-27 21:07:41.0,1682600861000000000,447.0,447.0,435.5,3338.0,23.0,100780.0,442.0,10.0,442.5,10.0,444.5,10.0,445.0,10.0,446.0,10.0,436.0,10.0,435.5,10.0,434.5,10.0,433.5,10.0,432.5,10.0
2023-04-27 21:07:41.25,1682600861250000000,447.0,447.0,435.5,3338.0,23.0,100780.0,442.0,10.0,442.5,10.0,444.5,10.0,445.0,10.0,446.0,10.0,436.0,10.0,435.5,10.0,434.5,10.0,433.0,10.0,432.5,10.0
2023-04-27 21:07:41.5,1682600861500000000,447.0,447.0,435.5,3338.0,23.0,100780.0,442.0,10.0,442.5,10.0,444.0,10.0,445.0,10.0,446.0,10.0,436.0,10.0,435.5,10.0,434.0,10.0,433.5,10.0,432.5,10.0
2023-04-27 21:07:41.75,1682600861750000000,447.0,447.0,435.5,3338.0,23.0,100780.0,442.0,10.0,442.5,20.0,444.0,10.0,445.0,10.0,446.0,10.0,436.0,20.0,435.5,10.0,434.0,10.0,433.5,10.0,432.5,10.0
2023-04-27 21:07:42.25,1682600862250000000,447.0,447.0,435.5,3338.0,23.0,100780.0,442.5,20.0,443.5,10.0,444.0,10.0,445.0,10.0,446.0,10.0,436.5,10.0,436.0,20.0,434.0,20.0,432.5,10.0,431.5,10.0
2023-04-27 21:07:42.5,1682600862500000000,447.0,447.0,435.5,3338.0,23.0,100780.0,442.0,10.0,442.5,10.0,443.5,10.0,444.5,10.0,445.0,10.0,436.0,20.0,435.5,10.0,434.5,10.0,433.5,10.0,432.5,10.0
2023-04-27 21:07:43.0,1682600863000000000,447.0,447.0,435.5,3338.0,23.0,100780.0,442.0,10.0,442.5,10.0,443.5,10.0,444.0,10.0,445.0,10.0,436.0,20.0,435.5,10.0,434.0,10.0,433.0,10.0,432.5,10.0
2023-04-27 21:07:43.25,1682600863250000000,447.0,447.0,435.5,3338.0,23.0,100780.0,442.0,10.0,442.5,10.0,443.5,10.0,444.0,10.0,445.0,10.0,436.0,20.0,435.5,10.0,434.0,10.0,433.5,10.0,432.5,10.0
2023-04-27 21:07:44.0,1682600864000000000,447.0,447.0,435.5,3338.0,23.0,100780.0,442.0,10.0,442.5,10.0,443.5,10.0,444.0,10.0,445.0,10.0,436.0,20.0,435.5,10.0,434.0,10.0,433.0,10.0,432.5,10.0
2023-04-27 21:07:44.25,1682600864250000000,447.0,447.0,435.5,3338.0,23.0,100780.0,442.0,10.0,442.5,10.0,443.5,10.0,444.0,10.0,445.0,10.0,436.0,20.0,435.5,10.0,434.0,10.0,433.5,10.0,432.5,10.0
2023-04-27 21:07:46.75,1682600866750000000,447.0,447.0,435.5,3338.0,23.0,100780.0,443.5,20.0,444.0,20.0,445.0,10.0,446.0,10.0,449.0,10.0,437.5,10.0,436.0,20.0,434.5,10.0,434.0,10.0,432.5,10.0
2023-04-27 21:07:47.0,1682600867000000000,447.0,447.0,435.5,3338.0,23.0,100780.0,444.0,20.0,444.5,10.0,445.0,10.0,445.5,10.0,446.0,10.0,437.5,20.0,436.0,10.0,435.5,10.0,434.0,10.0,432.5,10.0
2023-04-27 21:07:47.25,1682600867250000000,447.0,447.0,435.5,3338.0,23.0,100780.0,444.0,20.0,444.5,10.0,445.0,10.0,445.5,10.0,446.0,10.0,437.5,30.0,435.5,10.0,434.5,10.0,432.5,10.0,431.5,10.0
2023-04-27 21:07:47.5,1682600867500000000,447.0,447.0,435.5,3338.0,23.0,100780.0,443.0,10.0,444.0,10.0,444.5,10.0,445.0,10.0,446.0,20.0,437.5,20.0,437.0,10.0,435.5,10.0,434.5,10.0,432.5,10.0
2023-04-27 21:07:48.0,1682600868000000000,447.0,447.0,435.5,3338.0,23.0,100780.0,443.0,10.0,444.0,10.0,444.5,10.0,445.0,20.0,446.0,10.0,437.5,20.0,437.0,10.0,435.5,10.0,434.5,10.0,432.5,10.0
2023-04-27 21:07:49.75,1682600869750000000,447.0,447.0,435.5,3338.0,23.0,100780.0,443.0,20.0,444.5,10.0,445.0,20.0,446.0,10.0,449.0,10.0,437.5,20.0,437.0,10.0,435.5,10.0,434.5,10.0,432.5,10.0
2023-04-27 21:07:51.0,1682600871000000000,447.0,447.0,435.5,3338.0,23.0,100780.0,443.0,10.0,443.5,10.0,444.5,10.0,445.0,20.0,446.0,10.0,437.5,20.0,437.0,10.0,435.5,10.0,434.5,10.0,432.5,10.0
2023-04-27 21:07:51.25,1682600871250000000,447.0,447.0,435.5,3338.0,23.0,100780.0,443.0,20.0,443.5,10.0,445.0,20.0,446.0,10.0,449.0,10.0,437.5,20.0,437.0,10.0,435.5,10.0,434.0,10.0,432.5,10.0
2023-04-27 21:07:52.0,1682600872000000000,447.0,447.0,435.5,3338.0,23.0,100780.0,442.5,10.0,443.0,10.0,443.5,10.0,445.0,20.0,446.0,10.0,437.5,20.0,436.0,10.0,435.5,10.0,434.0,10.0,432.5,10.0
2023-04-27 21:07:52.25,1682600872250000000,447.0,447.0,435.5,3338.0,23.0,100780.0,442.5,10.0,443.0,10.0,443.5,10.0,445.0,20.0,446.0,10.0,437.5,20.0,436.0,10.0,435.5,10.0,433.5,10.0,432.5,10.0
2023-04-27 21:07:52.5,1682600872500000000,447.0,447.0,435.5,3338.0,23.0,100780.0,442.5,20.0,443.0,10.0,444.5,10.0,445.0,10.0,446.0,10.0,437.5,20.0,436.0,10.0,435.5,10.0,433.5,10.0,432.5,10.0
2023-04-27 21:07:54.0,1682600874000000000,447.0,447.0,435.5,3338.0,23.0,100780.0,442.5,10.0,443.0,20.0,444.5,10.0,445.0,10.0,446.0,10.0,437.5,20.0,437.0,10.0,435.5,10.0,433.5,10.0,432.5,10.0
2023-04-27 21:07:54.25,1682600874250000000,447.0,447.0,435.5,3338.0,23.0,100780.0,443.0,30.0,444.5,10.0,445.0,10.0,446.0,10.0,449.0,10.0,437.5,20.0,437.0,10.0,435.5,10.0,433.5,10.0,432.5,10.0
2023-04-27 21:07:54.5,1682600874500000000,447.0,447.0,435.5,3338.0,23.0,100780.0,443.0,30.0,445.0,20.0,446.0,10.0,449.0,10.0,450.0,10.0,437.5,20.0,437.0,10.0,435.5,10.0,434.0,10.0,432.5,10.0
2023-04-27 21:07:54.75,1682600874750000000,447.0,447.0,435.5,3338.0,23.0,100780.0,443.0,30.0,445.0,20.0,446.0,10.0,449.0,20.0,459.5,24.0,437.5,20.0,437.0,10.0,435.5,10.0,433.5,10.0,432.5,10.0
2023-04-27 21:07:55.5,1682600875500000000,447.0,447.0,435.5,3338.0,23.0,100780.0,443.0,30.0,445.0,20.0,446.0,10.0,449.0,10.0,449.5,10.0,437.5,20.0,437.0,10.0,435.5,10.0,433.5,10.0,432.5,10.0
2023-04-27 21:07:57.0,1682600877000000000,447.0,447.0,435.5,3338.0,23.0,100780.0,442.5,10.0,443.0,20.0,445.0,20.0,446.0,10.0,448.5,10.0,437.5,20.0,436.0,10.0,435.5,10.0,433.0,10.0,432.5,10.0
2023-04-27 21:07:57.5,1682600877500000000,447.0,447.0,435.5,3338.0,23.0,100780.0,442.5,10.0,443.0,20.0,444.5,10.0,445.0,10.0,446.0,10.0,437.5,20.0,436.0,10.0,435.5,10.0,433.0,10.0,432.5,10.0
2023-04-27 21:07:59.25,1682600879250000000,447.0,447.0,435.5,3338.0,23.0,100780.0,442.5,10.0,443.0,20.0,444.5,10.0,445.0,10.0,446.0,10.0,437.5,20.0,436.0,10.0,435.5,10.0,433.5,10.0,432.5,10.0
2023-04-27 21:07:59.5,1682600879500000000,447.0,447.0,435.5,3338.0,23.0,100780.0,442.5,10.0,443.0,20.0,444.5,10.0,445.0,10.0,446.0,10.0,437.5,20.0,436.0,10.0,435.5,10.0,434.5,10.0,432.5,10.0
2023-04-27 21:08:01.25,1682600881250000000,447.0,447.0,435.5,3338.0,23.0,100780.0,442.5,10.0,443.0,20.0,444.5,20.0,445.0,10.0,446.0,10.0,437.5,20.0,436.0,20.0,435.5,10.0,434.0,10.0,432.5,10.0
2023-04-27 21:08:05.0,1682600885000000000,447.0,447.0,435.5,3338.0,23.0,100780.0,442.5,10.0,443.0,20.0,444.5,20.0,445.0,10.0,446.0,10.0,437.5,20.0,436.0,20.0,435.5,10.0,433.0,10.0,432.5,10.0
2023-04-27 21:08:05.5,1682600885500000000,447.0,447.0,435.5,3338.0,23.0,100780.0,442.5,10.0,443.0,10.0,444.5,20.0,445.0,10.0,446.0,10.0,437.5,10.0,436.0,20.0,435.5,10.0,434.0,10.0,432.5,10.0
2023-04-27 21:08:05.75,1682600885750000000,447.0,447.0,435.5,3338.0,23.0,100780.0,442.5,10.0,443.0,20.0,444.5,20.0,445.0,10.0,446.0,10.0,437.5,10.0,436.0,30.0,435.5,10.0,434.0,10.0,432.5,10.0
2023-04-27 21:08:06.5,1682600886500000000,447.0,447.0,435.5,3338.0,23.0,100780.0,442.5,10.0,443.0,20.0,444.5,20.0,445.0,10.0,446.0,10.0,437.5,10.0,436.0,30.0,435.5,10.0,433.0,10.0,432.5,10.0
2023-04-27 21:08:06.75,1682600886750000000,447.0,447.0,435.5,3338.0,23.0,100780.0,442.5,10.0,443.0,20.0,444.5,20.0,445.0,10.0,446.0,10.0,437.5,10.0,436.0,30.0,435.5,10.0,434.0,10.0,432.5,10.0
2023-04-27 21:08:10.0,1682600890000000000,447.0,447.0,435.5,3338.0,23.0,100780.0,443.5,30.0,444.5,10.0,445.0,10.0,446.0,20.0,450.5,10.0,437.5,40.0,435.5,10.0,434.5,10.0,432.5,10.0,419.5,24.0
2023-04-27 21:08:10.5,1682600890500000000,447.0,447.0,435.5,3338.0,23.0,100780.0,443.5,10.0,444.0,10.0,444.5,10.0,445.5,10.0,446.0,20.0,438.0,20.0,437.5,20.0,435.5,20.0,435.0,10.0,419.5,24.0
2023-04-27 21:08:10.75,1682600890750000000,447.0,447.0,435.5,3338.0,23.0,100780.0,444.5,20.0,445.5,10.0,446.0,20.0,447.5,10.0,451.0,10.0,438.0,20.0,437.5,10.0,435.5,20.0,435.0,10.0,419.5,24.0
2023-04-27 21:08:11.0,1682600891000000000,447.0,447.0,435.5,3338.0,23.0,100780.0,444.5,20.0,446.0,20.0,446.5,10.0,447.5,10.0,451.0,10.0,438.0,20.0,437.5,10.0,436.0,10.0,435.5,10.0,435.0,10.0
2023-04-27 21:08:12.25,1682600892250000000,447.0,447.0,435.5,3338.0,23.0,100780.0,444.5,10.0,445.0,10.0,446.0,20.0,446.5,10.0,447.5,10.0,438.0,20.0,437.5,10.0,436.0,10.0,435.5,10.0,435.0,10.0
2023-04-27 21:08:12.75,1682600892750000000,447.0,447.0,435.5,3338.0,23.0,100780.0,444.5,20.0,445.0,10.0,446.0,20.0,446.5,10.0,447.5,10.0,438.0,30.0,437.5,10.0,436.0,10.0,435.5,10.0,435.0,10.0
2023-04-27 21:08:13.5,1682600893500000000,447.0,447.0,435.5,3338.0,23.0,100780.0,444.5,20.0,445.0,10.0,446.0,20.0,446.5,10.0,447.5,10.0,438.0,30.0,437.5,10.0,436.0,10.0,435.0,10.0,434.5,10.0
2023-04-27 21:08:13.75,1682600893750000000,447.0,447.0,435.5,3338.0,23.0,100780.0,444.5,20.0,445.0,10.0,446.0,20.0,446.5,10.0,447.5,10.0,438.0,30.0,437.5,10.0,436.0,10.0,435.0,20.0,419.5,24.0
2023-04-27 21:08:14.75,1682600894750000000,447.0,447.0,435.5,3338.0,23.0,100780.0,443.5,10.0,444.5,10.0,445.0,10.0,446.0,20.0,446.5,10.0,438.0,20.0,437.5,10.0,437.0,10.0,436.0,10.0,435.0,10.0
2023-04-27 21:08:15.0,1682600895000000000,447.0,447.0,435.5,3338.0,23.0,100780.0,443.5,20.0,444.0,10.0,445.5,10.0,446.0,20.0,447.5,10.0,438.0,20.0,437.5,10.0,437.0,10.0,436.0,10.0,435.0,10.0
2023-04-27 21:08:16.5,1682600896500000000,447.0,447.0,435.5,3338.0,23.0,100780.0,443.5,20.0,444.0,10.0,445.5,10.0,446.0,20.0,447.5,10.0,438.0,20.0,437.5,10.0,437.0,10.0,436.0,10.0,435.0,20.0
2023-04-27 21:08:18.25,1682600898250000000,447.0,447.0,435.5,3338.0,23.0,100780.0,443.5,10.0,444.0,10.0,444.5,10.0,445.5,10.0,446.0,20.0,439.0,10.0,438.0,10.0,437.5,10.0,437.0,10.0,436.0,10.0
2023-04-27 21:08:18.5,1682600898500000000,447.0,447.0,435.5,3338.0,23.0,100780.0,443.5,20.0,444.5,10.0,445.5,10.0,446.0,20.0,447.5,10.0,439.0,20.0,437.5,10.0,437.0,20.0,435.0,20.0,419.5,24.0
2023-04-27 21:08:20.0,1682600900000000000,447.0,447.0,435.5,3338.0,23.0,100780.0,443.5,10.0,444.0,10.0,444.5,10.0,445.5,10.0,446.0,20.0,439.0,20.0,437.5,10.0,437.0,20.0,435.0,20.0,419.5,24.0
2023-04-27 21:08:20.25,1682600900250000000,447.0,447.0,435.5,3338.0,23.0,100780.0,443.5,10.0,444.0,10.0,444.5,10.0,445.5,10.0,446.0,20.0,439.0,20.0,437.5,10.0,437.0,20.0,435.0,10.0,434.5,10.0
2023-04-27 21:08:20.75,1682600900750000000,447.0,447.0,435.5,3338.0,23.0,100780.0,443.5,10.0,444.0,10.0,444.5,10.0,445.5,10.0,446.0,20.0,439.0,20.0,437.5,10.0,437.0,20.0,435.5,10.0,435.0,10.0
2023-04-27 21:08:23.25,1682600903250000000,447.0,447.0,435.5,3338.0,23.0,100780.0,443.5,20.0,444.0,10.0,445.5,10.0,446.0,20.0,447.5,10.0,439.0,10.0,438.0,10.0,437.5,10.0,437.0,20.0,435.5,10.0
2023-04-27 21:08:23.5,1682600903500000000,447.0,447.0,435.5,3338.0,23.0,100780.0,443.5,20.0,444.0,10.0,445.0,10.0,445.5,10.0,446.0,20.0,439.0,10.0,438.0,10.0,437.5,10.0,437.0,20.0,434.5,10.0
2023-04-27 21:08:24.75,1682600904750000000,447.0,447.0,435.5,3338.0,23.0,100780.0,442.0,20.0,443.5,10.0,444.5,10.0,445.0,10.0,445.5,10.0,438.5,10.0,437.0,10.0,436.0,10.0,435.5,20.0,434.0,10.0
2023-04-27 21:08:25.0,1682600905000000000,447.0,447.0,435.5,3338.0,23.0,100780.0,442.0,20.0,442.5,10.0,444.0,10.0,444.5,10.0,445.0,10.0,438.5,10.0,436.5,10.0,436.0,10.0,435.5,20.0,434.0,10.0
2023-04-27 21:08:25.25,1682600905250000000,447.0,447.0,435.5,3338.0,23.0,100780.0,442.0,20.0,443.0,10.0,444.0,10.0,444.5,10.0,445.0,10.0,438.5,10.0,436.5,10.0,436.0,10.0,435.5,20.0,433.5,10.0
2023-04-27 21:08:25.75,1682600905750000000,447.0,447.0,435.5,3338.0,23.0,100780.0,442.0,20.0,443.0,10.0,444.0,10.0,444.5,10.0,445.0,10.0,438.5,10.0,436.5,10.0,436.0,10.0,435.5,20.0,434.0,10.0
2023-04-27 21:08:26.0,1682600906000000000,447.0,447.0,435.5,3338.0,23.0,100780.0,442.0,20.0,443.0,10.0,444.0,10.0,444.5,10.0,445.0,10.0,438.5,10.0,436.5,10.0,436.0,10.0,435.5,20.0,433.0,20.0
2023-04-27 21:08:26.75,1682600906750000000,447.0,447.0,435.5,3338.0,23.0,100780.0,442.0,20.0,443.0,10.0,444.0,10.0,444.5,10.0,445.0,10.0,438.5,10.0,436.5,10.0,436.0,10.0,435.5,20.0,434.0,10.0
2023-04-27 21:08:27.25,1682600907250000000,447.0,447.0,435.5,3338.0,23.0,100780.0,442.0,20.0,443.5,10.0,444.0,10.0,444.5,10.0,445.0,10.0,438.5,10.0,436.5,10.0,436.0,10.0,435.5,20.0,434.0,10.0
2023-04-27 21:08:27.5,1682600907500000000,447.0,447.0,435.5,3338.0,23.0,100780.0,442.0,20.0,442.5,10.0,444.0,10.0,444.5,10.0,445.0,10.0,438.0,10.0,436.5,10.0,436.0,10.0,435.5,20.0,434.0,10.0
2023-04-27 21:08:27.75,1682600907750000000,447.0,447.0,435.5,3338.0,23.0,100780.0,442.0,20.0,443.0,10.0,444.0,10.0,444.5,10.0,445.0,10.0,438.0,10.0,436.5,10.0,436.0,10.0,435.5,20.0,433.0,20.0
2023-04-27 21:08:28.0,1682600908000000000,447.0,447.0,435.5,3338.0,23.0,100780.0,442.0,20.0,443.0,10.0,444.0,10.0,444.5,10.0,445.0,10.0,438.0,10.0,436.0,20.0,435.5,20.0,433.0,20.0,419.5,24.0
2023-04-27 21:08:28.75,1682600908750000000,447.0,447.0,435.5,3338.0,23.0,100780.0,442.0,30.0,443.0,10.0,444.0,10.0,445.0,10.0,446.0,10.0,437.5,10.0,436.0,20.0,435.5,10.0,434.5,10.0,433.0,10.0
2023-04-27 21:08:29.0,1682600909000000000,447.0,447.0,435.5,3338.0,23.0,100780.0,442.0,30.0,443.0,10.0,444.0,10.0,445.0,10.0,446.0,10.0,437.5,10.0,436.0,10.0,435.5,20.0,434.5,10.0,433.0,10.0
2023-04-27 21:08:29.25,1682600909250000000,447.0,447.0,435.5,3338.0,23.0,100780.0,442.0,30.0,443.0,10.0,444.0,20.0,445.0,10.0,446.0,10.0,437.5,10.0,436.0,10.0,435.5,20.0,435.0,10.0,434.5,10.0
2023-04-27 21:08:30.0,1682600910000000000,447.0,447.0,435.5,3338.0,23.0,100780.0,441.0,20.0,442.0,10.0,443.0,10.0,444.0,20.0,445.0,10.0,437.5,10.0,435.5,20.0,435.0,10.0,434.5,20.0,433.0,10.0
2023-04-27 21:08:30.25,1682600910250000000,447.0,447.0,435.5,3338.0,23.0,100780.0,441.0,20.0,441.5,10.0,443.0,10.0,444.0,20.0,445.0,10.0,437.0,10.0,435.5,20.0,435.0,10.0,434.5,20.0,433.0,10.0
2023-04-27 21:08:30.5,1682600910500000000,447.0,447.0,435.5,3338.0,23.0,100780.0,441.0,20.0,441.5,10.0,443.0,20.0,444.0,10.0,445.0,10.0,437.0,10.0,435.5,10.0,435.0,20.0,434.5,20.0,433.0,10.0
2023-04-27 21:08:31.25,1682600911250000000,447.0,447.0,435.5,3338.0,23.0,100780.0,441.0,20.0,442.0,10.0,443.0,20.0,444.0,10.0,445.0,10.0,437.0,10.0,435.5,10.0,435.0,20.0,434.5,20.0,433.0,20.0
2023-04-27 21:08:31.75,1682600911750000000,447.0,447.0,435.5,3338.0,23.0,100780.0,441.0,10.0,442.0,10.0,442.5,10.0,443.0,20.0,444.0,10.0,437.0,10.0,435.5,20.0,435.0,20.0,434.5,10.0,433.0,20.0
2023-04-27 21:08:33.25,1682600913250000000,447.0,447.0,435.5,3338.0,23.0,100780.0,442.0,10.0,442.5,10.0,443.0,20.0,444.0,10.0,445.0,10.0,437.0,10.0,435.5,10.0,435.0,20.0,434.5,10.0,433.0,20.0
2023-04-27 21:08:33.5,1682600913500000000,447.0,447.0,435.5,3338.0,23.0,100780.0,442.0,20.0,442.5,10.0,443.0,10.0,444.0,20.0,445.0,10.0,437.0,10.0,436.5,10.0,435.5,10.0,435.0,20.0,434.5,10.0
2023-04-27 21:08:34.5,1682600914500000000,447.0,447.0,435.5,3338.0,23.0,100780.0,442.0,20.0,442.5,10.0,444.0,20.0,444.5,10.0,445.0,10.0,437.0,10.0,436.5,10.0,435.5,20.0,435.0,20.0,433.5,10.0
2023-04-27 21:08:34.75,1682600914750000000,447.0,447.0,435.5,3338.0,23.0,100780.0,442.0,10.0,443.0,20.0,444.0,20.0,444.5,10.0,445.0,10.0,437.5,10.0,437.0,10.0,435.5,20.0,435.0,20.0,433.5,10.0
2023-04-27 21:08:35.0,1682600915000000000,447.0,447.0,435.5,3338.0,23.0,100780.0,442.0,10.0,443.0,20.0,444.0,10.0,444.5,10.0,445.0,10.0,437.5,10.0,437.0,10.0,436.5,10.0,435.5,30.0,433.5,10.0
2023-04-27 21:08:35.5,1682600915500000000,447.0,447.0,435.5,3338.0,23.0,100780.0,442.0,10.0,443.0,20.0,444.0,10.0,444.5,10.0,445.0,10.0,437.5,10.0,437.0,10.0,436.5,10.0,435.5,30.0,434.0,10.0
2023-04-27 21:08:37.0,1682600917000000000,447.0,447.0,435.5,3338.0,23.0,100780.0,442.0,10.0,443.0,20.0,444.0,10.0,444.5,10.0,445.0,10.0,437.5,10.0,437.0,10.0,436.5,10.0,435.5,30.0,433.5,10.0
2023-04-27 21:08:37.25,1682600917250000000,447.0,447.0,435.5,3338.0,23.0,100780.0,442.0,10.0,443.0,20.0,444.0,10.0,444.5,10.0,445.0,10.0,437.5,10.0,437.0,10.0,436.5,10.0,435.5,30.0,434.0,10.0
2023-04-27 21:08:42.75,1682600922750000000,447.0,447.0,435.5,3338.0,23.0,100780.0,442.0,10.0,443.0,20.0,444.0,10.0,444.5,10.0,445.0,10.0,437.5,10.0,437.0,10.0,436.5,10.0,435.5,30.0,433.5,10.0
2023-04-27 21:08:45.75,1682600925750000000,447.0,447.0,435.5,3338.0,23.0,100780.0,442.0,10.0,443.0,20.0,444.0,10.0,444.5,10.0,445.0,10.0,437.5,10.0,437.0,10.0,436.5,10.0,435.5,30.0,434.5,10.0
2023-04-27 21:08:46.0,1682600926000000000,447.0,447.0,435.5,3338.0,23.0,100780.0,442.5,10.0,443.0,10.0,443.5,10.0,444.0,10.0,444.5,10.0,437.5,20.0,436.5,20.0,435.5,20.0,434.5,10.0,433.0,10.0
2023-04-27 21:08:46.5,1682600926500000000,447.0,447.0,435.5,3338.0,23.0,100780.0,442.5,10.0,443.0,10.0,443.5,10.0,444.5,20.0,445.0,10.0,437.5,20.0,436.5,20.0,435.5,20.0,433.5,10.0,433.0,10.0
2023-04-27 21:08:46.75,1682600926750000000,447.0,447.0,435.5,3338.0,23.0,100780.0,442.5,20.0,443.0,10.0,444.5,20.0,445.0,10.0,445.5,10.0,437.5,20.0,436.5,20.0,435.5,20.0,434.5,10.0,433.0,10.0
2023-04-27 21:08:47.0,1682600927000000000,447.0,447.0,435.5,3338.0,23.0,100780.0,442.5,10.0,443.0,20.0,444.5,20.0,445.0,10.0,445.5,10.0,437.5,20.0,436.5,20.0,435.5,20.0,434.5,10.0,433.0,10.0
2023-04-27 21:08:47.5,1682600927500000000,447.0,447.0,435.5,3338.0,23.0,100780.0,442.5,10.0,443.0,20.0,444.5,20.0,445.0,10.0,445.5,10.0,437.5,20.0,436.5,20.0,435.5,20.0,433.5,10.0,433.0,10.0
2023-04-27 21:08:48.5,1682600928500000000,447.0,447.0,435.5,3338.0,23.0,100780.0,442.0,10.0,442.5,10.0,443.0,10.0,444.5,30.0,445.0,10.0,437.5,10.0,436.5,20.0,435.5,30.0,433.5,10.0,433.0,10.0
2023-04-27 21:08:49.0,1682600929000000000,447.0,447.0,435.5,3338.0,23.0,100780.0,442.0,10.0,442.5,10.0,443.0,10.0,444.0,10.0,444.5,20.0,437.5,10.0,436.5,20.0,435.5,30.0,433.5,10.0,433.0,10.0
2023-04-27 21:08:49.25,1682600929250000000,447.0,447.0,435.5,3338.0,23.0,100780.0,442.0,10.0,442.5,10.0,443.0,10.0,444.0,10.0,444.5,20.0,437.5,10.0,436.5,20.0,435.5,30.0,434.0,10.0,433.0,10.0
2023-04-27 21:08:50.0,1682600930000000000,447.0,447.0,435.5,3338.0,23.0,100780.0,442.0,10.0,442.5,10.0,443.5,10.0,444.0,10.0,444.5,20.0,437.5,10.0,436.5,20.0,435.5,30.0,434.0,10.0,433.0,10.0
2023-04-27 21:08:50.25,1682600930250000000,447.0,447.0,435.5,3338.0,23.0,100780.0,442.0,10.0,442.5,20.0,444.0,10.0,444.5,20.0,445.0,10.0,437.5,10.0,436.5,20.0,435.5,30.0,434.0,10.0,433.0,10.0
2023-04-27 21:08:50.75,1682600930750000000,447.0,447.0,435.5,3338.0,23.0,100780.0,442.0,10.0,442.5,20.0,444.0,10.0,444.5,20.0,445.0,10.0,437.5,10.0,436.5,20.0,435.5,30.0,433.5,10.0,433.0,10.0
2023-04-27 21:08:51.0,1682600931000000000,447.0,447.0,435.5,3338.0,23.0,100780.0,442.0,10.0,442.5,20.0,444.0,10.0,444.5,20.0,445.0,10.0,437.5,10.0,436.5,20.0,435.5,30.0,434.0,10.0,433.0,10.0
2023-04-27 21:08:51.25,1682600931250000000,447.0,447.0,435.5,3338.0,23.0,100780.0,442.0,10.0,442.5,20.0,444.0,10.0,444.5,20.0,445.0,10.0,437.5,10.0,436.5,20.0,435.5,30.0,433.5,10.0,433.0,10.0
2023-04-27 21:08:51.5,1682600931500000000,447.0,447.0,435.5,3338.0,23.0,100780.0,442.0,20.0,442.5,10.0,444.0,10.0,444.5,20.0,445.0,10.0,437.5,10.0,436.5,10.0,435.5,40.0,433.5,10.0,433.0,10.0
2023-04-27 21:08:52.75,1682600932750000000,447.0,447.0,435.5,3338.0,23.0,100780.0,442.0,20.0,442.5,10.0,443.5,10.0,444.0,10.0,444.5,10.0,437.5,10.0,436.5,10.0,435.5,30.0,434.5,10.0,433.5,10.0
2023-04-27 21:08:54.5,1682600934500000000,447.0,447.0,435.5,3338.0,23.0,100780.0,442.0,20.0,442.5,10.0,443.5,10.0,444.0,10.0,444.5,10.0,437.5,10.0,436.5,10.0,435.5,30.0,434.5,10.0,433.0,20.0
2023-04-27 21:08:55.5,1682600935500000000,447.0,447.0,435.5,3338.0,23.0,100780.0,442.0,20.0,442.5,10.0,443.5,10.0,444.0,10.0,444.5,10.0,437.5,10.0,436.5,10.0,435.5,30.0,434.5,10.0,433.5,10.0
2023-04-27 21:08:56.25,1682600936250000000,447.0,447.0,435.5,3338.0,23.0,100780.0,442.0,20.0,442.5,10.0,443.5,10.0,444.0,10.0,444.5,10.0,437.5,10.0,436.5,10.0,435.5,30.0,434.5,10.0,434.0,10.0
2023-04-27 21:08:56.5,1682600936500000000,447.0,447.0,435.5,3338.0,23.0,100780.0,442.0,20.0,442.5,10.0,443.5,10.0,444.0,10.0,444.5,10.0,437.5,10.0,436.5,10.0,435.5,30.0,434.5,10.0,433.0,20.0
2023-04-27 21:08:56.75,1682600936750000000,447.0,447.0,435.5,3338.0,23.0,100780.0,442.0,20.0,442.5,10.0,443.5,10.0,444.0,10.0,444.5,10.0,437.5,10.0,436.5,10.0,435.5,30.0,434.5,10.0,434.0,10.0
2023-04-27 21:08:57.0,1682600937000000000,447.0,447.0,435.5,3338.0,23.0,100780.0,442.0,20.0,442.5,10.0,444.0,10.0,444.5,10.0,445.0,20.0,437.5,10.0,436.5,10.0,436.0,10.0,435.5,30.0,434.0,10.0
2023-04-27 21:08:58.0,1682600938000000000,447.0,447.0,435.5,3338.0,23.0,100780.0,442.0,20.0,443.0,10.0,444.0,10.0,444.5,10.0,445.0,20.0,437.5,10.0,436.5,10.0,436.0,10.0,435.5,30.0,433.5,10.0
2023-04-27 21:08:59.0,1682600939000000000,447.0,447.0,435.5,3338.0,23.0,100780.0,442.0,10.0,442.5,10.0,443.0,10.0,444.0,10.0,444.5,10.0,437.5,10.0,436.5,20.0,436.0,10.0,435.5,20.0,434.5,10.0
2023-04-27 21:08:59.25,1682600939250000000,447.0,447.0,435.5,3338.0,23.0,100780.0,443.5,20.0,444.0,20.0,445.0,20.0,445.5,10.0,446.0,10.0,438.0,10.0,437.5,10.0,437.0,20.0,436.0,10.0,435.5,10.0
2023-04-27 21:08:59.5,1682600939500000000,447.0,447.0,435.5,3338.0,23.0,100780.0,443.5,20.0,444.0,10.0,445.0,20.0,445.5,20.0,446.0,10.0,438.0,10.0,437.5,10.0,437.0,20.0,436.0,20.0,434.5,10.0
2023-04-27 21:08:59.75,1682600939750000000,447.0,447.0,435.5,3338.0,23.0,100780.0,443.5,20.0,444.0,10.0,445.0,20.0,445.5,20.0,446.0,10.0,438.0,10.0,437.5,10.0,437.0,20.0,436.0,20.0,435.0,10.0
2023-04-27 21:09:00.25,1682600940250000000,447.0,447.0,435.5,3338.0,23.0,100780.0,443.5,20.0,444.0,10.0,445.0,10.0,445.5,20.0,446.0,10.0,438.0,10.0,437.5,20.0,437.0,20.0,436.0,10.0,435.0,10.0
2023-04-27 21:09:00.5,1682600940500000000,447.0,447.0,435.5,3338.0,23.0,100780.0,444.0,10.0,444.5,20.0,445.0,10.0,445.5,20.0,446.0,10.0,439.0,10.0,438.0,10.0,437.5,20.0,437.0,10.0,436.0,10.0
2023-04-27 21:09:01.0,1682600941000000000,447.0,447.0,435.5,3338.0,23.0,100780.0,444.0,10.0,444.5,20.0,445.0,10.0,445.5,10.0,446.0,20.0,439.0,20.0,438.0,10.0,437.5,10.0,437.0,20.0,435.0,10.0
2023-04-27 21:09:01.5,1682600941500000000,447.0,447.0,435.5,3338.0,23.0,100780.0,444.0,10.0,444.5,20.0,445.0,10.0,445.5,10.0,446.0,20.0,439.0,20.0,438.0,10.0,437.5,10.0,437.0,20.0,435.5,10.0
2023-04-27 21:09:01.75,1682600941750000000,447.0,447.0,435.5,3338.0,23.0,100780.0,444.0,10.0,444.5,20.0,445.0,10.0,445.5,10.0,446.0,20.0,439.0,20.0,438.0,10.0,437.5,10.0,437.0,20.0,435.0,10.0
2023-04-27 21:09:02.25,1682600942250000000,447.0,447.0,435.5,3338.0,23.0,100780.0,443.5,10.0,444.0,10.0,444.5,10.0,445.0,10.0,445.5,10.0,439.0,10.0,438.0,20.0,437.5,10.0,437.0,20.0,435.0,10.0
2023-04-27 21:09:02.5,1682600942500000000,447.0,447.0,435.5,3338.0,23.0,100780.0,443.5,10.0,444.0,10.0,444.5,10.0,445.0,10.0,445.5,20.0,439.0,10.0,438.0,20.0,437.5,10.0,437.0,20.0,435.0,10.0
2023-04-27 21:09:04.75,1682600944750000000,447.0,447.0,435.5,3338.0,23.0,100780.0,444.0,10.0,444.5,20.0,445.0,10.0,445.5,20.0,446.0,10.0,439.0,10.0,438.5,10.0,438.0,10.0,437.5,10.0,437.0,20.0
2023-04-27 21:09:05.0,1682600945000000000,447.0,447.0,435.5,3338.0,23.0,100780.0,444.0,10.0,444.5,20.0,445.0,10.0,445.5,10.0,446.0,20.0,439.0,10.0,438.5,10.0,438.0,10.0,437.5,10.0,437.0,20.0
2023-04-27 21:09:06.0,1682600946000000000,447.0,447.0,435.5,3338.0,23.0,100780.0,442.0,10.0,443.5,10.0,444.0,10.0,445.0,10.0,445.5,10.0,439.0,10.0,437.5,10.0,437.0,30.0,436.5,10.0,434.5,10.0
2023-04-27 21:09:06.25,1682600946250000000,447.0,447.0,435.5,3338.0,23.0,100780.0,442.0,10.0,443.0,10.0,443.5,10.0,445.0,10.0,445.5,10.0,439.0,10.0,437.5,10.0,437.0,30.0,436.5,10.0,434.5,10.0
2023-04-27 21:09:06.5,1682600946500000000,447.0,447.0,435.5,3338.0,23.0,100780.0,442.0,10.0,443.0,10.0,443.5,10.0,444.0,10.0,445.0,10.0,439.0,10.0,437.5,10.0,437.0,30.0,436.5,10.0,434.5,10.0
2023-04-27 21:09:06.75,1682600946750000000,447.0,447.0,435.5,3338.0,23.0,100780.0,443.0,10.0,443.5,10.0,444.0,10.0,445.0,10.0,445.5,10.0,439.0,10.0,437.5,10.0,437.0,30.0,435.0,10.0,433.0,10.0
2023-04-27 21:09:07.0,1682600947000000000,447.0,447.0,435.5,3338.0,23.0,100780.0,443.5,10.0,444.0,10.0,444.5,10.0,445.0,20.0,445.5,10.0,439.0,10.0,438.5,10.0,438.0,10.0,437.5,10.0,437.0,20.0
2023-04-27 21:09:07.5,1682600947500000000,447.0,447.0,435.5,3338.0,23.0,100780.0,443.5,10.0,444.0,10.0,444.5,10.0,445.0,10.0,445.5,20.0,439.0,10.0,438.5,10.0,438.0,10.0,437.5,10.0,437.0,20.0
2023-04-27 21:09:08.5,1682600948500000000,447.0,447.0,435.5,3338.0,23.0,100780.0,442.0,10.0,443.5,10.0,444.0,10.0,445.0,10.0,445.5,20.0,439.0,10.0,437.5,10.0,437.0,40.0,434.5,10.0,433.0,10.0
2023-04-27 21:09:09.0,1682600949000000000,447.0,447.0,435.5,3338.0,23.0,100780.0,442.0,10.0,443.0,10.0,443.5,10.0,444.0,10.0,445.0,10.0,439.0,10.0,437.5,10.0,437.0,40.0,434.5,10.0,433.0,10.0
2023-04-27 21:09:09.25,1682600949250000000,447.0,447.0,435.5,3338.0,23.0,100780.0,442.0,10.0,443.0,10.0,443.5,10.0,444.0,10.0,445.0,20.0,439.0,10.0,437.0,40.0,436.0,10.0,434.5,10.0,433.0,10.0
2023-04-27 21:09:09.5,1682600949500000000,447.0,447.0,435.5,3338.0,23.0,100780.0,442.0,10.0,442.5,20.0,444.0,10.0,444.5,10.0,445.0,20.0,438.5,10.0,437.0,20.0,436.0,20.0,435.5,10.0,434.5,10.0
2023-04-27 21:09:10.0,1682600950000000000,447.0,447.0,435.5,3338.0,23.0,100780.0,442.0,10.0,442.5,20.0,444.0,10.0,444.5,10.0,445.0,20.0,438.5,10.0,437.0,10.0,436.5,10.0,436.0,20.0,435.5,10.0
2023-04-27 21:09:10.25,1682600950250000000,447.0,447.0,435.5,3338.0,23.0,100780.0,443.0,10.0,443.5,10.0,444.0,10.0,444.5,10.0,445.0,20.0,438.5,10.0,437.0,10.0,436.5,10.0,436.0,10.0,435.5,10.0
2023-04-27 21:09:10.5,1682600950500000000,447.0,447.0,435.5,3338.0,23.0,100780.0,442.5,10.0,443.0,10.0,443.5,10.0,444.5,10.0,445.0,30.0,438.5,10.0,437.0,20.0,436.5,10.0,436.0,10.0,435.5,10.0
2023-04-27 21:09:11.0,1682600951000000000,447.0,447.0,435.5,3338.0,23.0,100780.0,442.5,20.0,443.0,10.0,444.5,20.0,445.0,20.0,446.0,10.0,438.5,10.0,437.0,10.0,436.5,20.0,436.0,10.0,435.5,10.0
2023-04-27 21:09:12.0,1682600952000000000,447.0,447.0,435.5,3338.0,23.0,100780.0,442.5,10.0,444.0,20.0,444.5,10.0,445.0,20.0,445.5,10.0,438.5,10.0,437.5,10.0,437.0,20.0,436.5,10.0,436.0,10.0
2023-04-27 21:09:12.25,1682600952250000000,447.0,447.0,435.5,3338.0,23.0,100780.0,444.0,30.0,444.5,10.0,445.0,10.0,445.5,10.0,446.0,10.0,438.5,20.0,438.0,10.0,437.5,10.0,437.0,10.0,436.5,10.0
2023-04-27 21:09:12.5,1682600952500000000,447.0,447.0,435.5,3338.0,23.0,100780.0,444.0,20.0,444.5,10.0,445.0,10.0,445.5,10.0,446.0,20.0,438.5,20.0,438.0,10.0,437.5,10.0,437.0,10.0,436.5,10.0
2023-04-27 21:09:22.5,1682600962500000000,447.0,447.0,435.5,3338.0,23.0,100780.0,444.0,20.0,444.5,10.0,445.0,10.0,445.5,10.0,446.0,30.0,438.5,20.0,437.5,10.0,437.0,20.0,436.5,10.0,435.5,10.0
2023-04-27 21:09:24.0,1682600964000000000,447.0,447.0,435.5,3338.0,23.0,100780.0,442.5,10.0,443.0,10.0,444.5,10.0,445.0,10.0,445.5,10.0,438.5,10.0,437.0,40.0,436.5,10.0,435.5,10.0,433.0,10.0
2023-04-27 21:09:24.25,1682600964250000000,447.0,447.0,435.5,3338.0,23.0,100780.0,441.5,10.0,442.5,10.0,443.0,10.0,444.5,10.0,445.0,10.0,438.5,10.0,437.0,20.0,436.5,10.0,436.0,10.0,435.5,10.0
2023-04-27 21:09:24.5,1682600964500000000,447.0,447.0,435.5,3338.0,23.0,100780.0,441.5,10.0,442.5,10.0,443.0,10.0,443.5,10.0,444.5,10.0,438.5,10.0,437.0,20.0,436.5,10.0,436.0,10.0,435.5,20.0
2023-04-27 21:09:25.0,1682600965000000000,447.0,447.0,435.5,3338.0,23.0,100780.0,441.5,10.0,442.5,10.0,443.0,10.0,443.5,10.0,444.5,10.0,438.5,10.0,437.0,20.0,436.5,10.0,436.0,10.0,435.5,10.0
2023-04-27 21:09:26.75,1682600966750000000,447.0,447.0,435.5,3338.0,23.0,100780.0,441.5,10.0,442.5,10.0,443.0,10.0,443.5,10.0,444.5,10.0,438.5,10.0,437.0,20.0,436.5,10.0,436.0,10.0,435.5,20.0
2023-04-27 21:09:28.25,1682600968250000000,447.0,447.0,435.5,3338.0,23.0,100780.0,442.5,20.0,443.0,10.0,443.5,10.0,444.5,10.0,445.0,10.0,438.5,10.0,437.0,20.0,436.5,10.0,436.0,10.0,435.5,20.0
2023-04-27 21:09:28.5,1682600968500000000,447.0,447.0,435.5,3338.0,23.0,100780.0,442.5,20.0,443.0,10.0,444.5,20.0,445.0,10.0,445.5,10.0,438.5,10.0,437.0,20.0,436.5,10.0,436.0,10.0,435.5,10.0
2023-04-27 21:09:29.0,1682600969000000000,447.0,447.0,435.5,3338.0,23.0,100780.0,442.5,20.0,443.0,10.0,444.5,10.0,445.0,10.0,445.5,10.0,438.5,10.0,437.0,20.0,436.5,20.0,436.0,10.0,435.0,10.0
2023-04-27 21:09:29.25,1682600969250000000,447.0,447.0,435.5,3338.0,23.0,100780.0,442.5,30.0,444.5,10.0,445.0,10.0,445.5,10.0,446.0,20.0,438.5,10.0,437.0,10.0,436.5,20.0,436.0,20.0,434.5,10.0
2023-04-27 21:09:30.25,1682600970250000000,447.0,447.0,435.5,3338.0,23.0,100780.0,442.5,30.0,444.5,10.0,445.0,10.0,445.5,10.0,446.0,20.0,438.5,10.0,437.0,10.0,436.5,20.0,436.0,20.0,435.0,10.0
2023-04-27 21:09:30.5,1682600970500000000,447.0,447.0,435.5,3338.0,23.0,100780.0,442.5,30.0,444.5,10.0,445.0,10.0,445.5,10.0,446.0,20.0,438.5,10.0,437.0,10.0,436.5,20.0,436.0,20.0,434.5,10.0
2023-04-27 21:09:31.75,1682600971750000000,447.0,447.0,435.5,3338.0,23.0,100780.0,442.5,30.0,444.5,10.0,445.0,10.0,445.5,10.0,446.0,20.0,438.5,10.0,437.0,20.0,436.5,20.0,436.0,10.0,435.0,10.0
2023-04-27 21:09:32.0,1682600972000000000,447.0,447.0,435.5,3338.0,23.0,100780.0,442.5,30.0,444.5,10.0,445.0,10.0,445.5,10.0,446.0,20.0,438.5,10.0,437.0,20.0,436.5,20.0,436.0,10.0,434.5,10.0
2023-04-27 21:09:34.25,1682600974250000000,447.0,447.0,435.5,3338.0,23.0,100780.0,442.5,30.0,444.5,10.0,445.0,20.0,445.5,10.0,446.0,10.0,438.5,10.0,437.0,20.0,436.5,10.0,436.0,20.0,434.5,10.0
2023-04-27 21:09:34.5,1682600974500000000,447.0,447.0,435.5,3338.0,23.0,100780.0,441.0,10.0,442.5,20.0,444.0,10.0,444.5,10.0,445.0,20.0,438.0,10.0,436.5,10.0,436.0,20.0,435.5,20.0,434.0,10.0
2023-04-27 21:09:34.75,1682600974750000000,447.0,447.0,435.5,3338.0,23.0,100780.0,441.0,10.0,441.5,20.0,444.0,10.0,444.5,10.0,445.0,20.0,437.5,10.0,436.5,10.0,436.0,10.0,435.5,20.0,435.0,10.0
2023-04-27 21:09:35.0,1682600975000000000,447.0,447.0,435.5,3338.0,23.0,100780.0,441.0,10.0,441.5,20.0,443.0,10.0,443.5,10.0,444.0,10.0,437.0,10.0,435.5,30.0,435.0,10.0,434.5,10.0,434.0,10.0
2023-04-27 21:09:35.5,1682600975500000000,447.0,447.0,435.5,3338.0,23.0,100780.0,441.0,10.0,441.5,20.0,443.0,10.0,443.5,10.0,444.0,10.0,437.0,10.0,435.5,20.0,435.0,20.0,434.5,10.0,434.0,10.0
2023-04-27 21:09:35.75,1682600975750000000,447.0,447.0,435.5,3338.0,23.0,100780.0,441.0,20.0,441.5,10.0,443.0,10.0,443.5,10.0,444.0,10.0,436.5,10.0,435.5,20.0,435.0,20.0,434.5,10.0,434.0,10.0
