datetime,datetime_nano,highest,last_price,lowest,open_interest,volume,amount,ask_price1,ask_volume1,ask_price2,ask_volume2,ask_price3,ask_volume3,ask_price4,ask_volume4,ask_price5,ask_volume5,bid_price1,bid_volume1,bid_price2,bid_volume2,bid_price3,bid_volume3,bid_price4,bid_volume4,bid_price5,bid_volume5
2023-04-27 20:55:02.0,1682600102000000000,,,,3524.0,0.0,0.0,,0.0,,0.0,,0.0,,0.0,,0.0,,0.0,,0.0,,0.0,,0.0,,0.0
2023-04-27 20:59:00.0,1682600340000000000,,,,3524.0,0.0,0.0,2.0,144.0,,0.0,,0.0,,0.0,,0.0,1.0,370.0,0.5,420.0,,0.0,,0.0,,0.0
2023-04-27 21:00:02.5,1682600402500000000,,,,3524.0,0.0,0.0,2.0,144.0,,0.0,,0.0,,0.0,,0.0,1.0,370.0,0.5,436.0,,0.0,,0.0,,0.0
2023-04-27 21:00:03.5,1682600403500000000,,,,3524.0,0.0,0.0,2.0,144.0,3.5,16.0,,0.0,,0.0,,0.0,1.0,420.0,0.5,436.0,,0.0,,0.0,,0.0
2023-04-27 21:00:08.5,1682600408500000000,,,,3524.0,0.0,0.0,2.0,144.0,3.5,34.0,,0.0,,0.0,,0.0,1.0,420.0,0.5,454.0,,0.0,,0.0,,0.0
2023-04-27 21:00:09.25,1682600409250000000,,,,3524.0,0.0,0.0,2.0,144.0,3.5,16.0,,0.0,,0.0,,0.0,1.0,420.0,0.5,436.0,,0.0,,0.0,,0.0
2023-04-27 21:00:19.5,1682600419500000000,,,,3524.0,0.0,0.0,2.0,144.0,3.5,16.0,,0.0,,0.0,,0.0,1.5,1.0,1.0,420.0,0.5,436.0,,0.0,,0.0
2023-04-27 21:00:24.0,1682600424000000000,,,,3524.0,0.0,0.0,2.0,144.0,3.5,34.0,,0.0,,0.0,,0.0,1.5,1.0,1.0,420.0,0.5,454.0,,0.0,,0.0
2023-04-27 21:00:28.25,1682600428250000000,,,,3524.0,0.0,0.0,2.0,144.0,3.5,16.0,,0.0,,0.0,,0.0,1.5,1.0,1.0,420.0,0.5,436.0,,0.0,,0.0
2023-04-27 21:01:08.0,1682600468000000000,,,,3524.0,0.0,0.0,2.0,144.0,3.5,34.0,,0.0,,0.0,,0.0,1.5,1.0,1.0,420.0,0.5,454.0,,0.0,,0.0
2023-04-27 21:01:09.5,1682600469500000000,,,,3524.0,0.0,0.0,2.0,144.0,3.5,16.0,,0.0,,0.0,,0.0,1.5,1.0,1.0,420.0,0.5,436.0,,0.0,,0.0
2023-04-27 21:01:34.25,1682600494250000000,1.5,1.0,1.0,3534.0,10.0,105.0,1.5,9.0,2.0,144.0,3.5,16.0,,0.0,,0.0,1.0,411.0,0.5,436.0,,0.0,,0.0,,0.0
2023-04-27 21:01:34.5,1682600494500000000,1.5,1.0,1.0,3534.0,10.0,105.0,1.5,9.0,2.0,144.0,3.5,16.0,,0.0,,0.0,1.0,442.0,0.5,436.0,,0.0,,0.0,,0.0
2023-04-27 21:01:38.75,1682600498750000000,1.5,1.5,1.0,3534.0,19.0,240.0,2.0,144.0,3.5,16.0,,0.0,,0.0,,0.0,1.0,442.0,0.5,436.0,,0.0,,0.0,,0.0
2023-04-27 21:02:06.25,1682600526250000000,1.5,1.5,1.0,3534.0,19.0,240.0,2.0,144.0,3.5,34.0,,0.0,,0.0,,0.0,1.0,442.0,0.5,454.0,,0.0,,0.0,,0.0
2023-04-27 21:02:06.5,1682600526500000000,1.5,1.5,1.0,3534.0,19.0,240.0,2.0,144.0,3.5,16.0,,0.0,,0.0,,0.0,1.0,442.0,0.5,436.0,,0.0,,0.0,,0.0
2023-04-27 21:02:25.0,1682600545000000000,1.5,1.5,1.0,3534.0,19.0,240.0,2.0,144.0,3.5,34.0,,0.0,,0.0,,0.0,1.0,442.0,0.5,454.0,,0.0,,0.0,,0.0
2023-04-27 21:02:49.75,1682600569750000000,1.5,1.5,1.0,3534.0,19.0,240.0,2.0,144.0,2.5,10.0,3.5,34.0,,0.0,,0.0,1.5,10.0,1.0,442.0,0.5,454.0,,0.0,,0.0
2023-04-27 21:02:50.0,1682600570000000000,1.5,1.5,1.0,3534.0,19.0,240.0,2.0,144.0,2.5,28.0,3.5,16.0,,0.0,,0.0,1.5,10.0,1.0,442.0,0.5,454.0,,0.0,,0.0
2023-04-27 21:03:03.75,1682600583750000000,1.5,1.5,1.0,3534.0,19.0,240.0,2.0,144.0,2.5,18.0,3.5,16.0,,0.0,,0.0,1.0,442.0,0.5,454.0,,0.0,,0.0,,0.0
2023-04-27 21:03:04.0,1682600584000000000,1.5,1.5,1.0,3534.0,19.0,240.0,2.0,144.0,3.5,34.0,,0.0,,0.0,,0.0,1.0,442.0,0.5,454.0,,0.0,,0.0,,0.0
2023-04-27 21:03:47.5,1682600627500000000,1.5,1.5,1.0,3534.0,19.0,240.0,2.0,144.0,3.5,16.0,,0.0,,0.0,,0.0,1.0,442.0,0.5,436.0,,0.0,,0.0,,0.0
2023-04-27 21:04:00.0,1682600640000000000,1.5,1.5,1.0,3534.0,19.0,240.0,2.0,144.0,3.5,34.0,,0.0,,0.0,,0.0,1.0,442.0,0.5,454.0,,0.0,,0.0,,0.0
2023-04-27 21:04:04.5,1682600644500000000,1.5,1.5,1.0,3534.0,19.0,240.0,2.0,144.0,3.5,16.0,,0.0,,0.0,,0.0,1.0,442.0,0.5,436.0,,0.0,,0.0,,0.0
2023-04-27 21:04:12.5,1682600652500000000,1.5,1.5,1.0,3534.0,19.0,240.0,2.0,144.0,3.5,34.0,,0.0,,0.0,,0.0,1.0,442.0,0.5,454.0,,0.0,,0.0,,0.0
2023-04-27 21:05:00.5,1682600700500000000,1.5,1.5,1.0,3534.0,19.0,240.0,2.0,144.0,2.5,10.0,3.5,34.0,,0.0,,0.0,1.5,10.0,1.0,442.0,0.5,454.0,,0.0,,0.0
2023-04-27 21:05:00.75,1682600700750000000,1.5,1.5,1.0,3534.0,19.0,240.0,2.0,144.0,2.5,28.0,3.5,16.0,,0.0,,0.0,1.5,10.0,1.0,442.0,0.5,454.0,,0.0,,0.0
2023-04-27 21:06:10.5,1682600770500000000,1.5,1.5,1.0,3534.0,19.0,240.0,2.0,144.0,2.5,18.0,3.5,16.0,,0.0,,0.0,1.0,442.0,0.5,454.0,,0.0,,0.0,,0.0
2023-04-27 21:06:10.75,1682600770750000000,1.5,1.5,1.0,3534.0,19.0,240.0,2.0,144.0,3.5,34.0,,0.0,,0.0,,0.0,1.0,442.0,0.5,454.0,,0.0,,0.0,,0.0
2023-04-27 21:06:43.5,1682600803500000000,1.5,1.5,1.0,3534.0,19.0,240.0,2.0,144.0,2.5,10.0,3.5,34.0,,0.0,,0.0,1.5,10.0,1.0,442.0,0.5,454.0,,0.0,,0.0
2023-04-27 21:06:43.75,1682600803750000000,1.5,1.5,1.0,3534.0,19.0,240.0,2.0,144.0,2.5,28.0,3.5,16.0,,0.0,,0.0,1.5,10.0,1.0,442.0,0.5,454.0,,0.0,,0.0
2023-04-27 21:08:33.5,1682600913500000000,1.5,1.5,1.0,3534.0,19.0,240.0,2.0,144.0,2.5,10.0,3.5,16.0,,0.0,,0.0,1.5,10.0,1.0,442.0,0.5,436.0,,0.0,,0.0
2023-04-27 21:08:33.75,1682600913750000000,1.5,1.5,1.0,3534.0,19.0,240.0,2.0,144.0,2.5,28.0,3.5,16.0,,0.0,,0.0,1.5,10.0,1.0,460.0,0.5,436.0,,0.0,,0.0
2023-04-27 21:10:00.75,1682601000750000000,1.5,1.5,1.0,3534.0,19.0,240.0,2.0,144.0,2.5,28.0,3.0,16.0,,0.0,,0.0,1.5,10.0,1.0,460.0,0.5,436.0,,0.0,,0.0
2023-04-27 21:15:43.25,1682601343250000000,1.5,1.5,1.0,3534.0,19.0,240.0,2.0,144.0,2.5,28.0,3.0,16.0,,0.0,,0.0,1.5,10.0,1.0,442.0,0.5,454.0,,0.0,,0.0
2023-04-27 21:20:43.0,1682601643000000000,1.5,1.5,1.0,3534.0,19.0,240.0,2.0,144.0,2.5,28.0,3.0,16.0,,0.0,,0.0,1.5,10.0,1.0,442.0,0.5,473.0,,0.0,,0.0
2023-04-27 21:20:44.0,1682601644000000000,1.5,1.5,1.0,3534.0,19.0,240.0,2.0,144.0,2.5,28.0,3.0,16.0,,0.0,,0.0,1.5,10.0,1.0,442.0,0.5,454.0,,0.0,,0.0
2023-04-27 21:21:01.25,1682601661250000000,1.5,1.5,1.0,3534.0,19.0,240.0,2.0,144.0,2.5,28.0,3.0,16.0,,0.0,,0.0,1.5,10.0,1.0,442.0,0.5,473.0,,0.0,,0.0
2023-04-27 21:21:02.0,1682601662000000000,1.5,1.5,1.0,3534.0,19.0,240.0,2.0,144.0,2.5,28.0,3.0,16.0,,0.0,,0.0,1.5,10.0,1.0,442.0,0.5,454.0,,0.0,,0.0
2023-04-27 21:21:06.0,1682601666000000000,1.5,1.5,1.0,3534.0,19.0,240.0,2.0,144.0,2.5,28.0,3.0,16.0,,0.0,,0.0,1.5,10.0,1.0,442.0,0.5,473.0,,0.0,,0.0
2023-04-27 21:21:10.5,1682601670500000000,1.5,1.5,1.0,3534.0,19.0,240.0,2.0,144.0,2.5,28.0,3.0,16.0,,0.0,,0.0,1.5,10.0,1.0,442.0,0.5,454.0,,0.0,,0.0
2023-04-27 21:26:21.5,1682601981500000000,1.5,1.5,1.0,3534.0,19.0,240.0,2.0,144.0,2.5,10.0,3.0,16.0,,0.0,,0.0,1.5,10.0,1.0,442.0,0.5,436.0,,0.0,,0.0
2023-04-27 21:26:30.75,1682601990750000000,1.5,1.5,1.0,3534.0,19.0,240.0,2.0,144.0,2.5,10.0,3.0,34.0,,0.0,,0.0,1.5,10.0,1.0,442.0,0.5,454.0,,0.0,,0.0
2023-04-27 21:26:46.75,1682602006750000000,1.5,1.5,1.0,3534.0,19.0,240.0,2.0,144.0,2.5,28.0,3.0,16.0,,0.0,,0.0,1.5,10.0,1.0,460.0,0.5,436.0,,0.0,,0.0
2023-04-27 21:29:17.75,1682602157750000000,1.5,1.5,1.0,3534.0,19.0,240.0,2.0,244.0,2.5,28.0,3.0,16.0,,0.0,,0.0,1.5,110.0,1.0,460.0,0.5,436.0,,0.0,,0.0
2023-04-27 21:32:12.0,1682602332000000000,1.5,1.5,1.0,3534.0,19.0,240.0,2.0,244.0,2.5,10.0,3.0,16.0,,0.0,,0.0,1.5,110.0,1.0,442.0,0.5,436.0,,0.0,,0.0
2023-04-27 21:32:27.0,1682602347000000000,1.5,1.5,1.0,3534.0,19.0,240.0,2.0,244.0,2.5,10.0,3.0,16.0,,0.0,,0.0,1.5,110.0,1.0,442.0,0.5,455.0,,0.0,,0.0
2023-04-27 21:32:27.5,1682602347500000000,1.5,1.5,1.0,3534.0,19.0,240.0,2.0,244.0,2.5,10.0,3.0,34.0,,0.0,,0.0,1.5,110.0,1.0,442.0,0.5,473.0,,0.0,,0.0
2023-04-27 21:32:32.25,1682602352250000000,1.5,1.5,1.0,3534.0,19.0,240.0,2.0,244.0,2.5,10.0,3.0,34.0,,0.0,,0.0,1.5,110.0,1.0,442.0,0.5,454.0,,0.0,,0.0
2023-04-27 21:32:40.0,1682602360000000000,1.5,1.5,1.0,3534.0,19.0,240.0,2.0,244.0,2.5,10.0,3.0,34.0,,0.0,,0.0,1.5,110.0,1.0,442.0,0.5,473.0,,0.0,,0.0
2023-04-27 21:32:51.75,1682602371750000000,1.5,1.5,1.0,3534.0,19.0,240.0,2.0,244.0,2.5,10.0,3.0,34.0,,0.0,,0.0,1.5,110.0,1.0,442.0,0.5,454.0,,0.0,,0.0
2023-04-27 21:33:03.5,1682602383500000000,1.5,1.5,1.0,3534.0,19.0,240.0,2.0,244.0,2.5,10.0,3.0,34.0,,0.0,,0.0,1.5,110.0,1.0,442.0,0.5,473.0,,0.0,,0.0
2023-04-27 21:33:38.5,1682602418500000000,1.5,1.5,1.0,3534.0,19.0,240.0,2.0,244.0,2.5,10.0,3.0,34.0,,0.0,,0.0,1.5,110.0,1.0,442.0,0.5,454.0,,0.0,,0.0
2023-04-27 21:34:45.25,1682602485250000000,1.5,1.5,1.0,3534.0,19.0,240.0,2.0,244.0,2.5,10.0,3.0,34.0,,0.0,,0.0,1.5,110.0,1.0,442.0,0.5,473.0,,0.0,,0.0
2023-04-27 21:35:03.0,1682602503000000000,1.5,1.5,1.0,3534.0,19.0,240.0,2.0,244.0,2.5,10.0,3.0,34.0,,0.0,,0.0,1.5,110.0,1.0,442.0,0.5,454.0,,0.0,,0.0
2023-04-27 21:40:49.75,1682602849750000000,1.5,1.5,1.0,3534.0,19.0,240.0,2.0,244.0,2.5,10.0,3.0,34.0,,0.0,,0.0,1.5,110.0,1.0,442.0,0.5,473.0,,0.0,,0.0
2023-04-27 21:40:51.25,1682602851250000000,1.5,1.5,1.0,3534.0,19.0,240.0,2.0,244.0,2.5,10.0,3.0,34.0,,0.0,,0.0,1.5,110.0,1.0,442.0,0.5,454.0,,0.0,,0.0
2023-04-27 21:43:38.25,1682603018250000000,1.5,1.5,1.0,3534.0,19.0,240.0,2.0,244.0,2.5,28.0,3.0,16.0,,0.0,,0.0,1.5,110.0,1.0,460.0,0.5,436.0,,0.0,,0.0
2023-04-27 21:43:38.75,1682603018750000000,1.5,1.5,1.0,3534.0,19.0,240.0,2.0,244.0,2.5,28.0,3.0,16.0,,0.0,,0.0,1.5,110.0,1.0,476.0,0.5,420.0,,0.0,,0.0
2023-04-27 21:46:52.5,1682603212500000000,1.5,1.5,1.0,3534.0,19.0,240.0,2.0,244.0,2.5,28.0,3.0,16.0,,0.0,,0.0,1.5,110.0,1.0,458.0,0.5,438.0,,0.0,,0.0
2023-04-27 21:47:17.5,1682603237500000000,1.5,1.5,1.0,3534.0,19.0,240.0,2.0,244.0,2.5,28.0,3.0,16.0,,0.0,,0.0,1.5,110.0,1.0,476.0,0.5,420.0,,0.0,,0.0
2023-04-27 21:47:46.25,1682603266250000000,1.5,1.5,1.0,3534.0,19.0,240.0,2.0,244.0,2.5,10.0,3.0,16.0,,0.0,,0.0,1.5,110.0,1.0,458.0,0.5,420.0,,0.0,,0.0
2023-04-27 21:47:46.5,1682603266500000000,1.5,1.5,1.0,3534.0,19.0,240.0,2.0,244.0,2.5,28.0,3.0,16.0,,0.0,,0.0,1.5,128.0,1.0,458.0,0.5,420.0,,0.0,,0.0
2023-04-27 21:48:17.75,1682603297750000000,1.5,1.5,1.0,3534.0,19.0,240.0,2.0,244.0,2.5,28.0,3.0,16.0,,0.0,,0.0,1.5,128.0,1.0,458.0,0.5,439.0,,0.0,,0.0
2023-04-27 21:48:27.75,1682603307750000000,1.5,1.5,1.0,3534.0,19.0,240.0,2.0,244.0,2.5,28.0,3.0,16.0,,0.0,,0.0,1.5,128.0,1.0,458.0,0.5,420.0,,0.0,,0.0
2023-04-27 21:48:28.0,1682603308000000000,1.5,1.5,1.0,3534.0,19.0,240.0,2.0,244.0,2.5,28.0,3.0,16.0,,0.0,,0.0,1.5,128.0,1.0,458.0,0.5,439.0,,0.0,,0.0
2023-04-27 21:48:48.0,1682603328000000000,1.5,1.5,1.0,3534.0,19.0,240.0,2.0,244.0,2.5,28.0,3.0,16.0,,0.0,,0.0,1.5,128.0,1.0,458.0,0.5,420.0,,0.0,,0.0
2023-04-27 21:48:58.25,1682603338250000000,1.5,1.5,1.0,3534.0,19.0,240.0,2.0,244.0,2.5,28.0,3.0,16.0,,0.0,,0.0,1.5,128.0,1.0,458.0,0.5,439.0,,0.0,,0.0
2023-04-27 21:49:28.5,1682603368500000000,1.5,1.5,1.0,3534.0,19.0,240.0,2.0,244.0,2.5,28.0,3.0,16.0,,0.0,,0.0,1.5,128.0,1.0,458.0,0.5,420.0,,0.0,,0.0
2023-04-27 21:49:39.25,1682603379250000000,1.5,1.5,1.0,3534.0,19.0,240.0,2.0,244.0,2.5,28.0,3.0,16.0,,0.0,,0.0,1.5,128.0,1.0,458.0,0.5,439.0,,0.0,,0.0
2023-04-27 21:49:45.25,1682603385250000000,1.5,1.5,1.0,3534.0,19.0,240.0,2.0,244.0,2.5,28.0,3.0,16.0,,0.0,,0.0,1.5,128.0,1.0,458.0,0.5,420.0,,0.0,,0.0
2023-04-27 21:50:38.5,1682603438500000000,1.5,1.5,1.0,3534.0,19.0,240.0,2.0,244.0,2.5,28.0,3.0,16.0,,0.0,,0.0,1.5,128.0,1.0,458.0,0.5,439.0,,0.0,,0.0
2023-04-27 21:50:41.75,1682603441750000000,1.5,1.5,1.0,3534.0,19.0,240.0,2.0,244.0,2.5,28.0,3.0,16.0,,0.0,,0.0,1.5,128.0,1.0,458.0,0.5,420.0,,0.0,,0.0
2023-04-27 21:50:55.5,1682603455500000000,1.5,1.5,1.0,3534.0,19.0,240.0,2.0,244.0,2.5,28.0,3.0,16.0,,0.0,,0.0,1.5,128.0,1.0,458.0,0.5,439.0,,0.0,,0.0
2023-04-27 21:50:59.5,1682603459500000000,1.5,1.5,1.0,3534.0,19.0,240.0,2.0,244.0,2.5,28.0,3.0,16.0,,0.0,,0.0,1.5,128.0,1.0,458.0,0.5,420.0,,0.0,,0.0
2023-04-27 21:51:33.75,1682603493750000000,1.5,1.5,1.0,3534.0,19.0,240.0,2.0,244.0,2.5,28.0,3.0,16.0,,0.0,,0.0,1.5,128.0,1.0,458.0,0.5,439.0,,0.0,,0.0
2023-04-27 21:51:47.25,1682603507250000000,1.5,1.5,1.0,3534.0,19.0,240.0,2.0,244.0,2.5,28.0,3.0,16.0,,0.0,,0.0,1.5,128.0,1.0,458.0,0.5,420.0,,0.0,,0.0
2023-04-27 22:02:42.75,1682604162750000000,1.5,1.5,1.0,3534.0,19.0,240.0,2.0,244.0,2.5,28.0,3.0,16.0,,0.0,,0.0,1.5,138.0,1.0,458.0,0.5,420.0,,0.0,,0.0
2023-04-27 22:13:07.0,1682604787000000000,1.5,1.5,1.0,3534.0,19.0,240.0,2.0,244.0,2.5,28.0,3.0,16.0,,0.0,,0.0,1.5,128.0,1.0,458.0,0.5,420.0,,0.0,,0.0
2023-04-27 22:14:41.75,1682604881750000000,1.5,1.5,1.0,3534.0,19.0,240.0,2.0,244.0,2.5,10.0,3.0,16.0,,0.0,,0.0,1.5,110.0,1.0,458.0,0.5,420.0,,0.0,,0.0
2023-04-27 22:14:55.75,1682604895750000000,1.5,1.5,1.0,3534.0,19.0,240.0,2.0,244.0,2.5,10.0,3.0,34.0,,0.0,,0.0,1.5,110.0,1.0,458.0,0.5,438.0,,0.0,,0.0
2023-04-27 22:14:56.75,1682604896750000000,1.5,1.5,1.0,3534.0,19.0,240.0,2.0,244.0,2.5,28.0,3.0,16.0,,0.0,,0.0,1.5,110.0,1.0,476.0,0.5,420.0,,0.0,,0.0
2023-04-27 22:16:16.25,1682604976250000000,1.5,1.5,1.0,3534.0,19.0,240.0,2.0,244.0,2.5,28.0,3.0,16.0,,0.0,,0.0,1.5,128.0,1.0,458.0,0.5,420.0,,0.0,,0.0
2023-04-27 22:16:19.25,1682604979250000000,1.5,1.5,1.0,3534.0,19.0,240.0,2.0,244.0,2.5,28.0,3.0,16.0,,0.0,,0.0,1.5,131.0,1.0,458.0,0.5,420.0,,0.0,,0.0
2023-04-27 22:16:26.5,1682604986500000000,1.5,1.5,1.0,3534.0,19.0,240.0,2.0,244.0,2.5,28.0,3.0,16.0,,0.0,,0.0,1.5,195.0,1.0,458.0,0.5,420.0,,0.0,,0.0
2023-04-27 22:16:29.75,1682604989750000000,1.5,1.5,1.0,3534.0,19.0,240.0,2.0,244.0,2.5,28.0,3.0,16.0,,0.0,,0.0,1.5,259.0,1.0,458.0,0.5,420.0,,0.0,,0.0
2023-04-27 22:22:48.5,1682605368500000000,1.5,1.5,1.0,3534.0,19.0,240.0,2.0,244.0,2.5,18.0,3.0,16.0,,0.0,,0.0,1.5,249.0,1.0,458.0,0.5,420.0,,0.0,,0.0
2023-04-27 22:23:59.0,1682605439000000000,1.5,1.5,1.0,3534.0,19.0,240.0,2.0,244.0,2.5,28.0,3.0,16.0,,0.0,,0.0,1.5,259.0,1.0,458.0,0.5,420.0,,0.0,,0.0
2023-04-27 22:24:55.5,1682605495500000000,1.5,1.5,1.0,3534.0,19.0,240.0,2.0,244.0,2.5,28.0,3.0,16.0,,0.0,,0.0,1.5,353.0,1.0,458.0,0.5,420.0,,0.0,,0.0
2023-04-27 22:24:57.25,1682605497250000000,1.5,1.5,1.0,3534.0,19.0,240.0,2.0,244.0,2.5,28.0,3.0,16.0,,0.0,,0.0,1.5,335.0,1.0,476.0,0.5,420.0,,0.0,,0.0
2023-04-27 22:26:32.75,1682605592750000000,1.5,1.5,1.0,3534.0,19.0,240.0,2.0,269.0,2.5,28.0,3.0,16.0,,0.0,,0.0,1.5,335.0,1.0,476.0,0.5,420.0,,0.0,,0.0
2023-04-27 22:26:40.25,1682605600250000000,1.5,1.5,1.0,3534.0,42.0,585.0,2.0,146.0,2.5,28.0,3.0,16.0,,0.0,,0.0,1.5,235.0,1.0,476.0,0.5,420.0,,0.0,,0.0
2023-04-27 22:26:45.75,1682605605750000000,1.5,1.5,1.0,3534.0,42.0,585.0,2.0,246.0,2.5,28.0,3.0,16.0,,0.0,,0.0,1.5,335.0,1.0,476.0,0.5,420.0,,0.0,,0.0
2023-04-27 22:32:12.25,1682605932250000000,1.5,1.5,1.0,3534.0,42.0,585.0,2.0,246.0,2.5,28.0,3.0,16.0,,0.0,,0.0,1.5,335.0,1.0,476.0,0.5,439.0,,0.0,,0.0
2023-04-27 22:32:13.0,1682605933000000000,1.5,1.5,1.0,3534.0,42.0,585.0,2.0,246.0,2.5,28.0,3.0,16.0,,0.0,,0.0,1.5,335.0,1.0,476.0,0.5,420.0,,0.0,,0.0
2023-04-27 22:32:13.5,1682605933500000000,1.5,1.5,1.0,3534.0,42.0,585.0,2.0,246.0,2.5,28.0,3.0,16.0,,0.0,,0.0,1.5,335.0,1.0,476.0,0.5,439.0,,0.0,,0.0
2023-04-27 22:32:13.75,1682605933750000000,1.5,1.5,1.0,3534.0,42.0,585.0,2.0,246.0,2.5,28.0,3.0,16.0,,0.0,,0.0,1.5,335.0,1.0,476.0,0.5,420.0,,0.0,,0.0
2023-04-27 22:32:14.0,1682605934000000000,1.5,1.5,1.0,3534.0,42.0,585.0,2.0,246.0,2.5,28.0,3.0,16.0,,0.0,,0.0,1.5,335.0,1.0,476.0,0.5,439.0,,0.0,,0.0
2023-04-27 22:32:36.75,1682605956750000000,1.5,1.5,1.0,3534.0,42.0,585.0,2.0,246.0,2.5,28.0,3.0,16.0,,0.0,,0.0,1.5,353.0,1.0,458.0,0.5,439.0,,0.0,,0.0
2023-04-27 22:43:24.0,1682606604000000000,2.0,2.0,1.0,3524.0,52.0,785.0,2.0,236.0,2.5,28.0,3.0,16.0,,0.0,,0.0,1.5,353.0,1.0,458.0,0.5,439.0,,0.0,,0.0
2023-04-27 22:43:24.25,1682606604250000000,2.0,2.0,1.0,3524.0,52.0,785.0,2.0,236.0,2.5,28.0,3.0,16.0,,0.0,,0.0,1.5,353.0,1.0,477.0,0.5,420.0,,0.0,,0.0
2023-04-27 22:43:24.5,1682606604500000000,2.0,2.0,1.0,3514.0,62.0,985.0,2.0,226.0,2.5,28.0,3.0,16.0,,0.0,,0.0,1.5,353.0,1.0,477.0,0.5,420.0,,0.0,,0.0
2023-04-27 22:43:26.25,1682606606250000000,2.0,2.0,1.0,3514.0,62.0,985.0,2.0,226.0,2.5,10.0,3.0,16.0,,0.0,,0.0,1.5,335.0,1.0,477.0,0.5,420.0,,0.0,,0.0
2023-04-27 22:44:41.0,1682606681000000000,2.0,2.0,1.0,3514.0,62.0,985.0,2.0,226.0,2.5,10.0,3.0,16.0,3.5,18.0,,0.0,1.5,335.0,1.0,477.0,0.5,438.0,,0.0,,0.0
2023-04-27 22:44:41.5,1682606681500000000,2.0,2.0,1.0,3514.0,62.0,985.0,2.0,226.0,2.5,10.0,3.0,16.0,,0.0,,0.0,1.5,335.0,1.0,477.0,0.5,420.0,,0.0,,0.0
2023-04-27 22:44:43.5,1682606683500000000,2.0,2.0,1.0,3514.0,62.0,985.0,2.0,226.0,2.5,28.0,3.0,16.0,,0.0,,0.0,1.5,353.0,1.0,477.0,0.5,420.0,,0.0,,0.0
2023-04-27 22:45:19.75,1682606719750000000,2.0,2.0,1.0,3514.0,62.0,985.0,2.0,226.0,2.5,28.0,3.0,16.0,,0.0,,0.0,1.5,353.0,1.0,458.0,0.5,439.0,,0.0,,0.0
2023-04-27 22:47:51.0,1682606871000000000,2.0,2.0,1.0,3514.0,62.0,985.0,2.0,226.0,2.5,10.0,3.0,16.0,,0.0,,0.0,1.5,335.0,1.0,458.0,0.5,439.0,,0.0,,0.0
2023-04-27 22:48:21.0,1682606901000000000,2.0,2.0,1.0,3514.0,62.0,985.0,2.0,226.0,2.5,10.0,3.0,16.0,3.5,18.0,,0.0,1.5,335.0,1.0,458.0,0.5,457.0,,0.0,,0.0
2023-04-27 22:48:21.75,1682606901750000000,2.0,2.0,1.0,3514.0,62.0,985.0,2.0,226.0,2.5,10.0,3.0,16.0,,0.0,,0.0,1.5,335.0,1.0,458.0,0.5,439.0,,0.0,,0.0
2023-04-27 22:48:23.75,1682606903750000000,2.0,2.0,1.0,3514.0,62.0,985.0,2.0,226.0,2.5,28.0,3.0,16.0,,0.0,,0.0,1.5,353.0,1.0,458.0,0.5,439.0,,0.0,,0.0
2023-04-27 22:50:56.25,1682607056250000000,2.0,2.0,1.0,3514.0,62.0,985.0,2.0,226.0,2.5,10.0,3.0,16.0,,0.0,,0.0,1.5,335.0,1.0,458.0,0.5,439.0,,0.0,,0.0
2023-04-27 22:50:56.5,1682607056500000000,2.0,2.0,1.0,3514.0,62.0,985.0,2.0,226.0,2.5,10.0,3.0,16.0,,0.0,,0.0,1.5,335.0,1.0,477.0,0.5,420.0,,0.0,,0.0
2023-04-27 22:50:58.25,1682607058250000000,2.0,2.0,1.0,3514.0,62.0,985.0,2.0,226.0,2.5,28.0,3.0,16.0,,0.0,,0.0,1.5,353.0,1.0,477.0,0.5,420.0,,0.0,,0.0
2023-04-27 22:53:05.0,1682607185000000000,2.0,2.0,1.0,3514.0,62.0,985.0,2.0,226.0,2.5,28.0,3.0,16.0,,0.0,,0.0,1.5,353.0,1.0,458.0,0.5,439.0,,0.0,,0.0
2023-04-27 22:56:02.25,1682607362250000000,2.0,2.0,1.0,3514.0,62.0,985.0,2.0,226.0,2.5,28.0,3.0,16.0,,0.0,,0.0,1.5,353.0,1.0,427.0,0.5,439.0,,0.0,,0.0
2023-04-27 22:56:02.5,1682607362500000000,2.0,2.0,1.0,3514.0,62.0,985.0,2.0,226.0,2.5,28.0,3.0,16.0,,0.0,,0.0,1.5,353.0,1.0,446.0,0.5,420.0,,0.0,,0.0
2023-04-27 22:56:23.25,1682607383250000000,2.0,2.0,1.0,3464.0,112.0,1985.0,2.0,176.0,2.5,28.0,3.0,16.0,,0.0,,0.0,1.5,353.0,1.0,446.0,0.5,420.0,,0.0,,0.0
2023-04-27 22:56:24.0,1682607384000000000,2.0,2.0,1.0,3414.0,162.0,2985.0,2.0,126.0,2.5,28.0,3.0,16.0,,0.0,,0.0,1.5,353.0,1.0,446.0,0.5,420.0,,0.0,,0.0
2023-04-27 22:56:24.5,1682607384500000000,2.0,2.0,1.0,3413.0,212.0,3985.0,2.5,28.0,3.0,16.0,,0.0,,0.0,,0.0,1.5,253.0,1.0,446.0,0.5,420.0,,0.0,,0.0
2023-04-27 22:56:30.0,1682607390000000000,2.0,2.0,1.0,3413.0,212.0,3985.0,2.5,128.0,3.0,16.0,,0.0,,0.0,,0.0,1.5,353.0,1.0,446.0,0.5,420.0,,0.0,,0.0
2023-04-27 22:56:36.25,1682607396250000000,2.0,2.0,1.0,3413.0,212.0,3985.0,2.5,128.0,,0.0,,0.0,,0.0,,0.0,1.5,353.0,1.0,446.0,0.5,420.0,,0.0,,0.0
2023-04-27 22:56:36.5,1682607396500000000,2.0,2.0,1.0,3413.0,212.0,3985.0,2.5,128.0,,0.0,,0.0,,0.0,,0.0,1.5,353.0,1.0,430.0,0.5,420.0,,0.0,,0.0
2023-04-27 22:57:20.75,1682607440750000000,2.0,2.0,1.0,3413.0,212.0,3985.0,2.5,128.0,,0.0,,0.0,,0.0,,0.0,1.5,353.0,1.0,411.0,0.5,420.0,,0.0,,0.0
2023-04-27 22:58:21.75,1682607501750000000,2.0,2.0,1.0,3413.0,212.0,3985.0,2.5,110.0,,0.0,,0.0,,0.0,,0.0,1.5,335.0,1.0,411.0,0.5,420.0,,0.0,,0.0
2023-04-27 22:58:44.5,1682607524500000000,2.0,2.0,1.0,3413.0,212.0,3985.0,2.5,10.0,,0.0,,0.0,,0.0,,0.0,1.5,235.0,1.0,411.0,0.5,420.0,,0.0,,0.0
2023-04-27 22:59:01.75,1682607541750000000,2.0,2.0,1.0,3413.0,212.0,3985.0,,0.0,,0.0,,0.0,,0.0,,0.0,1.5,225.0,1.0,411.0,0.5,420.0,,0.0,,0.0
2023-04-27 22:59:02.0,1682607542000000000,2.0,2.0,1.0,3413.0,212.0,3985.0,2.5,10.0,552.0,1.0,,0.0,,0.0,,0.0,1.5,235.0,1.0,411.0,0.5,420.0,,0.0,,0.0
2023-04-27 22:59:02.5,1682607542500000000,2.0,2.0,1.0,3413.0,212.0,3985.0,2.5,10.0,,0.0,,0.0,,0.0,,0.0,1.5,235.0,1.0,411.0,0.5,420.0,,0.0,,0.0
2023-04-27 22:59:31.5,1682607571500000000,2.0,2.0,1.0,3413.0,212.0,3985.0,,0.0,,0.0,,0.0,,0.0,,0.0,1.5,225.0,1.0,411.0,0.5,420.0,,0.0,,0.0
2023-04-27 22:59:32.0,1682607572000000000,2.0,2.0,1.0,3413.0,212.0,3985.0,552.0,1.0,,0.0,,0.0,,0.0,,0.0,1.5,225.0,1.0,411.0,0.5,420.0,,0.0,,0.0
2023-04-27 22:59:55.25,1682607595250000000,2.0,2.0,1.0,3413.0,212.0,3985.0,,0.0,,0.0,,0.0,,0.0,,0.0,1.5,225.0,1.0,411.0,0.5,420.0,,0.0,,0.0
2023-04-28 08:55:00.0,1682643300000000000,2.0,2.0,1.0,3413.0,212.0,3985.0,,0.0,,0.0,,0.0,,0.0,,0.0,1.5,225.0,1.0,411.0,0.5,420.0,,0.0,,0.0
2023-04-28 09:00:02.75,1682643602750000000,2.0,2.0,1.0,3413.0,212.0,3985.0,,0.0,,0.0,,0.0,,0.0,,0.0,1.5,225.0,1.0,411.0,0.5,436.0,,0.0,,0.0
2023-04-28 09:00:03.25,1682643603250000000,2.0,2.0,1.0,3413.0,212.0,3985.0,140.5,16.0,,0.0,,0.0,,0.0,,0.0,1.5,225.0,1.0,411.0,0.5,436.0,,0.0,,0.0
2023-04-28 09:00:04.0,1682643604000000000,2.0,2.0,1.0,3413.0,212.0,3985.0,139.0,1.0,140.5,16.0,,0.0,,0.0,,0.0,1.5,225.0,1.0,411.0,0.5,436.0,,0.0,,0.0
2023-04-28 09:00:04.25,1682643604250000000,2.0,2.0,1.0,3413.0,212.0,3985.0,104.5,16.0,139.0,1.0,,0.0,,0.0,,0.0,1.5,225.0,1.0,411.0,0.5,436.0,,0.0,,0.0
2023-04-28 09:00:05.0,1682643605000000000,2.0,2.0,1.0,3413.0,212.0,3985.0,104.5,16.0,,0.0,,0.0,,0.0,,0.0,1.5,225.0,1.0,411.0,0.5,436.0,,0.0,,0.0
2023-04-28 09:00:06.0,1682643606000000000,2.0,2.0,1.0,3413.0,212.0,3985.0,104.5,16.0,135.0,1.0,,0.0,,0.0,,0.0,1.5,225.0,1.0,411.0,0.5,436.0,,0.0,,0.0
2023-04-28 09:00:09.75,1682643609750000000,2.0,2.0,1.0,3413.0,212.0,3985.0,103.0,1.0,104.5,16.0,135.0,1.0,,0.0,,0.0,1.5,225.0,1.0,411.0,0.5,436.0,,0.0,,0.0
2023-04-28 09:00:10.0,1682643610000000000,2.0,2.0,1.0,3413.0,212.0,3985.0,68.5,16.0,103.0,1.0,135.0,1.0,,0.0,,0.0,1.5,225.0,1.0,411.0,0.5,436.0,,0.0,,0.0
2023-04-28 09:00:10.5,1682643610500000000,2.0,2.0,1.0,3413.0,212.0,3985.0,68.5,16.0,135.0,1.0,,0.0,,0.0,,0.0,1.5,225.0,1.0,411.0,0.5,436.0,,0.0,,0.0
2023-04-28 09:00:11.25,1682643611250000000,2.0,2.0,1.0,3413.0,212.0,3985.0,67.0,1.0,68.5,16.0,135.0,1.0,,0.0,,0.0,1.5,225.0,1.0,411.0,0.5,436.0,,0.0,,0.0
2023-04-28 09:00:11.5,1682643611500000000,2.0,2.0,1.0,3413.0,212.0,3985.0,32.5,16.0,67.0,1.0,135.0,1.0,,0.0,,0.0,1.5,225.0,1.0,411.0,0.5,436.0,,0.0,,0.0
2023-04-28 09:00:11.75,1682643611750000000,2.0,2.0,1.0,3413.0,212.0,3985.0,32.5,16.0,67.0,1.0,,0.0,,0.0,,0.0,1.5,225.0,1.0,411.0,0.5,436.0,,0.0,,0.0
2023-04-28 09:00:12.0,1682643612000000000,2.0,2.0,1.0,3413.0,212.0,3985.0,32.5,16.0,,0.0,,0.0,,0.0,,0.0,1.5,225.0,1.0,411.0,0.5,436.0,,0.0,,0.0
2023-04-28 09:00:14.5,1682643614500000000,2.0,2.0,1.0,3413.0,212.0,3985.0,27.0,1.0,32.5,16.0,,0.0,,0.0,,0.0,1.5,225.0,1.0,411.0,0.5,436.0,,0.0,,0.0
2023-04-28 09:00:14.75,1682643614750000000,2.0,2.0,1.0,3413.0,212.0,3985.0,3.5,16.0,27.0,1.0,,0.0,,0.0,,0.0,1.5,225.0,1.0,411.0,0.5,436.0,,0.0,,0.0
2023-04-28 09:00:16.75,1682643616750000000,2.0,2.0,1.0,3413.0,212.0,3985.0,3.5,16.0,,0.0,,0.0,,0.0,,0.0,1.5,225.0,1.0,411.0,0.5,436.0,,0.0,,0.0
2023-04-28 09:01:34.75,1682643694750000000,2.0,2.0,1.0,3413.0,212.0,3985.0,3.5,16.0,4.0,18.0,,0.0,,0.0,,0.0,1.5,225.0,1.0,429.0,0.5,436.0,,0.0,,0.0
2023-04-28 09:02:35.25,1682643755250000000,2.0,2.0,1.0,3413.0,212.0,3985.0,3.5,84.0,4.0,18.0,,0.0,,0.0,,0.0,1.5,225.0,1.0,429.0,0.5,436.0,,0.0,,0.0
2023-04-28 09:03:22.75,1682643802750000000,2.0,2.0,1.0,3413.0,212.0,3985.0,3.0,10.0,3.5,84.0,4.0,18.0,,0.0,,0.0,1.5,235.0,1.0,429.0,0.5,436.0,,0.0,,0.0
2023-04-28 09:05:02.0,1682643902000000000,2.0,2.0,1.0,3413.0,212.0,3985.0,3.0,26.0,3.5,68.0,4.0,18.0,,0.0,,0.0,1.5,235.0,1.0,429.0,0.5,436.0,,0.0,,0.0
2023-04-28 09:06:20.75,1682643980750000000,2.0,2.0,1.0,3413.0,212.0,3985.0,3.0,26.0,3.5,68.0,4.0,18.0,,0.0,,0.0,1.5,254.0,1.0,429.0,0.5,436.0,,0.0,,0.0
2023-04-28 09:06:22.5,1682643982500000000,2.0,2.0,1.0,3413.0,212.0,3985.0,3.0,26.0,3.5,86.0,,0.0,,0.0,,0.0,1.5,272.0,1.0,411.0,0.5,436.0,,0.0,,0.0
2023-04-28 09:10:18.25,1682644218250000000,2.0,2.0,1.0,3413.0,212.0,3985.0,3.0,36.0,3.5,86.0,,0.0,,0.0,,0.0,1.5,282.0,1.0,411.0,0.5,436.0,,0.0,,0.0
2023-04-28 09:17:17.25,1682644637250000000,2.0,2.0,1.0,3413.0,212.0,3985.0,2.5,5.0,3.0,36.0,3.5,86.0,,0.0,,0.0,1.5,282.0,1.0,411.0,0.5,436.0,,0.0,,0.0
2023-04-28 09:17:17.5,1682644637500000000,2.0,2.0,1.0,3413.0,212.0,3985.0,2.5,15.0,3.0,26.0,3.5,86.0,,0.0,,0.0,1.5,282.0,1.0,411.0,0.5,436.0,,0.0,,0.0
2023-04-28 09:20:24.5,1682644824500000000,2.0,2.0,1.0,3413.0,212.0,3985.0,2.5,15.0,3.0,26.0,3.5,86.0,,0.0,,0.0,1.5,282.0,1.0,411.0,0.5,436.0,,0.0,,0.0
2023-04-28 09:23:17.5,1682644997500000000,2.0,2.0,1.0,3413.0,212.0,3985.0,2.5,15.0,3.0,26.0,3.5,68.0,,0.0,,0.0,1.5,264.0,1.0,411.0,0.5,436.0,,0.0,,0.0
2023-04-28 09:23:17.75,1682644997750000000,2.0,2.0,1.0,3413.0,212.0,3985.0,2.5,15.0,3.0,44.0,3.5,68.0,,0.0,,0.0,1.5,264.0,1.0,429.0,0.5,436.0,,0.0,,0.0
2023-04-28 09:23:25.75,1682645005750000000,2.0,2.0,1.0,3413.0,212.0,3985.0,2.5,15.0,3.0,44.0,3.5,68.0,,0.0,,0.0,2.0,19.0,1.5,245.0,1.0,429.0,0.5,436.0,,0.0
2023-04-28 09:23:26.0,1682645006000000000,2.0,2.0,1.0,3413.0,212.0,3985.0,2.5,15.0,3.0,44.0,3.5,68.0,,0.0,,0.0,2.0,29.0,1.5,253.0,1.0,411.0,0.5,436.0,,0.0
2023-04-28 09:23:41.25,1682645021250000000,2.0,2.0,1.0,3413.0,212.0,3985.0,2.5,15.0,3.0,44.0,3.5,68.0,,0.0,,0.0,2.0,10.0,1.5,272.0,1.0,411.0,0.5,436.0,,0.0
2023-04-28 09:23:41.5,1682645021500000000,2.0,2.0,1.0,3403.0,222.0,4185.0,2.5,5.0,3.0,44.0,3.5,68.0,,0.0,,0.0,1.5,272.0,1.0,427.0,0.5,420.0,,0.0,,0.0
2023-04-28 09:23:42.25,1682645022250000000,2.0,2.0,1.0,3403.0,222.0,4185.0,2.5,5.0,3.0,44.0,3.5,68.0,,0.0,,0.0,2.0,19.0,1.5,253.0,1.0,427.0,0.5,420.0,,0.0
2023-04-28 09:23:43.25,1682645023250000000,2.0,2.0,1.0,3403.0,222.0,4185.0,2.5,5.0,3.0,44.0,3.5,68.0,,0.0,,0.0,1.5,272.0,1.0,427.0,0.5,420.0,,0.0,,0.0
2023-04-28 09:23:52.75,1682645032750000000,2.0,2.0,1.0,3403.0,222.0,4185.0,2.5,15.0,3.0,44.0,3.5,68.0,,0.0,,0.0,1.5,282.0,1.0,427.0,0.5,420.0,,0.0,,0.0
2023-04-28 09:30:11.75,1682645411750000000,2.0,2.0,1.0,3403.0,222.0,4185.0,2.5,15.0,3.0,44.0,3.5,68.0,,0.0,,0.0,2.0,50.0,1.5,282.0,1.0,427.0,0.5,420.0,,0.0
2023-04-28 09:30:12.0,1682645412000000000,2.0,2.0,1.0,3403.0,222.0,4185.0,2.5,15.0,3.0,44.0,3.5,68.0,,0.0,,0.0,2.0,79.0,1.5,253.0,1.0,427.0,0.5,420.0,,0.0
2023-04-28 09:30:14.5,1682645414500000000,2.0,2.0,1.0,3403.0,222.0,4185.0,2.5,15.0,3.0,44.0,3.5,68.0,,0.0,,0.0,2.0,99.0,1.5,253.0,1.0,427.0,0.5,420.0,,0.0
2023-04-28 09:36:29.25,1682645789250000000,2.0,2.0,1.0,3403.0,222.0,4185.0,2.5,15.0,3.0,26.0,3.5,68.0,,0.0,,0.0,2.0,99.0,1.5,235.0,1.0,427.0,0.5,420.0,,0.0
2023-04-28 09:38:21.25,1682645901250000000,2.0,2.0,1.0,3403.0,222.0,4185.0,2.5,15.0,3.0,26.0,3.5,68.0,4.0,18.0,,0.0,2.0,99.0,1.5,235.0,1.0,445.0,0.5,420.0,,0.0
2023-04-28 09:38:22.75,1682645902750000000,2.0,2.0,1.0,3403.0,222.0,4185.0,2.5,15.0,3.0,44.0,3.5,68.0,,0.0,,0.0,2.0,117.0,1.5,235.0,1.0,427.0,0.5,420.0,,0.0
2023-04-28 09:38:32.25,1682645912250000000,2.0,2.0,1.0,3403.0,222.0,4185.0,2.5,15.0,3.0,44.0,,0.0,,0.0,,0.0,2.0,117.0,1.5,235.0,1.0,427.0,0.5,420.0,,0.0
2023-04-28 09:39:30.0,1682645970000000000,2.0,2.0,1.0,3403.0,222.0,4185.0,2.5,15.0,3.0,34.0,,0.0,,0.0,,0.0,2.0,117.0,1.5,225.0,1.0,427.0,0.5,420.0,,0.0
2023-04-28 09:39:30.75,1682645970750000000,2.0,2.0,1.0,3403.0,222.0,4185.0,2.5,25.0,3.0,34.0,,0.0,,0.0,,0.0,2.0,117.0,1.5,235.0,1.0,427.0,0.5,420.0,,0.0
2023-04-28 09:56:58.5,1682647018500000000,2.0,2.0,1.0,3403.0,222.0,4185.0,2.5,40.0,3.0,34.0,,0.0,,0.0,,0.0,2.0,117.0,1.5,235.0,1.0,427.0,0.5,420.0,,0.0
2023-04-28 10:04:12.25,1682647452250000000,2.0,2.0,1.0,3403.0,222.0,4185.0,2.5,40.0,3.0,34.0,,0.0,,0.0,,0.0,2.0,117.0,1.5,235.0,1.0,427.0,0.5,420.0,,0.0
2023-04-28 10:14:02.0,1682648042000000000,2.0,2.0,1.0,3403.0,222.0,4185.0,2.5,30.0,3.0,34.0,,0.0,,0.0,,0.0,2.0,117.0,1.5,225.0,1.0,427.0,0.5,420.0,,0.0
2023-04-28 10:14:02.25,1682648042250000000,2.0,2.0,1.0,3403.0,222.0,4185.0,2.5,40.0,3.0,34.0,,0.0,,0.0,,0.0,2.0,117.0,1.5,235.0,1.0,427.0,0.5,420.0,,0.0
2023-04-28 10:14:29.0,1682648069000000000,2.0,2.0,1.0,3403.0,222.0,4185.0,2.5,40.0,3.0,34.0,,0.0,,0.0,,0.0,2.0,98.0,1.5,235.0,1.0,427.0,0.5,420.0,,0.0
2023-04-28 10:14:30.0,1682648070000000000,2.0,2.0,1.0,3403.0,222.0,4185.0,2.5,30.0,3.0,34.0,,0.0,,0.0,,0.0,2.0,88.0,1.5,235.0,1.0,427.0,0.5,420.0,,0.0
2023-04-28 10:14:31.5,1682648071500000000,2.0,2.0,1.0,3403.0,222.0,4185.0,2.5,30.0,3.0,16.0,,0.0,,0.0,,0.0,2.0,70.0,1.5,235.0,1.0,427.0,0.5,420.0,,0.0
2023-04-28 10:15:00.0,1682648100000000000,2.0,2.0,1.0,3403.0,222.0,4185.0,2.5,30.0,3.0,16.0,,0.0,,0.0,,0.0,2.0,70.0,1.5,235.0,1.0,427.0,0.5,420.0,,0.0
2023-04-28 10:30:20.25,1682649020250000000,2.0,2.0,1.0,3403.0,222.0,4185.0,2.5,30.0,3.0,16.0,,0.0,,0.0,,0.0,2.0,89.0,1.5,235.0,1.0,427.0,0.5,420.0,,0.0
2023-04-28 10:30:31.5,1682649031500000000,2.0,2.0,1.0,3403.0,222.0,4185.0,2.5,30.0,3.0,16.0,4.0,18.0,,0.0,,0.0,2.0,89.0,1.5,235.0,1.0,445.0,0.5,420.0,,0.0
2023-04-28 10:30:47.0,1682649047000000000,2.0,2.0,1.0,3403.0,222.0,4185.0,2.5,30.0,3.0,16.0,,0.0,,0.0,,0.0,2.0,89.0,1.5,235.0,1.0,427.0,0.5,420.0,,0.0
2023-04-28 10:30:47.25,1682649047250000000,2.0,2.0,1.0,3403.0,222.0,4185.0,2.5,30.0,3.0,34.0,,0.0,,0.0,,0.0,2.0,107.0,1.5,235.0,1.0,427.0,0.5,420.0,,0.0
2023-04-28 10:32:35.0,1682649155000000000,2.0,2.0,1.0,3403.0,222.0,4185.0,2.5,40.0,3.0,34.0,,0.0,,0.0,,0.0,2.0,117.0,1.5,235.0,1.0,427.0,0.5,420.0,,0.0
2023-04-28 10:43:31.0,1682649811000000000,2.0,2.0,1.0,3403.0,222.0,4185.0,2.5,40.0,3.0,16.0,,0.0,,0.0,,0.0,2.0,99.0,1.5,235.0,1.0,427.0,0.5,420.0,,0.0
2023-04-28 10:46:31.0,1682649991000000000,2.0,2.0,1.0,3403.0,222.0,4185.0,2.5,40.0,3.0,34.0,,0.0,,0.0,,0.0,2.0,117.0,1.5,235.0,1.0,427.0,0.5,420.0,,0.0
2023-04-28 10:46:33.5,1682649993500000000,2.0,2.0,1.0,3403.0,222.0,4185.0,2.5,140.0,3.0,34.0,,0.0,,0.0,,0.0,2.0,117.0,1.5,235.0,1.0,427.0,0.5,420.0,,0.0
2023-04-28 10:47:43.75,1682650063750000000,2.0,2.0,1.0,3403.0,222.0,4185.0,2.5,130.0,3.0,34.0,,0.0,,0.0,,0.0,2.0,117.0,1.5,225.0,1.0,427.0,0.5,420.0,,0.0
2023-04-28 10:50:02.25,1682650202250000000,2.0,2.0,1.0,3403.0,222.0,4185.0,2.5,140.0,3.0,34.0,,0.0,,0.0,,0.0,2.0,117.0,1.5,235.0,1.0,427.0,0.5,420.0,,0.0
2023-04-28 10:53:18.0,1682650398000000000,2.0,2.0,1.0,3403.0,222.0,4185.0,2.5,130.0,3.0,34.0,,0.0,,0.0,,0.0,2.0,117.0,1.5,225.0,1.0,427.0,0.5,420.0,,0.0
2023-04-28 10:53:18.75,1682650398750000000,2.0,2.0,1.0,3403.0,222.0,4185.0,2.5,140.0,3.0,34.0,,0.0,,0.0,,0.0,2.0,117.0,1.5,235.0,1.0,427.0,0.5,420.0,,0.0
2023-04-28 10:53:36.75,1682650416750000000,2.0,2.0,1.0,3403.0,222.0,4185.0,2.5,130.0,3.0,34.0,,0.0,,0.0,,0.0,2.0,117.0,1.5,225.0,1.0,427.0,0.5,420.0,,0.0
2023-04-28 10:53:37.5,1682650417500000000,2.0,2.0,1.0,3403.0,222.0,4185.0,2.5,140.0,3.0,34.0,,0.0,,0.0,,0.0,2.0,117.0,1.5,235.0,1.0,427.0,0.5,420.0,,0.0
2023-04-28 10:53:50.5,1682650430500000000,2.0,2.0,1.0,3403.0,222.0,4185.0,2.5,130.0,3.0,34.0,,0.0,,0.0,,0.0,2.0,117.0,1.5,225.0,1.0,427.0,0.5,420.0,,0.0
2023-04-28 10:53:51.25,1682650431250000000,2.0,2.0,1.0,3403.0,222.0,4185.0,2.5,140.0,3.0,34.0,,0.0,,0.0,,0.0,2.0,117.0,1.5,235.0,1.0,427.0,0.5,420.0,,0.0
2023-04-28 10:54:04.25,1682650444250000000,2.0,2.0,1.0,3403.0,222.0,4185.0,2.5,130.0,3.0,34.0,,0.0,,0.0,,0.0,2.0,117.0,1.5,225.0,1.0,427.0,0.5,420.0,,0.0
2023-04-28 10:54:05.25,1682650445250000000,2.0,2.0,1.0,3403.0,222.0,4185.0,2.5,140.0,3.0,34.0,,0.0,,0.0,,0.0,2.0,117.0,1.5,235.0,1.0,427.0,0.5,420.0,,0.0
2023-04-28 11:08:51.25,1682651331250000000,2.0,2.0,1.0,3403.0,222.0,4185.0,2.5,140.0,3.0,34.0,,0.0,,0.0,,0.0,2.0,98.0,1.5,254.0,1.0,427.0,0.5,420.0,,0.0
2023-04-28 11:11:44.25,1682651504250000000,2.0,2.0,1.0,3353.0,272.0,5185.0,2.5,140.0,3.0,34.0,,0.0,,0.0,,0.0,2.0,48.0,1.5,254.0,1.0,427.0,0.5,420.0,,0.0
2023-04-28 11:11:44.5,1682651504500000000,2.0,2.0,1.0,3353.0,272.0,5185.0,2.5,140.0,3.0,34.0,,0.0,,0.0,,0.0,2.0,67.0,1.5,235.0,1.0,427.0,0.5,420.0,,0.0
2023-04-28 11:19:24.0,1682651964000000000,2.0,2.0,1.0,3353.0,272.0,5185.0,2.5,140.0,3.0,34.0,,0.0,,0.0,,0.0,2.0,48.0,1.5,254.0,1.0,427.0,0.5,420.0,,0.0
2023-04-28 11:23:16.25,1682652196250000000,2.0,2.0,1.0,3353.0,272.0,5185.0,2.5,140.0,3.0,34.0,,0.0,,0.0,,0.0,2.0,48.0,1.5,254.0,1.0,376.0,0.5,320.0,,0.0
2023-04-28 11:23:16.5,1682652196500000000,2.0,2.0,1.0,3353.0,272.0,5185.0,2.5,140.0,3.0,34.0,,0.0,,0.0,,0.0,2.0,67.0,1.5,235.0,1.0,376.0,0.5,320.0,,0.0
2023-04-28 11:23:31.25,1682652211250000000,2.0,2.0,1.0,3353.0,272.0,5185.0,2.5,140.0,3.0,34.0,,0.0,,0.0,,0.0,2.0,48.0,1.5,254.0,1.0,376.0,0.5,320.0,,0.0
2023-04-28 11:27:36.5,1682652456500000000,2.0,2.0,1.0,3353.0,272.0,5185.0,2.5,40.0,3.0,34.0,,0.0,,0.0,,0.0,2.0,48.0,1.5,254.0,1.0,376.0,0.5,320.0,,0.0
2023-04-28 11:28:28.0,1682652508000000000,2.0,2.0,1.0,3353.0,272.0,5185.0,2.5,40.0,3.0,16.0,,0.0,,0.0,,0.0,2.0,30.0,1.5,254.0,1.0,376.0,0.5,320.0,,0.0
2023-04-28 11:29:00.0,1682652540000000000,2.0,2.0,1.0,3353.0,272.0,5185.0,2.5,30.0,3.0,16.0,,0.0,,0.0,,0.0,2.0,20.0,1.5,254.0,1.0,376.0,0.5,320.0,,0.0
2023-04-28 11:29:01.0,1682652541000000000,2.0,2.0,1.0,3353.0,272.0,5185.0,2.5,30.0,3.0,16.0,,0.0,,0.0,,0.0,2.0,20.0,1.5,235.0,1.0,376.0,0.5,320.0,,0.0
2023-04-28 11:29:02.0,1682652542000000000,2.0,2.0,1.0,3353.0,272.0,5185.0,2.5,20.0,3.0,16.0,,0.0,,0.0,,0.0,2.0,20.0,1.5,225.0,1.0,376.0,0.5,320.0,,0.0
2023-04-28 11:29:02.25,1682652542250000000,2.0,2.0,1.0,3353.0,272.0,5185.0,2.5,30.0,3.0,16.0,,0.0,,0.0,,0.0,2.0,20.0,1.5,235.0,1.0,376.0,0.5,320.0,,0.0
2023-04-28 11:29:32.0,1682652572000000000,2.0,2.0,1.0,3353.0,272.0,5185.0,2.5,20.0,3.0,16.0,,0.0,,0.0,,0.0,2.0,20.0,1.5,225.0,1.0,376.0,0.5,320.0,,0.0
2023-04-28 11:30:00.0,1682652600000000000,2.0,2.0,1.0,3353.0,272.0,5185.0,2.5,20.0,3.0,16.0,,0.0,,0.0,,0.0,2.0,20.0,1.5,225.0,1.0,376.0,0.5,320.0,,0.0
2023-04-28 13:30:08.75,1682659808750000000,2.0,2.0,1.0,3353.0,272.0,5185.0,2.5,20.0,3.0,16.0,4.0,18.0,,0.0,,0.0,2.0,20.0,1.5,225.0,1.0,394.0,0.5,320.0,,0.0
2023-04-28 13:30:09.5,1682659809500000000,2.0,2.0,1.0,3353.0,272.0,5185.0,2.5,20.0,3.0,16.0,,0.0,,0.0,,0.0,2.0,20.0,1.5,225.0,1.0,376.0,0.5,320.0,,0.0
2023-04-28 13:31:01.25,1682659861250000000,2.0,2.0,1.0,3353.0,272.0,5185.0,2.5,20.0,3.0,16.0,4.0,18.0,,0.0,,0.0,2.0,20.0,1.5,225.0,1.0,394.0,0.5,320.0,,0.0
2023-04-28 13:31:02.0,1682659862000000000,2.0,2.0,1.0,3353.0,272.0,5185.0,2.5,20.0,3.0,16.0,,0.0,,0.0,,0.0,2.0,20.0,1.5,225.0,1.0,376.0,0.5,320.0,,0.0
2023-04-28 13:31:04.0,1682659864000000000,2.0,2.0,1.0,3353.0,272.0,5185.0,2.5,20.0,3.0,34.0,,0.0,,0.0,,0.0,2.0,38.0,1.5,225.0,1.0,376.0,0.5,320.0,,0.0
2023-04-28 13:32:03.0,1682659923000000000,2.0,2.0,1.0,3353.0,272.0,5185.0,2.5,30.0,3.0,34.0,,0.0,,0.0,,0.0,2.0,38.0,1.5,235.0,1.0,376.0,0.5,320.0,,0.0
2023-04-28 13:34:37.0,1682660077000000000,2.0,2.0,1.0,3353.0,272.0,5185.0,2.5,30.0,3.0,34.0,,0.0,,0.0,,0.0,2.0,38.0,1.5,254.0,1.0,376.0,0.5,320.0,,0.0
2023-04-28 13:36:01.25,1682660161250000000,2.0,2.0,1.0,3358.0,297.0,5685.0,2.5,30.0,3.0,34.0,,0.0,,0.0,,0.0,2.0,13.0,1.5,254.0,1.0,376.0,0.5,320.0,,0.0
2023-04-28 13:37:43.25,1682660263250000000,2.0,2.0,1.0,3358.0,297.0,5685.0,2.5,30.0,3.0,34.0,,0.0,,0.0,,0.0,2.0,13.0,1.5,254.0,1.0,376.0,0.5,320.0,,0.0
2023-04-28 13:40:12.75,1682660412750000000,2.0,2.0,1.0,3371.0,310.0,5945.0,2.0,2.0,2.5,30.0,3.0,16.0,,0.0,,0.0,1.5,254.0,1.0,376.0,0.5,320.0,,0.0,,0.0
2023-04-28 13:40:13.0,1682660413000000000,2.0,2.0,1.0,3371.0,310.0,5945.0,2.0,2.0,2.5,48.0,3.0,16.0,,0.0,,0.0,1.5,254.0,1.0,376.0,0.5,338.0,,0.0,,0.0
2023-04-28 13:40:18.75,1682660418750000000,2.0,2.0,1.0,3371.0,310.0,5945.0,2.0,2.0,2.5,30.0,3.0,16.0,,0.0,,0.0,1.5,254.0,1.0,376.0,0.5,320.0,,0.0,,0.0
2023-04-28 13:40:19.0,1682660419000000000,2.0,2.0,1.0,3373.0,312.0,5985.0,2.5,48.0,3.0,16.0,,0.0,,0.0,,0.0,1.5,254.0,1.0,376.0,0.5,338.0,,0.0,,0.0
2023-04-28 13:40:25.0,1682660425000000000,2.0,2.0,1.0,3373.0,312.0,5985.0,2.5,48.0,3.0,16.0,,0.0,,0.0,,0.0,2.0,18.0,1.5,254.0,1.0,376.0,0.5,320.0,,0.0
2023-04-28 13:41:27.5,1682660487500000000,2.0,2.0,1.0,3373.0,312.0,5985.0,2.5,30.0,3.0,16.0,,0.0,,0.0,,0.0,1.5,254.0,1.0,376.0,0.5,320.0,,0.0,,0.0
2023-04-28 13:41:57.25,1682660517250000000,2.5,2.5,1.0,3374.0,313.0,6010.0,2.5,29.0,3.0,16.0,,0.0,,0.0,,0.0,1.5,254.0,1.0,376.0,0.5,320.0,,0.0,,0.0
2023-04-28 13:42:06.25,1682660526250000000,2.5,2.5,1.0,3374.0,313.0,6010.0,2.5,47.0,3.0,16.0,,0.0,,0.0,,0.0,2.0,18.0,1.5,254.0,1.0,376.0,0.5,320.0,,0.0
2023-04-28 13:43:17.25,1682660597250000000,2.5,2.5,1.0,3374.0,313.0,6010.0,2.5,29.0,3.0,16.0,,0.0,,0.0,,0.0,1.5,254.0,1.0,376.0,0.5,320.0,,0.0,,0.0
2023-04-28 13:47:09.25,1682660829250000000,2.5,2.5,1.0,3374.0,313.0,6010.0,2.5,47.0,3.0,16.0,,0.0,,0.0,,0.0,2.0,18.0,1.5,254.0,1.0,376.0,0.5,320.0,,0.0
2023-04-28 13:47:09.5,1682660829500000000,2.5,2.5,1.0,3374.0,313.0,6010.0,2.5,47.0,3.0,16.0,,0.0,,0.0,,0.0,2.0,37.0,1.5,235.0,1.0,376.0,0.5,320.0,,0.0
2023-04-28 13:47:21.75,1682660841750000000,2.5,2.5,1.0,3374.0,313.0,6010.0,2.5,49.0,3.0,16.0,,0.0,,0.0,,0.0,2.0,37.0,1.5,235.0,1.0,376.0,0.5,320.0,,0.0
2023-04-28 13:48:42.5,1682660922500000000,2.5,2.5,1.0,3374.0,313.0,6010.0,2.5,64.0,3.0,16.0,,0.0,,0.0,,0.0,2.0,37.0,1.5,235.0,1.0,376.0,0.5,320.0,,0.0
2023-04-28 13:53:46.5,1682661226500000000,2.5,2.5,1.0,3374.0,313.0,6010.0,2.5,46.0,3.0,16.0,,0.0,,0.0,,0.0,2.0,19.0,1.5,235.0,1.0,376.0,0.5,320.0,,0.0
2023-04-28 13:54:02.0,1682661242000000000,2.5,2.5,1.0,3374.0,313.0,6010.0,2.5,46.0,3.0,16.0,3.5,18.0,,0.0,,0.0,2.0,19.0,1.5,235.0,1.0,394.0,0.5,320.0,,0.0
2023-04-28 13:54:02.75,1682661242750000000,2.5,2.5,1.0,3374.0,313.0,6010.0,2.5,46.0,3.0,16.0,,0.0,,0.0,,0.0,2.0,19.0,1.5,235.0,1.0,376.0,0.5,320.0,,0.0
2023-04-28 13:54:05.0,1682661245000000000,2.5,2.5,1.0,3374.0,313.0,6010.0,2.5,64.0,3.0,16.0,,0.0,,0.0,,0.0,2.0,37.0,1.5,235.0,1.0,376.0,0.5,320.0,,0.0
2023-04-28 13:56:22.25,1682661382250000000,2.5,2.5,1.0,3374.0,313.0,6010.0,2.5,64.0,3.0,16.0,,0.0,,0.0,,0.0,2.0,19.0,1.5,253.0,1.0,376.0,0.5,320.0,,0.0
2023-04-28 13:56:39.0,1682661399000000000,2.5,2.5,1.0,3374.0,313.0,6010.0,2.5,46.0,3.0,16.0,,0.0,,0.0,,0.0,2.0,19.0,1.5,235.0,1.0,376.0,0.5,320.0,,0.0
2023-04-28 13:56:39.25,1682661399250000000,2.5,2.5,1.0,3374.0,313.0,6010.0,2.5,64.0,3.0,16.0,,0.0,,0.0,,0.0,2.0,37.0,1.5,235.0,1.0,376.0,0.5,320.0,,0.0
2023-04-28 14:04:11.25,1682661851250000000,2.5,2.5,1.0,3374.0,313.0,6010.0,2.5,49.0,3.0,16.0,,0.0,,0.0,,0.0,2.0,37.0,1.5,235.0,1.0,376.0,0.5,320.0,,0.0
2023-04-28 14:13:00.0,1682662380000000000,2.5,2.5,1.0,3374.0,313.0,6010.0,2.5,49.0,3.0,16.0,,0.0,,0.0,,0.0,2.0,18.0,1.5,254.0,1.0,376.0,0.5,320.0,,0.0
2023-04-28 14:19:34.25,1682662774250000000,2.5,2.5,1.0,3374.0,313.0,6010.0,2.5,59.0,3.0,16.0,,0.0,,0.0,,0.0,2.0,28.0,1.5,254.0,1.0,376.0,0.5,320.0,,0.0
2023-04-28 14:22:00.25,1682662920250000000,2.5,2.0,1.0,3392.0,338.0,6510.0,2.5,49.0,3.0,16.0,,0.0,,0.0,,0.0,1.5,254.0,1.0,376.0,0.5,338.0,,0.0,,0.0
2023-04-28 14:22:05.5,1682662925500000000,2.5,2.0,1.0,3392.0,338.0,6510.0,2.5,59.0,3.0,16.0,,0.0,,0.0,,0.0,1.5,264.0,1.0,376.0,0.5,338.0,,0.0,,0.0
2023-04-28 14:22:06.25,1682662926250000000,2.5,2.0,1.0,3392.0,338.0,6510.0,2.5,59.0,3.0,16.0,,0.0,,0.0,,0.0,2.0,18.0,1.5,264.0,1.0,376.0,0.5,320.0,,0.0
2023-04-28 14:22:06.5,1682662926500000000,2.5,2.0,1.0,3392.0,338.0,6510.0,2.5,59.0,3.0,16.0,,0.0,,0.0,,0.0,2.0,47.0,1.5,235.0,1.0,376.0,0.5,320.0,,0.0
2023-04-28 14:26:19.75,1682663179750000000,2.5,2.0,1.0,3392.0,338.0,6510.0,2.5,41.0,3.0,16.0,,0.0,,0.0,,0.0,2.0,29.0,1.5,235.0,1.0,376.0,0.5,320.0,,0.0
2023-04-28 14:27:24.75,1682663244750000000,2.5,2.0,1.0,3392.0,338.0,6510.0,2.5,41.0,3.0,16.0,,0.0,,0.0,,0.0,2.0,29.0,1.5,235.0,1.0,376.0,0.5,320.0,,0.0
2023-04-28 14:28:20.75,1682663300750000000,2.5,2.0,1.0,3392.0,338.0,6510.0,2.5,59.0,3.0,16.0,,0.0,,0.0,,0.0,2.0,47.0,1.5,235.0,1.0,376.0,0.5,320.0,,0.0
2023-04-28 14:28:21.0,1682663301000000000,2.5,2.0,1.0,3392.0,338.0,6510.0,2.5,41.0,3.0,16.0,,0.0,,0.0,,0.0,2.0,29.0,1.5,235.0,1.0,376.0,0.5,320.0,,0.0
2023-04-28 14:29:19.25,1682663359250000000,2.5,2.0,1.0,3392.0,338.0,6510.0,2.5,59.0,3.0,16.0,,0.0,,0.0,,0.0,2.0,47.0,1.5,235.0,1.0,376.0,0.5,320.0,,0.0
2023-04-28 14:29:21.5,1682663361500000000,2.5,2.0,1.0,3392.0,338.0,6510.0,2.5,41.0,3.0,16.0,,0.0,,0.0,,0.0,2.0,29.0,1.5,235.0,1.0,376.0,0.5,320.0,,0.0
2023-04-28 14:29:54.25,1682663394250000000,2.5,2.0,1.0,3392.0,338.0,6510.0,2.5,59.0,3.0,16.0,,0.0,,0.0,,0.0,2.0,47.0,1.5,235.0,1.0,376.0,0.5,320.0,,0.0
2023-04-28 14:29:55.0,1682663395000000000,2.5,2.0,1.0,3392.0,338.0,6510.0,2.5,41.0,3.0,16.0,,0.0,,0.0,,0.0,2.0,29.0,1.5,235.0,1.0,376.0,0.5,320.0,,0.0
2023-04-28 14:31:16.5,1682663476500000000,2.5,2.0,1.0,3392.0,338.0,6510.0,2.5,41.0,3.0,16.0,,0.0,,0.0,,0.0,2.0,10.0,1.5,254.0,1.0,376.0,0.5,320.0,,0.0
2023-04-28 14:31:58.0,1682663518000000000,2.5,2.0,1.0,3392.0,338.0,6510.0,2.5,41.0,3.0,16.0,,0.0,,0.0,,0.0,2.0,10.0,1.5,235.0,1.0,376.0,0.5,320.0,,0.0
2023-04-28 14:32:47.25,1682663567250000000,2.5,2.0,1.0,3392.0,338.0,6510.0,2.5,59.0,3.0,16.0,,0.0,,0.0,,0.0,2.0,28.0,1.5,235.0,1.0,376.0,0.5,320.0,,0.0
2023-04-28 14:33:16.5,1682663596500000000,2.5,2.0,1.0,3392.0,338.0,6510.0,2.5,78.0,3.0,16.0,,0.0,,0.0,,0.0,2.0,28.0,1.5,254.0,1.0,376.0,0.5,320.0,,0.0
2023-04-28 14:33:52.0,1682663632000000000,2.5,2.0,1.0,3392.0,338.0,6510.0,2.5,59.0,3.0,16.0,,0.0,,0.0,,0.0,2.0,28.0,1.5,235.0,1.0,376.0,0.5,320.0,,0.0
2023-04-28 14:35:39.75,1682663739750000000,2.5,2.0,1.0,3392.0,338.0,6510.0,2.5,41.0,3.0,16.0,,0.0,,0.0,,0.0,2.0,10.0,1.5,235.0,1.0,376.0,0.5,320.0,,0.0
2023-04-28 14:36:01.75,1682663761750000000,2.5,2.0,1.0,3392.0,338.0,6510.0,2.5,59.0,3.0,16.0,,0.0,,0.0,,0.0,2.0,28.0,1.5,235.0,1.0,376.0,0.5,320.0,,0.0
2023-04-28 14:36:03.75,1682663763750000000,2.5,2.0,1.0,3392.0,338.0,6510.0,2.5,41.0,3.0,16.0,,0.0,,0.0,,0.0,2.0,10.0,1.5,235.0,1.0,376.0,0.5,320.0,,0.0
2023-04-28 14:37:21.5,1682663841500000000,2.5,2.0,1.0,3392.0,338.0,6510.0,2.5,59.0,3.0,16.0,,0.0,,0.0,,0.0,2.0,28.0,1.5,235.0,1.0,376.0,0.5,320.0,,0.0
2023-04-28 14:37:22.5,1682663842500000000,2.5,2.0,1.0,3392.0,338.0,6510.0,2.5,41.0,3.0,16.0,,0.0,,0.0,,0.0,2.0,10.0,1.5,235.0,1.0,376.0,0.5,320.0,,0.0
2023-04-28 14:38:08.25,1682663888250000000,2.5,2.0,1.0,3392.0,338.0,6510.0,2.5,59.0,3.0,16.0,,0.0,,0.0,,0.0,2.0,28.0,1.5,235.0,1.0,376.0,0.5,320.0,,0.0
2023-04-28 14:38:10.75,1682663890750000000,2.5,2.0,1.0,3392.0,338.0,6510.0,2.5,41.0,3.0,16.0,,0.0,,0.0,,0.0,2.0,10.0,1.5,235.0,1.0,376.0,0.5,320.0,,0.0
2023-04-28 14:38:15.5,1682663895500000000,2.5,2.0,1.0,3392.0,338.0,6510.0,2.5,59.0,3.0,16.0,,0.0,,0.0,,0.0,2.0,28.0,1.5,235.0,1.0,376.0,0.5,320.0,,0.0
2023-04-28 14:39:59.25,1682663999250000000,2.5,2.0,1.0,3392.0,338.0,6510.0,2.5,41.0,3.0,16.0,,0.0,,0.0,,0.0,2.0,10.0,1.5,235.0,1.0,376.0,0.5,320.0,,0.0
2023-04-28 14:40:26.25,1682664026250000000,2.5,2.0,1.0,3392.0,348.0,6710.0,2.5,31.0,3.0,16.0,,0.0,,0.0,,0.0,1.5,235.0,1.0,376.0,0.5,320.0,,0.0,,0.0
2023-04-28 14:40:31.5,1682664031500000000,2.5,2.0,1.0,3392.0,348.0,6710.0,2.5,41.0,3.0,16.0,,0.0,,0.0,,0.0,1.5,245.0,1.0,376.0,0.5,320.0,,0.0,,0.0
2023-04-28 14:41:01.75,1682664061750000000,2.5,2.0,1.0,3392.0,348.0,6710.0,2.5,59.0,3.0,16.0,,0.0,,0.0,,0.0,1.5,263.0,1.0,376.0,0.5,320.0,,0.0,,0.0
2023-04-28 14:41:02.5,1682664062500000000,2.5,2.0,1.0,3392.0,348.0,6710.0,2.5,41.0,3.0,16.0,,0.0,,0.0,,0.0,1.5,245.0,1.0,376.0,0.5,320.0,,0.0,,0.0
2023-04-28 14:41:20.75,1682664080750000000,2.5,2.0,1.0,3392.0,348.0,6710.0,2.5,59.0,3.0,16.0,,0.0,,0.0,,0.0,1.5,263.0,1.0,376.0,0.5,320.0,,0.0,,0.0
2023-04-28 14:44:24.75,1682664264750000000,2.5,2.0,1.0,3392.0,348.0,6710.0,2.5,59.0,3.0,16.0,,0.0,,0.0,,0.0,1.5,293.0,1.0,376.0,0.5,320.0,,0.0,,0.0
2023-04-28 14:48:30.5,1682664510500000000,2.5,2.0,1.0,3392.0,348.0,6710.0,2.5,41.0,3.0,16.0,,0.0,,0.0,,0.0,1.5,275.0,1.0,376.0,0.5,320.0,,0.0,,0.0
2023-04-28 14:48:39.0,1682664519000000000,2.5,2.0,1.0,3392.0,348.0,6710.0,2.5,59.0,3.0,16.0,,0.0,,0.0,,0.0,1.5,293.0,1.0,376.0,0.5,320.0,,0.0,,0.0
2023-04-28 14:51:12.75,1682664672750000000,2.5,2.0,1.0,3392.0,348.0,6710.0,2.5,59.0,3.0,16.0,,0.0,,0.0,,0.0,2.0,18.0,1.5,275.0,1.0,376.0,0.5,320.0,,0.0
2023-04-28 14:51:13.0,1682664673000000000,2.5,2.0,1.0,3410.0,366.0,7070.0,2.5,59.0,3.0,16.0,,0.0,,0.0,,0.0,1.5,275.0,1.0,376.0,0.5,338.0,,0.0,,0.0
2023-04-28 14:51:19.0,1682664679000000000,2.5,2.0,1.0,3410.0,366.0,7070.0,2.5,59.0,3.0,16.0,,0.0,,0.0,,0.0,2.0,18.0,1.5,275.0,1.0,376.0,0.5,320.0,,0.0
2023-04-28 14:51:19.25,1682664679250000000,2.5,2.0,1.0,3410.0,366.0,7070.0,2.5,59.0,3.0,16.0,,0.0,,0.0,,0.0,2.0,28.0,1.5,265.0,1.0,376.0,0.5,320.0,,0.0
2023-04-28 14:53:47.75,1682664827750000000,2.5,2.0,1.0,3410.0,366.0,7070.0,2.5,41.0,3.0,16.0,,0.0,,0.0,,0.0,2.0,10.0,1.5,265.0,1.0,376.0,0.5,320.0,,0.0
2023-04-28 14:53:57.0,1682664837000000000,2.5,2.0,1.0,3410.0,366.0,7070.0,2.5,59.0,3.0,16.0,,0.0,,0.0,,0.0,2.0,28.0,1.5,265.0,1.0,376.0,0.5,320.0,,0.0
2023-04-28 14:55:00.75,1682664900750000000,2.5,2.0,1.0,3415.0,381.0,7370.0,2.5,49.0,3.0,16.0,,0.0,,0.0,,0.0,2.0,13.0,1.5,265.0,1.0,376.0,0.5,320.0,,0.0
2023-04-28 14:55:06.25,1682664906250000000,2.5,2.0,1.0,3415.0,381.0,7370.0,2.5,59.0,3.0,16.0,,0.0,,0.0,,0.0,2.0,23.0,1.5,265.0,1.0,376.0,0.5,320.0,,0.0
2023-04-28 14:56:32.0,1682664992000000000,2.5,2.0,1.0,3415.0,381.0,7370.0,2.5,49.0,3.0,16.0,,0.0,,0.0,,0.0,2.0,23.0,1.5,255.0,1.0,376.0,0.5,320.0,,0.0
2023-04-28 14:58:38.5,1682665118500000000,2.5,2.0,1.0,3415.0,381.0,7370.0,2.5,39.0,3.0,16.0,,0.0,,0.0,,0.0,2.0,13.0,1.5,255.0,1.0,376.0,0.5,320.0,,0.0
2023-04-28 14:59:04.0,1682665144000000000,2.5,2.0,1.0,3415.0,381.0,7370.0,2.5,21.0,3.0,16.0,,0.0,,0.0,,0.0,1.5,255.0,1.0,376.0,0.5,320.0,,0.0,,0.0
2023-04-28 14:59:11.0,1682665151000000000,2.5,2.0,1.0,3415.0,381.0,7370.0,2.5,39.0,3.0,16.0,,0.0,,0.0,,0.0,2.0,18.0,1.5,255.0,1.0,376.0,0.5,320.0,,0.0
2023-04-28 14:59:19.25,1682665159250000000,2.5,2.0,1.0,3415.0,381.0,7370.0,2.5,21.0,3.0,16.0,,0.0,,0.0,,0.0,1.5,255.0,1.0,376.0,0.5,320.0,,0.0,,0.0
2023-04-28 14:59:21.25,1682665161250000000,2.5,2.0,1.0,3415.0,381.0,7370.0,2.5,21.0,3.0,16.0,,0.0,,0.0,,0.0,1.5,255.0,1.0,276.0,0.5,120.0,,0.0,,0.0
