datetime,datetime_nano,highest,last_price,lowest,open_interest,volume,amount,ask_price1,ask_volume1,ask_price2,ask_volume2,ask_price3,ask_volume3,ask_price4,ask_volume4,ask_price5,ask_volume5,bid_price1,bid_volume1,bid_price2,bid_volume2,bid_price3,bid_volume3,bid_price4,bid_volume4,bid_price5,bid_volume5
2023-04-27 20:55:00.0,1682600100000000000,,,,939.0,0.0,0.0,,0.0,,0.0,,0.0,,0.0,,0.0,,0.0,,0.0,,0.0,,0.0,,0.0
2023-04-27 21:00:04.5,1682600404500000000,,,,939.0,0.0,0.0,,0.0,,0.0,,0.0,,0.0,,0.0,860.5,11.0,,0.0,,0.0,,0.0,,0.0
2023-04-27 21:00:06.25,1682600406250000000,,,,939.0,0.0,0.0,,0.0,,0.0,,0.0,,0.0,,0.0,862.0,1.0,860.5,11.0,,0.0,,0.0,,0.0
2023-04-27 21:00:06.75,1682600406750000000,,,,939.0,0.0,0.0,1458.0,1.0,,0.0,,0.0,,0.0,,0.0,862.0,1.0,860.5,11.0,,0.0,,0.0,,0.0
2023-04-27 21:00:07.0,1682600407000000000,,,,939.0,0.0,0.0,1455.0,10.0,1457.5,10.0,1458.0,1.0,,0.0,,0.0,862.0,1.0,860.5,11.0,,0.0,,0.0,,0.0
2023-04-27 21:00:07.25,1682600407250000000,,,,939.0,0.0,0.0,1452.0,10.0,,0.0,,0.0,,0.0,,0.0,862.0,1.0,860.5,11.0,,0.0,,0.0,,0.0
2023-04-27 21:00:07.75,1682600407750000000,,,,939.0,0.0,0.0,1452.0,10.0,,0.0,,0.0,,0.0,,0.0,896.0,11.0,862.0,1.0,,0.0,,0.0,,0.0
2023-04-27 21:00:08.25,1682600408250000000,,,,939.0,0.0,0.0,1452.0,10.0,,0.0,,0.0,,0.0,,0.0,896.0,11.0,,0.0,,0.0,,0.0,,0.0
2023-04-27 21:00:09.0,1682600409000000000,,,,939.0,0.0,0.0,1129.0,11.0,1452.0,10.0,,0.0,,0.0,,0.0,896.0,11.0,,0.0,,0.0,,0.0,,0.0
2023-04-27 21:00:09.25,1682600409250000000,,,,939.0,0.0,0.0,1126.0,10.0,1128.5,10.0,1129.0,11.0,,0.0,,0.0,896.0,11.0,,0.0,,0.0,,0.0,,0.0
2023-04-27 21:00:09.5,1682600409500000000,,,,939.0,0.0,0.0,1123.0,10.0,1129.0,11.0,,0.0,,0.0,,0.0,896.0,11.0,,0.0,,0.0,,0.0,,0.0
2023-04-27 21:00:09.75,1682600409750000000,,,,939.0,0.0,0.0,1122.5,10.0,1123.0,10.0,1129.0,11.0,,0.0,,0.0,897.5,1.0,896.0,11.0,,0.0,,0.0,,0.0
2023-04-27 21:00:10.0,1682600410000000000,,,,939.0,0.0,0.0,1088.5,11.0,1122.5,10.0,1123.0,10.0,,0.0,,0.0,931.5,11.0,897.5,1.0,,0.0,,0.0,,0.0
2023-04-27 21:00:10.25,1682600410250000000,,,,939.0,0.0,0.0,1085.5,10.0,1088.5,11.0,,0.0,,0.0,,0.0,931.5,11.0,,0.0,,0.0,,0.0,,0.0
2023-04-27 21:00:10.5,1682600410500000000,,,,939.0,0.0,0.0,1085.0,10.0,1085.5,10.0,1088.5,11.0,,0.0,,0.0,931.5,11.0,,0.0,,0.0,,0.0,,0.0
2023-04-27 21:00:10.75,1682600410750000000,,,,939.0,0.0,0.0,1082.0,10.0,1085.0,10.0,1088.5,11.0,,0.0,,0.0,931.5,11.0,,0.0,,0.0,,0.0,,0.0
2023-04-27 21:00:11.0,1682600411000000000,,,,939.0,0.0,0.0,1082.0,10.0,1088.5,11.0,,0.0,,0.0,,0.0,931.5,11.0,,0.0,,0.0,,0.0,,0.0
2023-04-27 21:00:11.25,1682600411250000000,,,,939.0,0.0,0.0,1081.5,10.0,1082.0,10.0,1088.5,11.0,,0.0,,0.0,933.0,1.0,931.5,11.0,,0.0,,0.0,,0.0
2023-04-27 21:00:11.5,1682600411500000000,,,,939.0,0.0,0.0,1078.5,10.0,1081.5,10.0,1088.5,11.0,,0.0,,0.0,933.0,1.0,931.5,11.0,,0.0,,0.0,,0.0
2023-04-27 21:00:11.75,1682600411750000000,,,,939.0,0.0,0.0,1078.5,10.0,1088.5,11.0,,0.0,,0.0,,0.0,933.0,1.0,931.5,11.0,,0.0,,0.0,,0.0
2023-04-27 21:00:12.0,1682600412000000000,,,,939.0,0.0,0.0,1078.0,10.0,1078.5,10.0,1088.5,11.0,,0.0,,0.0,958.0,11.0,933.0,1.0,,0.0,,0.0,,0.0
2023-04-27 21:00:12.25,1682600412250000000,,,,939.0,0.0,0.0,1075.0,10.0,1078.0,10.0,1088.5,11.0,,0.0,,0.0,958.0,11.0,,0.0,,0.0,,0.0,,0.0
2023-04-27 21:00:12.5,1682600412500000000,,,,939.0,0.0,0.0,1041.0,11.0,1075.0,10.0,,0.0,,0.0,,0.0,958.0,11.0,,0.0,,0.0,,0.0,,0.0
2023-04-27 21:00:12.75,1682600412750000000,,,,939.0,0.0,0.0,1038.0,10.0,1040.5,10.0,1041.0,11.0,,0.0,,0.0,958.0,11.0,,0.0,,0.0,,0.0,,0.0
2023-04-27 21:00:13.0,1682600413000000000,,,,939.0,0.0,0.0,1035.0,10.0,1041.0,11.0,,0.0,,0.0,,0.0,958.0,11.0,,0.0,,0.0,,0.0,,0.0
2023-04-27 21:00:13.25,1682600413250000000,,,,939.0,0.0,0.0,1034.5,10.0,1035.0,10.0,1041.0,11.0,,0.0,,0.0,958.0,11.0,,0.0,,0.0,,0.0,,0.0
2023-04-27 21:00:13.5,1682600413500000000,,,,939.0,0.0,0.0,1031.5,10.0,1034.5,10.0,1041.0,11.0,,0.0,,0.0,958.0,11.0,,0.0,,0.0,,0.0,,0.0
2023-04-27 21:00:13.75,1682600413750000000,,,,939.0,0.0,0.0,1031.5,10.0,1041.0,11.0,,0.0,,0.0,,0.0,958.0,11.0,,0.0,,0.0,,0.0,,0.0
2023-04-27 21:00:14.0,1682600414000000000,,,,939.0,0.0,0.0,1031.0,10.0,1031.5,10.0,1041.0,11.0,,0.0,,0.0,958.0,11.0,,0.0,,0.0,,0.0,,0.0
2023-04-27 21:00:14.25,1682600414250000000,,,,939.0,0.0,0.0,1028.0,10.0,1031.0,10.0,1041.0,11.0,,0.0,,0.0,958.0,11.0,,0.0,,0.0,,0.0,,0.0
2023-04-27 21:00:14.5,1682600414500000000,,,,939.0,0.0,0.0,1028.0,10.0,1041.0,11.0,,0.0,,0.0,,0.0,958.0,11.0,,0.0,,0.0,,0.0,,0.0
2023-04-27 21:00:14.75,1682600414750000000,,,,939.0,0.0,0.0,1027.5,10.0,1028.0,10.0,1041.0,11.0,,0.0,,0.0,958.0,11.0,,0.0,,0.0,,0.0,,0.0
2023-04-27 21:00:15.0,1682600415000000000,,,,939.0,0.0,0.0,1019.0,11.0,1024.5,10.0,1027.5,10.0,,0.0,,0.0,958.0,11.0,,0.0,,0.0,,0.0,,0.0
2023-04-27 21:00:15.25,1682600415250000000,,,,939.0,0.0,0.0,1016.0,10.0,1019.0,11.0,,0.0,,0.0,,0.0,958.0,11.0,,0.0,,0.0,,0.0,,0.0
2023-04-27 21:00:15.5,1682600415500000000,,,,939.0,0.0,0.0,1015.5,10.0,1016.0,10.0,1019.0,11.0,,0.0,,0.0,958.0,11.0,,0.0,,0.0,,0.0,,0.0
2023-04-27 21:00:15.75,1682600415750000000,,,,939.0,0.0,0.0,1012.5,10.0,1015.5,10.0,1019.0,11.0,,0.0,,0.0,958.0,11.0,,0.0,,0.0,,0.0,,0.0
2023-04-27 21:00:16.0,1682600416000000000,,,,939.0,0.0,0.0,1012.5,10.0,1019.0,11.0,,0.0,,0.0,,0.0,958.0,11.0,,0.0,,0.0,,0.0,,0.0
2023-04-27 21:00:16.25,1682600416250000000,,,,939.0,0.0,0.0,1012.0,10.0,1012.5,10.0,1019.0,11.0,,0.0,,0.0,958.0,11.0,,0.0,,0.0,,0.0,,0.0
2023-04-27 21:00:16.5,1682600416500000000,,,,939.0,0.0,0.0,1009.0,10.0,1012.0,10.0,1019.0,11.0,,0.0,,0.0,958.0,11.0,,0.0,,0.0,,0.0,,0.0
2023-04-27 21:00:16.75,1682600416750000000,,,,939.0,0.0,0.0,1009.0,10.0,1019.0,11.0,,0.0,,0.0,,0.0,958.0,11.0,,0.0,,0.0,,0.0,,0.0
2023-04-27 21:00:17.0,1682600417000000000,,,,939.0,0.0,0.0,1008.5,10.0,1009.0,10.0,1019.0,11.0,,0.0,,0.0,958.0,11.0,,0.0,,0.0,,0.0,,0.0
2023-04-27 21:00:17.25,1682600417250000000,,,,939.0,0.0,0.0,1005.5,10.0,1008.5,10.0,1019.0,11.0,,0.0,,0.0,958.0,11.0,,0.0,,0.0,,0.0,,0.0
2023-04-27 21:00:17.5,1682600417500000000,,,,939.0,0.0,0.0,1005.5,10.0,1019.0,11.0,,0.0,,0.0,,0.0,958.0,11.0,,0.0,,0.0,,0.0,,0.0
2023-04-27 21:00:17.75,1682600417750000000,,,,939.0,0.0,0.0,1005.0,10.0,1005.5,10.0,1019.0,11.0,,0.0,,0.0,958.0,11.0,,0.0,,0.0,,0.0,,0.0
2023-04-27 21:00:18.0,1682600418000000000,,,,939.0,0.0,0.0,1002.0,10.0,1005.0,10.0,1019.0,11.0,,0.0,,0.0,958.0,11.0,,0.0,,0.0,,0.0,,0.0
2023-04-27 21:00:18.25,1682600418250000000,,,,939.0,0.0,0.0,1002.0,10.0,1019.0,11.0,,0.0,,0.0,,0.0,958.0,11.0,,0.0,,0.0,,0.0,,0.0
2023-04-27 21:00:18.5,1682600418500000000,,,,939.0,0.0,0.0,1001.5,10.0,1002.0,10.0,1019.0,11.0,,0.0,,0.0,958.0,11.0,,0.0,,0.0,,0.0,,0.0
2023-04-27 21:00:18.75,1682600418750000000,,,,939.0,0.0,0.0,998.5,10.0,1001.5,10.0,1019.0,11.0,,0.0,,0.0,958.0,11.0,,0.0,,0.0,,0.0,,0.0
2023-04-27 21:00:19.0,1682600419000000000,,,,939.0,0.0,0.0,998.5,10.0,1019.0,11.0,,0.0,,0.0,,0.0,958.0,11.0,,0.0,,0.0,,0.0,,0.0
2023-04-27 21:00:19.25,1682600419250000000,,,,939.0,0.0,0.0,998.0,10.0,998.5,10.0,1019.0,11.0,,0.0,,0.0,958.0,11.0,,0.0,,0.0,,0.0,,0.0
2023-04-27 21:00:19.75,1682600419750000000,,,,939.0,0.0,0.0,998.0,10.0,1016.0,10.0,1019.0,11.0,,0.0,,0.0,958.0,11.0,,0.0,,0.0,,0.0,,0.0
2023-04-27 21:01:06.5,1682600466500000000,,,,939.0,0.0,0.0,1016.0,10.0,1019.0,11.0,,0.0,,0.0,,0.0,958.0,11.0,,0.0,,0.0,,0.0,,0.0
2023-04-27 21:01:06.75,1682600466750000000,,,,939.0,0.0,0.0,1015.5,10.0,1016.0,10.0,1019.0,11.0,,0.0,,0.0,958.0,11.0,,0.0,,0.0,,0.0,,0.0
2023-04-27 21:01:07.0,1682600467000000000,,,,939.0,0.0,0.0,1012.5,10.0,1015.5,10.0,1019.0,11.0,,0.0,,0.0,958.0,11.0,,0.0,,0.0,,0.0,,0.0
2023-04-27 21:01:07.25,1682600467250000000,,,,939.0,0.0,0.0,1012.5,10.0,1019.0,11.0,,0.0,,0.0,,0.0,958.0,11.0,,0.0,,0.0,,0.0,,0.0
2023-04-27 21:01:07.5,1682600467500000000,,,,939.0,0.0,0.0,1012.0,10.0,1012.5,10.0,1019.0,11.0,,0.0,,0.0,958.0,11.0,,0.0,,0.0,,0.0,,0.0
2023-04-27 21:01:07.75,1682600467750000000,,,,939.0,0.0,0.0,1009.0,10.0,1012.0,10.0,1019.0,11.0,,0.0,,0.0,958.0,11.0,,0.0,,0.0,,0.0,,0.0
2023-04-27 21:01:08.0,1682600468000000000,,,,939.0,0.0,0.0,1009.0,10.0,1019.0,11.0,,0.0,,0.0,,0.0,958.0,11.0,,0.0,,0.0,,0.0,,0.0
2023-04-27 21:01:08.25,1682600468250000000,,,,939.0,0.0,0.0,1008.5,10.0,1009.0,10.0,1019.0,11.0,,0.0,,0.0,958.0,11.0,,0.0,,0.0,,0.0,,0.0
2023-04-27 21:01:08.5,1682600468500000000,,,,939.0,0.0,0.0,1005.5,10.0,1008.5,10.0,1019.0,11.0,,0.0,,0.0,958.0,11.0,,0.0,,0.0,,0.0,,0.0
2023-04-27 21:01:08.75,1682600468750000000,,,,939.0,0.0,0.0,1005.5,10.0,1019.0,11.0,,0.0,,0.0,,0.0,958.0,11.0,,0.0,,0.0,,0.0,,0.0
2023-04-27 21:01:09.0,1682600469000000000,,,,939.0,0.0,0.0,1005.0,10.0,1005.5,10.0,1019.0,11.0,,0.0,,0.0,958.0,11.0,,0.0,,0.0,,0.0,,0.0
2023-04-27 21:01:09.25,1682600469250000000,,,,939.0,0.0,0.0,1005.0,10.0,1016.0,10.0,1019.0,11.0,,0.0,,0.0,958.0,11.0,,0.0,,0.0,,0.0,,0.0
2023-04-27 21:12:07.0,1682601127000000000,,,,939.0,0.0,0.0,987.5,5.0,1005.0,10.0,1016.0,10.0,1019.0,11.0,,0.0,958.0,11.0,,0.0,,0.0,,0.0,,0.0
2023-04-27 21:12:07.25,1682601127250000000,,,,939.0,0.0,0.0,986.5,10.0,987.5,5.0,1019.0,11.0,,0.0,,0.0,958.0,11.0,,0.0,,0.0,,0.0,,0.0
2023-04-27 21:12:10.25,1682601130250000000,,,,939.0,0.0,0.0,987.0,10.0,987.5,5.0,1019.0,11.0,,0.0,,0.0,958.0,11.0,,0.0,,0.0,,0.0,,0.0
2023-04-27 21:12:11.0,1682601131000000000,,,,939.0,0.0,0.0,987.5,15.0,1019.0,11.0,,0.0,,0.0,,0.0,958.0,11.0,,0.0,,0.0,,0.0,,0.0
2023-04-27 21:12:11.25,1682601131250000000,,,,939.0,0.0,0.0,987.5,5.0,1016.0,10.0,1019.0,11.0,,0.0,,0.0,958.0,11.0,,0.0,,0.0,,0.0,,0.0
2023-04-27 21:12:11.75,1682601131750000000,,,,939.0,0.0,0.0,990.5,5.0,1016.0,10.0,1019.0,11.0,,0.0,,0.0,958.0,11.0,,0.0,,0.0,,0.0,,0.0
2023-04-27 21:12:12.0,1682601132000000000,,,,939.0,0.0,0.0,990.0,10.0,990.5,5.0,1019.0,11.0,,0.0,,0.0,958.0,11.0,,0.0,,0.0,,0.0,,0.0
2023-04-27 21:12:13.0,1682601133000000000,,,,939.0,0.0,0.0,989.0,5.0,990.0,10.0,1019.0,11.0,,0.0,,0.0,958.0,11.0,,0.0,,0.0,,0.0,,0.0
2023-04-27 21:12:14.5,1682601134500000000,,,,939.0,0.0,0.0,990.0,10.0,990.5,5.0,1019.0,11.0,,0.0,,0.0,958.0,11.0,,0.0,,0.0,,0.0,,0.0
2023-04-27 21:12:19.0,1682601139000000000,,,,939.0,0.0,0.0,989.0,5.0,990.0,10.0,1019.0,11.0,,0.0,,0.0,958.0,11.0,,0.0,,0.0,,0.0,,0.0
2023-04-27 21:12:19.25,1682601139250000000,,,,939.0,0.0,0.0,988.5,10.0,989.0,5.0,1019.0,11.0,,0.0,,0.0,958.0,11.0,,0.0,,0.0,,0.0,,0.0
2023-04-27 21:12:31.0,1682601151000000000,,,,939.0,0.0,0.0,989.0,15.0,1019.0,11.0,,0.0,,0.0,,0.0,958.0,11.0,,0.0,,0.0,,0.0,,0.0
2023-04-27 21:12:47.5,1682601167500000000,,,,939.0,0.0,0.0,989.0,5.0,1016.0,10.0,1019.0,11.0,,0.0,,0.0,958.0,11.0,,0.0,,0.0,,0.0,,0.0
2023-04-27 21:12:49.25,1682601169250000000,,,,939.0,0.0,0.0,990.5,5.0,1016.0,10.0,1019.0,11.0,,0.0,,0.0,958.0,11.0,,0.0,,0.0,,0.0,,0.0
2023-04-27 21:12:49.5,1682601169500000000,,,,939.0,0.0,0.0,990.0,10.0,990.5,5.0,1019.0,11.0,,0.0,,0.0,958.0,11.0,,0.0,,0.0,,0.0,,0.0
2023-04-27 21:12:53.25,1682601173250000000,,,,939.0,0.0,0.0,990.5,15.0,1019.0,11.0,,0.0,,0.0,,0.0,958.0,11.0,,0.0,,0.0,,0.0,,0.0
2023-04-27 21:12:59.5,1682601179500000000,,,,939.0,0.0,0.0,990.5,5.0,1016.0,10.0,1019.0,11.0,,0.0,,0.0,958.0,11.0,,0.0,,0.0,,0.0,,0.0
2023-04-27 21:13:00.0,1682601180000000000,,,,939.0,0.0,0.0,992.0,5.0,1016.0,10.0,1019.0,11.0,,0.0,,0.0,958.0,11.0,,0.0,,0.0,,0.0,,0.0
2023-04-27 21:13:00.25,1682601180250000000,,,,939.0,0.0,0.0,991.5,10.0,992.0,5.0,1019.0,11.0,,0.0,,0.0,958.0,11.0,,0.0,,0.0,,0.0,,0.0
2023-04-27 21:13:07.5,1682601187500000000,,,,939.0,0.0,0.0,992.0,15.0,1019.0,11.0,,0.0,,0.0,,0.0,958.0,11.0,,0.0,,0.0,,0.0,,0.0
2023-04-27 21:13:08.5,1682601188500000000,,,,939.0,0.0,0.0,992.0,5.0,1016.0,10.0,1019.0,11.0,,0.0,,0.0,958.0,11.0,,0.0,,0.0,,0.0,,0.0
2023-04-27 21:13:09.0,1682601189000000000,,,,939.0,0.0,0.0,993.5,5.0,1016.0,10.0,1019.0,11.0,,0.0,,0.0,958.0,11.0,,0.0,,0.0,,0.0,,0.0
2023-04-27 21:13:15.25,1682601195250000000,,,,939.0,0.0,0.0,995.5,5.0,1016.0,10.0,1019.0,11.0,,0.0,,0.0,958.0,11.0,,0.0,,0.0,,0.0,,0.0
2023-04-27 21:13:15.5,1682601195500000000,,,,939.0,0.0,0.0,995.5,15.0,1019.0,11.0,,0.0,,0.0,,0.0,958.0,11.0,,0.0,,0.0,,0.0,,0.0
2023-04-27 21:13:16.25,1682601196250000000,,,,939.0,0.0,0.0,995.5,5.0,1016.0,10.0,1019.0,11.0,,0.0,,0.0,958.0,11.0,,0.0,,0.0,,0.0,,0.0
2023-04-27 21:13:19.5,1682601199500000000,,,,939.0,0.0,0.0,997.0,5.0,1016.0,10.0,1019.0,11.0,,0.0,,0.0,958.0,11.0,,0.0,,0.0,,0.0,,0.0
2023-04-27 21:13:19.75,1682601199750000000,,,,939.0,0.0,0.0,996.5,10.0,997.0,5.0,1019.0,11.0,,0.0,,0.0,958.0,11.0,,0.0,,0.0,,0.0,,0.0
2023-04-27 21:13:20.25,1682601200250000000,,,,939.0,0.0,0.0,997.0,5.0,1016.0,10.0,1019.0,11.0,,0.0,,0.0,958.0,11.0,,0.0,,0.0,,0.0,,0.0
2023-04-27 21:13:27.75,1682601207750000000,,,,939.0,0.0,0.0,994.5,5.0,1016.0,10.0,1019.0,11.0,,0.0,,0.0,958.0,11.0,,0.0,,0.0,,0.0,,0.0
2023-04-27 21:13:37.25,1682601217250000000,,,,939.0,0.0,0.0,996.0,5.0,1016.0,10.0,1019.0,11.0,,0.0,,0.0,958.0,11.0,,0.0,,0.0,,0.0,,0.0
2023-04-27 21:13:42.0,1682601222000000000,,,,939.0,0.0,0.0,994.5,5.0,1016.0,10.0,1019.0,11.0,,0.0,,0.0,958.0,11.0,,0.0,,0.0,,0.0,,0.0
2023-04-27 21:13:52.0,1682601232000000000,,,,939.0,0.0,0.0,996.0,5.0,1016.0,10.0,1019.0,11.0,,0.0,,0.0,958.0,11.0,,0.0,,0.0,,0.0,,0.0
2023-04-27 21:13:52.25,1682601232250000000,,,,939.0,0.0,0.0,996.0,15.0,1019.0,11.0,,0.0,,0.0,,0.0,958.0,11.0,,0.0,,0.0,,0.0,,0.0
2023-04-27 21:14:00.0,1682601240000000000,,,,939.0,0.0,0.0,994.5,5.0,996.0,10.0,1019.0,11.0,,0.0,,0.0,958.0,11.0,,0.0,,0.0,,0.0,,0.0
2023-04-27 21:14:00.25,1682601240250000000,,,,939.0,0.0,0.0,994.5,15.0,1019.0,11.0,,0.0,,0.0,,0.0,958.0,11.0,,0.0,,0.0,,0.0,,0.0
2023-04-27 21:14:01.0,1682601241000000000,,,,939.0,0.0,0.0,994.5,5.0,1016.0,10.0,1019.0,11.0,,0.0,,0.0,958.0,11.0,,0.0,,0.0,,0.0,,0.0
2023-04-27 21:14:06.0,1682601246000000000,,,,939.0,0.0,0.0,993.0,5.0,1016.0,10.0,1019.0,11.0,,0.0,,0.0,958.0,11.0,,0.0,,0.0,,0.0,,0.0
2023-04-27 21:14:29.0,1682601269000000000,,,,939.0,0.0,0.0,991.5,5.0,1016.0,10.0,1019.0,11.0,,0.0,,0.0,958.0,11.0,,0.0,,0.0,,0.0,,0.0
2023-04-27 21:14:29.25,1682601269250000000,,,,939.0,0.0,0.0,991.0,10.0,991.5,5.0,1019.0,11.0,,0.0,,0.0,958.0,11.0,,0.0,,0.0,,0.0,,0.0
2023-04-27 21:14:29.5,1682601269500000000,,,,939.0,0.0,0.0,991.5,15.0,1019.0,11.0,,0.0,,0.0,,0.0,958.0,11.0,,0.0,,0.0,,0.0,,0.0
2023-04-27 21:14:30.25,1682601270250000000,,,,939.0,0.0,0.0,991.5,5.0,1016.0,10.0,1019.0,11.0,,0.0,,0.0,958.0,11.0,,0.0,,0.0,,0.0,,0.0
2023-04-27 21:14:36.0,1682601276000000000,,,,939.0,0.0,0.0,990.0,5.0,1016.0,10.0,1019.0,11.0,,0.0,,0.0,958.0,11.0,,0.0,,0.0,,0.0,,0.0
2023-04-27 21:14:57.5,1682601297500000000,,,,939.0,0.0,0.0,988.0,5.0,1016.0,10.0,1019.0,11.0,,0.0,,0.0,958.0,11.0,,0.0,,0.0,,0.0,,0.0
2023-04-27 21:15:00.5,1682601300500000000,,,,939.0,0.0,0.0,989.5,5.0,1016.0,10.0,1019.0,11.0,,0.0,,0.0,958.0,11.0,,0.0,,0.0,,0.0,,0.0
2023-04-27 21:15:17.75,1682601317750000000,,,,939.0,0.0,0.0,991.0,5.0,1016.0,10.0,1019.0,11.0,,0.0,,0.0,958.0,11.0,,0.0,,0.0,,0.0,,0.0
2023-04-27 21:15:19.25,1682601319250000000,,,,939.0,0.0,0.0,992.5,5.0,1016.0,10.0,1019.0,11.0,,0.0,,0.0,958.0,11.0,,0.0,,0.0,,0.0,,0.0
2023-04-27 21:15:26.25,1682601326250000000,,,,939.0,0.0,0.0,991.0,5.0,1016.0,10.0,1019.0,11.0,,0.0,,0.0,958.0,11.0,,0.0,,0.0,,0.0,,0.0
2023-04-27 21:15:33.0,1682601333000000000,,,,939.0,0.0,0.0,992.5,5.0,1016.0,10.0,1019.0,11.0,,0.0,,0.0,958.0,11.0,,0.0,,0.0,,0.0,,0.0
2023-04-27 21:15:34.25,1682601334250000000,,,,939.0,0.0,0.0,994.0,5.0,1016.0,10.0,1019.0,11.0,,0.0,,0.0,958.0,11.0,,0.0,,0.0,,0.0,,0.0
2023-04-27 21:16:26.5,1682601386500000000,994.0,994.0,994.0,939.0,5.0,49700.0,1016.0,10.0,1019.0,11.0,,0.0,,0.0,,0.0,958.0,11.0,,0.0,,0.0,,0.0,,0.0
2023-04-27 21:16:26.75,1682601386750000000,994.0,994.0,994.0,939.0,5.0,49700.0,1015.5,11.0,1016.0,10.0,1019.0,11.0,,0.0,,0.0,958.5,1.0,958.0,11.0,,0.0,,0.0,,0.0
2023-04-27 21:16:27.0,1682601387000000000,994.0,994.0,994.0,939.0,5.0,49700.0,1012.5,10.0,1015.5,11.0,1019.0,11.0,,0.0,,0.0,958.5,1.0,958.0,11.0,,0.0,,0.0,,0.0
2023-04-27 21:16:27.25,1682601387250000000,994.0,994.0,994.0,939.0,5.0,49700.0,1012.5,10.0,1015.5,1.0,1019.0,11.0,,0.0,,0.0,958.5,1.0,958.0,11.0,,0.0,,0.0,,0.0
2023-04-27 21:16:27.5,1682601387500000000,994.0,994.0,994.0,939.0,5.0,49700.0,1012.0,10.0,1012.5,10.0,1015.5,1.0,1019.0,11.0,,0.0,958.5,1.0,958.0,11.0,,0.0,,0.0,,0.0
2023-04-27 21:16:27.75,1682601387750000000,994.0,994.0,994.0,939.0,5.0,49700.0,1009.0,10.0,1012.0,10.0,1015.5,1.0,1019.0,11.0,,0.0,958.5,1.0,958.0,11.0,,0.0,,0.0,,0.0
2023-04-27 21:16:28.0,1682601388000000000,994.0,994.0,994.0,939.0,5.0,49700.0,1009.0,10.0,1015.5,1.0,1019.0,11.0,,0.0,,0.0,958.5,1.0,958.0,11.0,,0.0,,0.0,,0.0
2023-04-27 21:16:28.25,1682601388250000000,994.0,994.0,994.0,939.0,5.0,49700.0,1008.5,10.0,1009.0,10.0,1015.5,1.0,1019.0,11.0,,0.0,958.5,1.0,958.0,11.0,,0.0,,0.0,,0.0
2023-04-27 21:16:28.5,1682601388500000000,994.0,994.0,994.0,939.0,5.0,49700.0,1005.5,10.0,1008.5,10.0,1015.5,1.0,1019.0,11.0,,0.0,958.5,1.0,958.0,11.0,,0.0,,0.0,,0.0
2023-04-27 21:16:28.75,1682601388750000000,994.0,994.0,994.0,939.0,5.0,49700.0,1005.5,10.0,1015.5,1.0,1019.0,11.0,,0.0,,0.0,958.5,1.0,958.0,11.0,,0.0,,0.0,,0.0
2023-04-27 21:16:29.0,1682601389000000000,994.0,994.0,994.0,939.0,5.0,49700.0,1005.0,10.0,1005.5,10.0,1015.5,1.0,1019.0,11.0,,0.0,958.5,1.0,958.0,11.0,,0.0,,0.0,,0.0
2023-04-27 21:16:29.25,1682601389250000000,994.0,994.0,994.0,939.0,5.0,49700.0,1002.0,10.0,1005.0,10.0,1015.5,1.0,1019.0,11.0,,0.0,958.5,1.0,958.0,11.0,,0.0,,0.0,,0.0
2023-04-27 21:16:29.5,1682601389500000000,994.0,994.0,994.0,939.0,5.0,49700.0,1002.0,10.0,1015.5,1.0,1019.0,11.0,,0.0,,0.0,958.5,1.0,958.0,11.0,,0.0,,0.0,,0.0
2023-04-27 21:16:29.75,1682601389750000000,994.0,994.0,994.0,939.0,5.0,49700.0,1002.0,20.0,1015.5,1.0,1019.0,11.0,,0.0,,0.0,958.5,1.0,958.0,11.0,,0.0,,0.0,,0.0
2023-04-27 21:16:54.25,1682601414250000000,994.0,994.0,994.0,939.0,5.0,49700.0,993.5,5.0,1002.0,20.0,1015.5,1.0,1019.0,11.0,,0.0,958.5,1.0,958.0,11.0,,0.0,,0.0,,0.0
2023-04-27 21:16:54.5,1682601414500000000,994.0,994.0,994.0,939.0,5.0,49700.0,993.5,5.0,1002.0,10.0,1015.5,1.0,1019.0,11.0,,0.0,958.5,1.0,958.0,11.0,,0.0,,0.0,,0.0
2023-04-27 21:17:00.5,1682601420500000000,994.0,994.0,994.0,939.0,5.0,49700.0,992.0,5.0,1002.0,10.0,1015.5,1.0,1019.0,11.0,,0.0,958.5,1.0,958.0,11.0,,0.0,,0.0,,0.0
2023-04-27 21:17:20.5,1682601440500000000,994.0,994.0,994.0,939.0,5.0,49700.0,990.5,5.0,1002.0,10.0,1015.5,1.0,1019.0,11.0,,0.0,958.5,1.0,958.0,11.0,,0.0,,0.0,,0.0
2023-04-27 21:17:20.75,1682601440750000000,994.0,994.0,994.0,939.0,5.0,49700.0,990.0,10.0,990.5,5.0,1015.5,1.0,1019.0,11.0,,0.0,958.5,1.0,958.0,11.0,,0.0,,0.0,,0.0
2023-04-27 21:17:24.75,1682601444750000000,994.0,994.0,994.0,939.0,5.0,49700.0,990.5,15.0,1015.5,1.0,1019.0,11.0,,0.0,,0.0,958.5,1.0,958.0,11.0,,0.0,,0.0,,0.0
2023-04-27 21:17:43.75,1682601463750000000,994.0,994.0,994.0,939.0,5.0,49700.0,989.0,5.0,990.5,10.0,1015.5,1.0,1019.0,11.0,,0.0,958.5,1.0,958.0,11.0,,0.0,,0.0,,0.0
2023-04-27 21:17:44.0,1682601464000000000,994.0,994.0,994.0,939.0,5.0,49700.0,988.0,10.0,989.0,5.0,1015.5,1.0,1019.0,11.0,,0.0,958.5,1.0,958.0,11.0,,0.0,,0.0,,0.0
2023-04-27 21:17:45.5,1682601465500000000,994.0,994.0,994.0,939.0,5.0,49700.0,988.5,10.0,989.0,5.0,1015.5,1.0,1019.0,11.0,,0.0,958.5,1.0,958.0,11.0,,0.0,,0.0,,0.0
2023-04-27 21:17:56.25,1682601476250000000,994.0,994.0,994.0,939.0,5.0,49700.0,986.5,5.0,988.5,10.0,1015.5,1.0,1019.0,11.0,,0.0,958.5,1.0,958.0,11.0,,0.0,,0.0,,0.0
2023-04-27 21:17:56.5,1682601476500000000,994.0,994.0,994.0,939.0,5.0,49700.0,984.0,10.0,984.5,5.0,1015.5,1.0,1019.0,11.0,,0.0,958.5,1.0,958.0,11.0,,0.0,,0.0,,0.0
2023-04-27 21:17:57.75,1682601477750000000,994.0,994.0,994.0,939.0,5.0,49700.0,984.5,15.0,1015.5,1.0,1019.0,11.0,,0.0,,0.0,958.5,1.0,958.0,11.0,,0.0,,0.0,,0.0
2023-04-27 21:17:58.0,1682601478000000000,994.0,994.0,994.0,939.0,5.0,49700.0,984.5,5.0,1012.5,10.0,1015.5,1.0,1019.0,11.0,,0.0,958.5,1.0,958.0,11.0,,0.0,,0.0,,0.0
2023-04-27 21:17:58.25,1682601478250000000,994.0,994.0,994.0,939.0,5.0,49700.0,986.0,5.0,1012.5,10.0,1015.5,1.0,1019.0,11.0,,0.0,958.5,1.0,958.0,11.0,,0.0,,0.0,,0.0
2023-04-27 21:17:58.5,1682601478500000000,994.0,994.0,994.0,939.0,5.0,49700.0,985.0,10.0,986.0,5.0,1015.5,1.0,1019.0,11.0,,0.0,958.5,1.0,958.0,11.0,,0.0,,0.0,,0.0
2023-04-27 21:18:01.25,1682601481250000000,994.0,994.0,994.0,939.0,5.0,49700.0,984.5,5.0,985.0,10.0,1015.5,1.0,1019.0,11.0,,0.0,958.5,1.0,958.0,11.0,,0.0,,0.0,,0.0
2023-04-27 21:18:01.5,1682601481500000000,994.0,994.0,994.0,939.0,5.0,49700.0,984.0,10.0,984.5,5.0,1015.5,1.0,1019.0,11.0,,0.0,958.5,1.0,958.0,11.0,,0.0,,0.0,,0.0
2023-04-27 21:18:01.75,1682601481750000000,994.0,994.0,994.0,939.0,5.0,49700.0,984.5,15.0,1015.5,1.0,1019.0,11.0,,0.0,,0.0,958.5,1.0,958.0,11.0,,0.0,,0.0,,0.0
2023-04-27 21:18:05.5,1682601485500000000,994.0,994.0,994.0,939.0,5.0,49700.0,986.0,5.0,1012.5,10.0,1015.5,1.0,1019.0,11.0,,0.0,958.5,1.0,958.0,11.0,,0.0,,0.0,,0.0
2023-04-27 21:18:05.75,1682601485750000000,994.0,994.0,994.0,939.0,5.0,49700.0,985.5,10.0,986.0,5.0,1015.5,1.0,1019.0,11.0,,0.0,958.5,1.0,958.0,11.0,,0.0,,0.0,,0.0
2023-04-27 21:18:09.0,1682601489000000000,994.0,994.0,994.0,939.0,5.0,49700.0,986.0,15.0,1015.5,1.0,1019.0,11.0,,0.0,,0.0,958.5,1.0,958.0,11.0,,0.0,,0.0,,0.0
2023-04-27 21:18:10.75,1682601490750000000,994.0,994.0,994.0,939.0,5.0,49700.0,986.0,5.0,1012.5,10.0,1015.5,1.0,1019.0,11.0,,0.0,958.5,1.0,958.0,11.0,,0.0,,0.0,,0.0
2023-04-27 21:18:13.25,1682601493250000000,994.0,994.0,994.0,939.0,5.0,49700.0,984.5,5.0,1012.5,10.0,1015.5,1.0,1019.0,11.0,,0.0,958.5,1.0,958.0,11.0,,0.0,,0.0,,0.0
2023-04-27 21:18:13.5,1682601493500000000,994.0,994.0,994.0,939.0,5.0,49700.0,984.5,15.0,1015.5,1.0,1019.0,11.0,,0.0,,0.0,958.5,1.0,958.0,11.0,,0.0,,0.0,,0.0
2023-04-27 21:18:31.75,1682601511750000000,994.0,994.0,994.0,939.0,5.0,49700.0,984.5,5.0,1012.5,10.0,1015.5,1.0,1019.0,11.0,,0.0,958.5,1.0,958.0,11.0,,0.0,,0.0,,0.0
2023-04-27 21:18:32.0,1682601512000000000,994.0,994.0,994.0,939.0,5.0,49700.0,987.0,5.0,1012.5,10.0,1015.5,1.0,1019.0,11.0,,0.0,958.5,1.0,958.0,11.0,,0.0,,0.0,,0.0
2023-04-27 21:18:32.25,1682601512250000000,994.0,994.0,994.0,939.0,5.0,49700.0,986.0,10.0,987.0,5.0,1015.5,1.0,1019.0,11.0,,0.0,958.5,1.0,958.0,11.0,,0.0,,0.0,,0.0
2023-04-27 21:18:33.0,1682601513000000000,994.0,994.0,994.0,939.0,5.0,49700.0,986.5,10.0,987.0,5.0,1015.5,1.0,1019.0,11.0,,0.0,958.5,1.0,958.0,11.0,,0.0,,0.0,,0.0
2023-04-27 21:18:35.5,1682601515500000000,994.0,994.0,994.0,939.0,5.0,49700.0,985.5,5.0,986.5,10.0,1015.5,1.0,1019.0,11.0,,0.0,958.5,1.0,958.0,11.0,,0.0,,0.0,,0.0
2023-04-27 21:18:36.25,1682601516250000000,994.0,994.0,994.0,939.0,5.0,49700.0,987.0,5.0,1012.5,10.0,1015.5,1.0,1019.0,11.0,,0.0,958.5,1.0,958.0,11.0,,0.0,,0.0,,0.0
2023-04-27 21:18:55.75,1682601535750000000,994.0,994.0,994.0,939.0,5.0,49700.0,989.0,5.0,1012.5,10.0,1015.5,1.0,1019.0,11.0,,0.0,958.5,1.0,958.0,11.0,,0.0,,0.0,,0.0
2023-04-27 21:19:27.75,1682601567750000000,994.0,994.0,994.0,939.0,5.0,49700.0,990.5,5.0,1012.5,10.0,1015.5,1.0,1019.0,11.0,,0.0,958.5,1.0,958.0,11.0,,0.0,,0.0,,0.0
2023-04-27 21:19:32.75,1682601572750000000,994.0,994.0,994.0,939.0,5.0,49700.0,989.0,5.0,1012.5,10.0,1015.5,1.0,1019.0,11.0,,0.0,958.5,1.0,958.0,11.0,,0.0,,0.0,,0.0
2023-04-27 21:19:36.0,1682601576000000000,994.0,994.0,994.0,939.0,5.0,49700.0,990.5,5.0,1012.5,10.0,1015.5,1.0,1019.0,11.0,,0.0,958.5,1.0,958.0,11.0,,0.0,,0.0,,0.0
2023-04-27 21:19:36.25,1682601576250000000,994.0,994.0,994.0,939.0,5.0,49700.0,990.0,10.0,990.5,5.0,1015.5,1.0,1019.0,11.0,,0.0,958.5,1.0,958.0,11.0,,0.0,,0.0,,0.0
2023-04-27 21:19:37.5,1682601577500000000,994.0,994.0,994.0,939.0,5.0,49700.0,989.0,5.0,990.0,10.0,1015.5,1.0,1019.0,11.0,,0.0,958.5,1.0,958.0,11.0,,0.0,,0.0,,0.0
2023-04-27 21:19:38.0,1682601578000000000,994.0,994.0,994.0,939.0,5.0,49700.0,990.5,5.0,1012.5,10.0,1015.5,1.0,1019.0,11.0,,0.0,958.5,1.0,958.0,11.0,,0.0,,0.0,,0.0
2023-04-27 21:19:46.75,1682601586750000000,994.0,994.0,994.0,939.0,5.0,49700.0,992.0,5.0,1012.5,10.0,1015.5,1.0,1019.0,11.0,,0.0,958.5,1.0,958.0,11.0,,0.0,,0.0,,0.0
2023-04-27 21:20:00.75,1682601600750000000,994.0,994.0,994.0,939.0,5.0,49700.0,993.5,5.0,1012.5,10.0,1015.5,1.0,1019.0,11.0,,0.0,958.5,1.0,958.0,11.0,,0.0,,0.0,,0.0
2023-04-27 21:20:09.75,1682601609750000000,994.0,994.0,994.0,939.0,5.0,49700.0,992.0,5.0,1012.5,10.0,1015.5,1.0,1019.0,11.0,,0.0,958.5,1.0,958.0,11.0,,0.0,,0.0,,0.0
2023-04-27 21:20:37.0,1682601637000000000,994.0,994.0,994.0,939.0,5.0,49700.0,990.5,5.0,1012.5,10.0,1015.5,1.0,1019.0,11.0,,0.0,958.5,1.0,958.0,11.0,,0.0,,0.0,,0.0
2023-04-27 21:21:11.0,1682601671000000000,994.0,994.0,994.0,939.0,5.0,49700.0,989.0,5.0,1012.5,10.0,1015.5,1.0,1019.0,11.0,,0.0,958.5,1.0,958.0,11.0,,0.0,,0.0,,0.0
2023-04-27 21:21:20.0,1682601680000000000,994.0,994.0,994.0,939.0,5.0,49700.0,987.5,5.0,1012.5,10.0,1015.5,1.0,1019.0,11.0,,0.0,958.5,1.0,958.0,11.0,,0.0,,0.0,,0.0
2023-04-27 21:21:24.5,1682601684500000000,994.0,994.0,994.0,939.0,5.0,49700.0,986.0,5.0,1012.5,10.0,1015.5,1.0,1019.0,11.0,,0.0,958.5,1.0,958.0,11.0,,0.0,,0.0,,0.0
2023-04-27 21:21:24.75,1682601684750000000,994.0,994.0,994.0,939.0,5.0,49700.0,985.5,10.0,986.0,5.0,1015.5,1.0,1019.0,11.0,,0.0,958.5,1.0,958.0,11.0,,0.0,,0.0,,0.0
2023-04-27 21:21:29.75,1682601689750000000,994.0,994.0,994.0,939.0,5.0,49700.0,986.0,15.0,1015.5,1.0,1019.0,11.0,,0.0,,0.0,958.5,1.0,958.0,11.0,,0.0,,0.0,,0.0
2023-04-27 21:21:37.0,1682601697000000000,994.0,994.0,994.0,939.0,5.0,49700.0,986.0,5.0,1012.5,10.0,1015.5,1.0,1019.0,11.0,,0.0,958.5,1.0,958.0,11.0,,0.0,,0.0,,0.0
2023-04-27 21:21:55.0,1682601715000000000,994.0,994.0,994.0,939.0,5.0,49700.0,987.5,5.0,1012.5,10.0,1015.5,1.0,1019.0,11.0,,0.0,958.5,1.0,958.0,11.0,,0.0,,0.0,,0.0
2023-04-27 21:22:14.5,1682601734500000000,994.0,994.0,994.0,939.0,5.0,49700.0,989.0,5.0,1012.5,10.0,1015.5,1.0,1019.0,11.0,,0.0,958.5,1.0,958.0,11.0,,0.0,,0.0,,0.0
2023-04-27 21:22:14.75,1682601734750000000,994.0,994.0,994.0,939.0,5.0,49700.0,988.5,10.0,989.0,5.0,1015.5,1.0,1019.0,11.0,,0.0,958.5,1.0,958.0,11.0,,0.0,,0.0,,0.0
2023-04-27 21:22:16.75,1682601736750000000,994.0,994.0,994.0,939.0,5.0,49700.0,989.0,5.0,1012.5,10.0,1015.5,1.0,1019.0,11.0,,0.0,958.5,1.0,958.0,11.0,,0.0,,0.0,,0.0
2023-04-27 21:22:40.5,1682601760500000000,994.0,994.0,994.0,939.0,5.0,49700.0,990.5,5.0,1012.5,10.0,1015.5,1.0,1019.0,11.0,,0.0,958.5,1.0,958.0,11.0,,0.0,,0.0,,0.0
2023-04-27 21:22:46.0,1682601766000000000,994.0,994.0,994.0,939.0,5.0,49700.0,989.0,5.0,1012.5,10.0,1015.5,1.0,1019.0,11.0,,0.0,958.5,1.0,958.0,11.0,,0.0,,0.0,,0.0
2023-04-27 21:22:52.25,1682601772250000000,994.0,994.0,994.0,939.0,5.0,49700.0,990.5,5.0,1012.5,10.0,1015.5,1.0,1019.0,11.0,,0.0,958.5,1.0,958.0,11.0,,0.0,,0.0,,0.0
2023-04-27 21:23:18.5,1682601798500000000,994.0,994.0,994.0,939.0,5.0,49700.0,989.0,5.0,1012.5,10.0,1015.5,1.0,1019.0,11.0,,0.0,958.5,1.0,958.0,11.0,,0.0,,0.0,,0.0
2023-04-27 21:23:23.0,1682601803000000000,994.0,994.0,994.0,939.0,5.0,49700.0,987.5,5.0,1012.5,10.0,1015.5,1.0,1019.0,11.0,,0.0,958.5,1.0,958.0,11.0,,0.0,,0.0,,0.0
2023-04-27 21:24:00.75,1682601840750000000,994.0,994.0,994.0,939.0,5.0,49700.0,986.0,5.0,1012.5,10.0,1015.5,1.0,1019.0,11.0,,0.0,958.5,1.0,958.0,11.0,,0.0,,0.0,,0.0
2023-04-27 21:24:01.0,1682601841000000000,994.0,994.0,994.0,939.0,5.0,49700.0,985.0,10.0,986.0,5.0,1015.5,1.0,1019.0,11.0,,0.0,958.5,1.0,958.0,11.0,,0.0,,0.0,,0.0
2023-04-27 21:24:02.75,1682601842750000000,994.0,994.0,994.0,939.0,5.0,49700.0,983.0,5.0,985.0,10.0,1015.5,1.0,1019.0,11.0,,0.0,958.5,1.0,958.0,11.0,,0.0,,0.0,,0.0
2023-04-27 21:24:03.0,1682601843000000000,994.0,994.0,994.0,939.0,5.0,49700.0,982.5,10.0,983.0,5.0,1015.5,1.0,1019.0,11.0,,0.0,958.5,1.0,958.0,11.0,,0.0,,0.0,,0.0
2023-04-27 21:24:06.75,1682601846750000000,994.0,994.0,994.0,939.0,5.0,49700.0,983.0,15.0,1015.5,1.0,1019.0,11.0,,0.0,,0.0,958.5,1.0,958.0,11.0,,0.0,,0.0,,0.0
2023-04-27 21:24:12.5,1682601852500000000,994.0,994.0,994.0,939.0,5.0,49700.0,983.0,5.0,1012.5,10.0,1015.5,1.0,1019.0,11.0,,0.0,958.5,1.0,958.0,11.0,,0.0,,0.0,,0.0
2023-04-27 21:24:12.75,1682601852750000000,994.0,994.0,994.0,939.0,5.0,49700.0,984.5,5.0,1012.5,10.0,1015.5,1.0,1019.0,11.0,,0.0,958.5,1.0,958.0,11.0,,0.0,,0.0,,0.0
2023-04-27 21:24:13.0,1682601853000000000,994.0,994.0,994.0,939.0,5.0,49700.0,984.0,10.0,984.5,5.0,1015.5,1.0,1019.0,11.0,,0.0,958.5,1.0,958.0,11.0,,0.0,,0.0,,0.0
2023-04-27 21:24:14.5,1682601854500000000,994.0,994.0,994.0,939.0,5.0,49700.0,984.5,15.0,1015.5,1.0,1019.0,11.0,,0.0,,0.0,958.5,1.0,958.0,11.0,,0.0,,0.0,,0.0
2023-04-27 21:24:20.25,1682601860250000000,994.0,994.0,994.0,939.0,5.0,49700.0,983.0,5.0,984.5,10.0,1015.5,1.0,1019.0,11.0,,0.0,958.5,1.0,958.0,11.0,,0.0,,0.0,,0.0
2023-04-27 21:24:25.75,1682601865750000000,994.0,994.0,994.0,939.0,5.0,49700.0,983.0,5.0,984.5,10.0,1015.5,1.0,1019.0,11.0,,0.0,970.0,30.0,958.5,1.0,958.0,11.0,,0.0,,0.0
2023-04-27 21:24:26.0,1682601866000000000,994.0,994.0,994.0,939.0,5.0,49700.0,982.5,10.0,983.0,5.0,1015.5,1.0,1019.0,11.0,,0.0,970.0,30.0,958.5,1.0,958.0,11.0,,0.0,,0.0
2023-04-27 21:24:30.25,1682601870250000000,994.0,994.0,994.0,939.0,5.0,49700.0,983.0,15.0,1015.5,1.0,1019.0,11.0,,0.0,,0.0,970.0,30.0,958.5,1.0,958.0,11.0,,0.0,,0.0
2023-04-27 21:24:36.75,1682601876750000000,994.0,994.0,994.0,939.0,5.0,49700.0,983.0,5.0,1012.5,10.0,1015.5,1.0,1019.0,11.0,,0.0,970.0,30.0,958.5,1.0,958.0,11.0,,0.0,,0.0
2023-04-27 21:24:38.25,1682601878250000000,994.0,994.0,994.0,939.0,5.0,49700.0,984.5,5.0,1012.5,10.0,1015.5,1.0,1019.0,11.0,,0.0,970.0,30.0,958.5,1.0,958.0,11.0,,0.0,,0.0
2023-04-27 21:24:38.5,1682601878500000000,994.0,994.0,994.0,939.0,5.0,49700.0,984.0,10.0,984.5,5.0,1015.5,1.0,1019.0,11.0,,0.0,970.0,30.0,958.5,1.0,958.0,11.0,,0.0,,0.0
2023-04-27 21:24:49.75,1682601889750000000,994.0,994.0,994.0,939.0,5.0,49700.0,982.5,5.0,984.0,10.0,1015.5,1.0,1019.0,11.0,,0.0,970.0,30.0,958.5,1.0,958.0,11.0,,0.0,,0.0
2023-04-27 21:24:57.25,1682601897250000000,994.0,994.0,994.0,939.0,5.0,49700.0,981.0,5.0,984.0,10.0,1015.5,1.0,1019.0,11.0,,0.0,970.0,30.0,958.5,1.0,958.0,11.0,,0.0,,0.0
2023-04-27 21:24:57.5,1682601897500000000,994.0,994.0,994.0,939.0,5.0,49700.0,980.5,10.0,981.0,5.0,1015.5,1.0,1019.0,11.0,,0.0,970.0,30.0,958.5,1.0,958.0,11.0,,0.0,,0.0
2023-04-27 21:24:57.75,1682601897750000000,994.0,994.0,994.0,939.0,5.0,49700.0,981.0,15.0,1015.5,1.0,1019.0,11.0,,0.0,,0.0,970.0,30.0,958.5,1.0,958.0,11.0,,0.0,,0.0
2023-04-27 21:25:00.0,1682601900000000000,994.0,994.0,994.0,939.0,5.0,49700.0,981.0,5.0,1012.5,10.0,1015.5,1.0,1019.0,11.0,,0.0,970.0,30.0,958.5,1.0,958.0,11.0,,0.0,,0.0
2023-04-27 21:25:08.25,1682601908250000000,994.0,994.0,994.0,939.0,5.0,49700.0,982.5,5.0,1012.5,10.0,1015.5,1.0,1019.0,11.0,,0.0,970.0,30.0,958.5,1.0,958.0,11.0,,0.0,,0.0
2023-04-27 21:25:15.75,1682601915750000000,994.0,994.0,994.0,939.0,5.0,49700.0,984.0,5.0,1012.5,10.0,1015.5,1.0,1019.0,11.0,,0.0,970.0,30.0,958.5,1.0,958.0,11.0,,0.0,,0.0
2023-04-27 21:25:18.75,1682601918750000000,994.0,994.0,994.0,939.0,5.0,49700.0,985.5,5.0,1012.5,10.0,1015.5,1.0,1019.0,11.0,,0.0,970.0,30.0,958.5,1.0,958.0,11.0,,0.0,,0.0
2023-04-27 21:25:43.25,1682601943250000000,994.0,994.0,994.0,939.0,5.0,49700.0,984.0,5.0,1012.5,10.0,1015.5,1.0,1019.0,11.0,,0.0,970.0,30.0,958.5,1.0,958.0,11.0,,0.0,,0.0
2023-04-27 21:25:53.0,1682601953000000000,994.0,994.0,994.0,939.0,5.0,49700.0,985.5,5.0,1012.5,10.0,1015.5,1.0,1019.0,11.0,,0.0,970.0,30.0,958.5,1.0,958.0,11.0,,0.0,,0.0
2023-04-27 21:26:08.5,1682601968500000000,994.0,994.0,994.0,939.0,5.0,49700.0,984.0,5.0,1012.5,10.0,1015.5,1.0,1019.0,11.0,,0.0,970.0,30.0,958.5,1.0,958.0,11.0,,0.0,,0.0
2023-04-27 21:26:38.5,1682601998500000000,994.0,994.0,994.0,939.0,5.0,49700.0,982.5,5.0,1012.5,10.0,1015.5,1.0,1019.0,11.0,,0.0,970.0,30.0,958.5,1.0,958.0,11.0,,0.0,,0.0
2023-04-27 21:27:37.5,1682602057500000000,994.0,994.0,994.0,939.0,5.0,49700.0,984.0,5.0,1012.5,10.0,1015.5,1.0,1019.0,11.0,,0.0,970.0,30.0,958.5,1.0,958.0,11.0,,0.0,,0.0
2023-04-27 21:28:12.0,1682602092000000000,994.0,994.0,994.0,939.0,5.0,49700.0,985.5,5.0,1012.5,10.0,1015.5,1.0,1019.0,11.0,,0.0,970.0,30.0,958.5,1.0,958.0,11.0,,0.0,,0.0
2023-04-27 21:28:15.5,1682602095500000000,994.0,994.0,994.0,939.0,5.0,49700.0,987.0,5.0,1012.5,10.0,1015.5,1.0,1019.0,11.0,,0.0,970.0,30.0,958.5,1.0,958.0,11.0,,0.0,,0.0
2023-04-27 21:28:16.75,1682602096750000000,994.0,994.0,994.0,939.0,5.0,49700.0,988.5,5.0,1012.5,10.0,1015.5,1.0,1019.0,11.0,,0.0,970.0,30.0,958.5,1.0,958.0,11.0,,0.0,,0.0
2023-04-27 21:28:21.0,1682602101000000000,994.0,994.0,994.0,939.0,5.0,49700.0,990.0,5.0,1012.5,10.0,1015.5,1.0,1019.0,11.0,,0.0,970.0,30.0,958.5,1.0,958.0,11.0,,0.0,,0.0
2023-04-27 21:28:49.25,1682602129250000000,994.0,994.0,994.0,939.0,5.0,49700.0,988.5,5.0,1012.5,10.0,1015.5,1.0,1019.0,11.0,,0.0,970.0,30.0,958.5,1.0,958.0,11.0,,0.0,,0.0
2023-04-27 21:29:25.5,1682602165500000000,994.0,994.0,994.0,939.0,5.0,49700.0,990.0,5.0,1012.5,10.0,1015.5,1.0,1019.0,11.0,,0.0,970.0,30.0,958.5,1.0,958.0,11.0,,0.0,,0.0
2023-04-27 21:29:44.0,1682602184000000000,994.0,994.0,994.0,939.0,5.0,49700.0,988.5,5.0,1012.5,10.0,1015.5,1.0,1019.0,11.0,,0.0,970.0,30.0,958.5,1.0,958.0,11.0,,0.0,,0.0
2023-04-27 21:30:05.25,1682602205250000000,994.0,994.0,994.0,939.0,5.0,49700.0,990.0,5.0,1012.5,10.0,1015.5,1.0,1019.0,11.0,,0.0,970.0,30.0,958.5,1.0,958.0,11.0,,0.0,,0.0
2023-04-27 21:30:56.0,1682602256000000000,994.0,994.0,994.0,939.0,5.0,49700.0,988.5,5.0,1012.5,10.0,1015.5,1.0,1019.0,11.0,,0.0,970.0,30.0,958.5,1.0,958.0,11.0,,0.0,,0.0
2023-04-27 21:31:13.5,1682602273500000000,994.0,994.0,994.0,939.0,5.0,49700.0,987.0,5.0,1012.5,10.0,1015.5,1.0,1019.0,11.0,,0.0,970.0,30.0,958.5,1.0,958.0,11.0,,0.0,,0.0
2023-04-27 21:31:29.75,1682602289750000000,994.0,994.0,994.0,939.0,5.0,49700.0,988.5,5.0,1012.5,10.0,1015.5,1.0,1019.0,11.0,,0.0,970.0,30.0,958.5,1.0,958.0,11.0,,0.0,,0.0
2023-04-27 21:31:30.0,1682602290000000000,994.0,994.0,994.0,939.0,5.0,49700.0,988.0,10.0,988.5,5.0,1015.5,1.0,1019.0,11.0,,0.0,970.0,30.0,958.5,1.0,958.0,11.0,,0.0,,0.0
2023-04-27 21:31:30.5,1682602290500000000,994.0,994.0,994.0,939.0,5.0,49700.0,988.5,15.0,1015.5,1.0,1019.0,11.0,,0.0,,0.0,970.0,30.0,958.5,1.0,958.0,11.0,,0.0,,0.0
2023-04-27 21:31:32.25,1682602292250000000,994.0,994.0,994.0,939.0,5.0,49700.0,988.5,5.0,1012.5,10.0,1015.5,1.0,1019.0,11.0,,0.0,970.0,30.0,958.5,1.0,958.0,11.0,,0.0,,0.0
2023-04-27 21:31:39.5,1682602299500000000,994.0,994.0,994.0,939.0,5.0,49700.0,990.0,5.0,1012.5,10.0,1015.5,1.0,1019.0,11.0,,0.0,970.0,30.0,958.5,1.0,958.0,11.0,,0.0,,0.0
2023-04-27 21:32:12.0,1682602332000000000,994.0,994.0,994.0,939.0,5.0,49700.0,994.0,5.0,1012.5,10.0,1015.5,1.0,1019.0,11.0,,0.0,970.0,30.0,958.5,1.0,958.0,11.0,,0.0,,0.0
2023-04-27 21:32:12.25,1682602332250000000,994.0,994.0,994.0,939.0,5.0,49700.0,1012.5,10.0,1015.5,1.0,1019.0,11.0,,0.0,,0.0,970.0,30.0,958.5,1.0,958.0,11.0,,0.0,,0.0
2023-04-27 21:32:53.75,1682602373750000000,994.0,994.0,994.0,939.0,5.0,49700.0,995.5,5.0,1012.5,10.0,1015.5,1.0,1019.0,11.0,,0.0,970.0,30.0,958.5,1.0,958.0,11.0,,0.0,,0.0
2023-04-27 21:32:58.75,1682602378750000000,994.0,994.0,994.0,939.0,5.0,49700.0,997.0,5.0,1012.5,10.0,1015.5,1.0,1019.0,11.0,,0.0,970.0,30.0,958.5,1.0,958.0,11.0,,0.0,,0.0
2023-04-27 21:33:03.25,1682602383250000000,994.0,994.0,994.0,939.0,5.0,49700.0,998.5,5.0,1012.5,10.0,1015.5,1.0,1019.0,11.0,,0.0,970.0,30.0,958.5,1.0,958.0,11.0,,0.0,,0.0
2023-04-27 21:33:52.5,1682602432500000000,994.0,994.0,994.0,939.0,5.0,49700.0,997.0,5.0,1012.5,10.0,1015.5,1.0,1019.0,11.0,,0.0,970.0,30.0,958.5,1.0,958.0,11.0,,0.0,,0.0
2023-04-27 21:34:02.0,1682602442000000000,994.0,994.0,994.0,939.0,5.0,49700.0,995.5,5.0,1012.5,10.0,1015.5,1.0,1019.0,11.0,,0.0,970.0,30.0,958.5,1.0,958.0,11.0,,0.0,,0.0
2023-04-27 21:34:02.25,1682602442250000000,994.0,994.0,994.0,939.0,5.0,49700.0,995.0,10.0,995.5,5.0,1015.5,1.0,1019.0,11.0,,0.0,970.0,30.0,958.5,1.0,958.0,11.0,,0.0,,0.0
2023-04-27 21:34:07.0,1682602447000000000,994.0,994.0,994.0,939.0,5.0,49700.0,992.5,5.0,995.0,10.0,1015.5,1.0,1019.0,11.0,,0.0,970.0,30.0,958.5,1.0,958.0,11.0,,0.0,,0.0
2023-04-27 21:34:07.25,1682602447250000000,994.0,994.0,994.0,939.0,5.0,49700.0,992.0,10.0,992.5,5.0,1015.5,1.0,1019.0,11.0,,0.0,970.0,30.0,958.5,1.0,958.0,11.0,,0.0,,0.0
2023-04-27 21:34:11.75,1682602451750000000,994.0,994.0,994.0,939.0,5.0,49700.0,994.5,5.0,1012.5,10.0,1015.5,1.0,1019.0,11.0,,0.0,970.0,30.0,958.5,1.0,958.0,11.0,,0.0,,0.0
2023-04-27 21:34:12.0,1682602452000000000,994.0,994.0,994.0,939.0,5.0,49700.0,993.5,10.0,994.5,5.0,1015.5,1.0,1019.0,11.0,,0.0,970.0,30.0,958.5,1.0,958.0,11.0,,0.0,,0.0
2023-04-27 21:34:20.0,1682602460000000000,994.0,994.0,994.0,939.0,5.0,49700.0,993.0,5.0,993.5,10.0,1015.5,1.0,1019.0,11.0,,0.0,970.0,30.0,958.5,1.0,958.0,11.0,,0.0,,0.0
2023-04-27 21:34:20.25,1682602460250000000,994.0,994.0,994.0,939.0,5.0,49700.0,992.5,10.0,993.0,5.0,1015.5,1.0,1019.0,11.0,,0.0,970.0,30.0,958.5,1.0,958.0,11.0,,0.0,,0.0
2023-04-27 21:34:26.0,1682602466000000000,994.0,994.0,994.0,939.0,5.0,49700.0,993.0,5.0,1012.5,10.0,1015.5,1.0,1019.0,11.0,,0.0,970.0,30.0,958.5,1.0,958.0,11.0,,0.0,,0.0
2023-04-27 21:34:26.25,1682602466250000000,994.0,994.0,994.0,939.0,5.0,49700.0,994.5,5.0,1012.5,10.0,1015.5,1.0,1019.0,11.0,,0.0,970.0,30.0,958.5,1.0,958.0,11.0,,0.0,,0.0
2023-04-27 21:34:26.5,1682602466500000000,994.0,994.0,994.0,939.0,5.0,49700.0,994.5,15.0,1015.5,1.0,1019.0,11.0,,0.0,,0.0,970.0,30.0,958.5,1.0,958.0,11.0,,0.0,,0.0
2023-04-27 21:34:28.5,1682602468500000000,994.0,994.0,994.0,939.0,5.0,49700.0,994.5,5.0,1012.5,10.0,1015.5,1.0,1019.0,11.0,,0.0,970.0,30.0,958.5,1.0,958.0,11.0,,0.0,,0.0
2023-04-27 21:34:58.75,1682602498750000000,994.0,994.0,994.0,939.0,5.0,49700.0,996.0,5.0,1012.5,10.0,1015.5,1.0,1019.0,11.0,,0.0,970.0,30.0,958.5,1.0,958.0,11.0,,0.0,,0.0
2023-04-27 21:35:00.5,1682602500500000000,994.0,994.0,994.0,939.0,5.0,49700.0,994.5,5.0,1012.5,10.0,1015.5,1.0,1019.0,11.0,,0.0,970.0,30.0,958.5,1.0,958.0,11.0,,0.0,,0.0
2023-04-27 21:35:39.0,1682602539000000000,994.0,994.0,994.0,939.0,5.0,49700.0,992.5,5.0,1012.5,10.0,1015.5,1.0,1019.0,11.0,,0.0,970.0,30.0,958.5,1.0,958.0,11.0,,0.0,,0.0
2023-04-27 21:35:41.0,1682602541000000000,994.0,994.0,994.0,939.0,5.0,49700.0,990.5,5.0,1012.5,10.0,1015.5,1.0,1019.0,11.0,,0.0,970.0,30.0,958.5,1.0,958.0,11.0,,0.0,,0.0
2023-04-27 21:35:42.75,1682602542750000000,994.0,994.0,994.0,939.0,5.0,49700.0,992.0,5.0,1012.5,10.0,1015.5,1.0,1019.0,11.0,,0.0,970.0,30.0,958.5,1.0,958.0,11.0,,0.0,,0.0
2023-04-27 21:35:50.75,1682602550750000000,994.0,994.0,994.0,939.0,5.0,49700.0,993.5,5.0,1012.5,10.0,1015.5,1.0,1019.0,11.0,,0.0,970.0,30.0,958.5,1.0,958.0,11.0,,0.0,,0.0
2023-04-27 21:36:19.5,1682602579500000000,994.0,994.0,994.0,939.0,5.0,49700.0,992.0,5.0,1012.5,10.0,1015.5,1.0,1019.0,11.0,,0.0,970.0,30.0,958.5,1.0,958.0,11.0,,0.0,,0.0
2023-04-27 21:36:59.75,1682602619750000000,994.0,994.0,994.0,939.0,5.0,49700.0,994.0,5.0,1012.5,10.0,1015.5,1.0,1019.0,11.0,,0.0,970.0,30.0,958.5,1.0,958.0,11.0,,0.0,,0.0
2023-04-27 21:37:00.0,1682602620000000000,994.0,994.0,994.0,939.0,5.0,49700.0,995.5,5.0,1012.5,10.0,1015.5,1.0,1019.0,11.0,,0.0,970.0,30.0,958.5,1.0,958.0,11.0,,0.0,,0.0
2023-04-27 21:37:12.0,1682602632000000000,994.0,994.0,994.0,939.0,5.0,49700.0,994.0,5.0,1012.5,10.0,1015.5,1.0,1019.0,11.0,,0.0,970.0,30.0,958.5,1.0,958.0,11.0,,0.0,,0.0
2023-04-27 21:37:25.0,1682602645000000000,994.0,994.0,994.0,939.0,5.0,49700.0,992.5,5.0,1012.5,10.0,1015.5,1.0,1019.0,11.0,,0.0,970.0,30.0,958.5,1.0,958.0,11.0,,0.0,,0.0
2023-04-27 21:37:26.25,1682602646250000000,994.0,994.0,994.0,939.0,5.0,49700.0,990.5,5.0,1012.5,10.0,1015.5,1.0,1019.0,11.0,,0.0,970.0,30.0,958.5,1.0,958.0,11.0,,0.0,,0.0
2023-04-27 21:37:35.75,1682602655750000000,994.0,994.0,994.0,939.0,5.0,49700.0,989.0,5.0,1012.5,10.0,1015.5,1.0,1019.0,11.0,,0.0,970.0,30.0,958.5,1.0,958.0,11.0,,0.0,,0.0
2023-04-27 21:38:02.25,1682602682250000000,994.0,994.0,994.0,939.0,5.0,49700.0,987.0,5.0,1012.5,10.0,1015.5,1.0,1019.0,11.0,,0.0,970.0,30.0,958.5,1.0,958.0,11.0,,0.0,,0.0
2023-04-27 21:38:13.5,1682602693500000000,994.0,994.0,994.0,939.0,5.0,49700.0,989.0,5.0,1012.5,10.0,1015.5,1.0,1019.0,11.0,,0.0,970.0,30.0,958.5,1.0,958.0,11.0,,0.0,,0.0
2023-04-27 21:39:18.5,1682602758500000000,994.0,994.0,994.0,939.0,5.0,49700.0,990.5,5.0,1012.5,10.0,1015.5,1.0,1019.0,11.0,,0.0,970.0,30.0,958.5,1.0,958.0,11.0,,0.0,,0.0
2023-04-27 21:39:54.5,1682602794500000000,994.0,994.0,994.0,939.0,5.0,49700.0,989.0,5.0,1012.5,10.0,1015.5,1.0,1019.0,11.0,,0.0,970.0,30.0,958.5,1.0,958.0,11.0,,0.0,,0.0
2023-04-27 21:40:01.0,1682602801000000000,994.0,994.0,994.0,939.0,5.0,49700.0,987.5,5.0,1012.5,10.0,1015.5,1.0,1019.0,11.0,,0.0,970.0,30.0,958.5,1.0,958.0,11.0,,0.0,,0.0
2023-04-27 21:40:08.25,1682602808250000000,994.0,994.0,994.0,939.0,5.0,49700.0,989.0,5.0,1012.5,10.0,1015.5,1.0,1019.0,11.0,,0.0,970.0,30.0,958.5,1.0,958.0,11.0,,0.0,,0.0
2023-04-27 21:40:16.25,1682602816250000000,994.0,994.0,994.0,939.0,5.0,49700.0,987.5,5.0,1012.5,10.0,1015.5,1.0,1019.0,11.0,,0.0,970.0,30.0,958.5,1.0,958.0,11.0,,0.0,,0.0
2023-04-27 21:40:22.25,1682602822250000000,994.0,994.0,994.0,939.0,5.0,49700.0,989.0,5.0,1012.5,10.0,1015.5,1.0,1019.0,11.0,,0.0,970.0,30.0,958.5,1.0,958.0,11.0,,0.0,,0.0
2023-04-27 21:40:35.25,1682602835250000000,994.0,994.0,994.0,939.0,5.0,49700.0,990.5,5.0,1012.5,10.0,1015.5,1.0,1019.0,11.0,,0.0,970.0,30.0,958.5,1.0,958.0,11.0,,0.0,,0.0
2023-04-27 21:40:54.5,1682602854500000000,994.0,994.0,994.0,939.0,5.0,49700.0,989.0,5.0,1012.5,10.0,1015.5,1.0,1019.0,11.0,,0.0,970.0,30.0,958.5,1.0,958.0,11.0,,0.0,,0.0
2023-04-27 21:41:28.75,1682602888750000000,994.0,994.0,994.0,939.0,5.0,49700.0,987.5,5.0,1012.5,10.0,1015.5,1.0,1019.0,11.0,,0.0,970.0,30.0,958.5,1.0,958.0,11.0,,0.0,,0.0
2023-04-27 21:41:42.5,1682602902500000000,994.0,994.0,994.0,939.0,5.0,49700.0,986.0,5.0,1012.5,10.0,1015.5,1.0,1019.0,11.0,,0.0,970.0,30.0,958.5,1.0,958.0,11.0,,0.0,,0.0
2023-04-27 21:41:42.75,1682602902750000000,994.0,994.0,994.0,939.0,5.0,49700.0,985.5,10.0,986.0,5.0,1015.5,1.0,1019.0,11.0,,0.0,970.0,30.0,958.5,1.0,958.0,11.0,,0.0,,0.0
2023-04-27 21:41:44.75,1682602904750000000,994.0,994.0,994.0,939.0,5.0,49700.0,986.0,15.0,1015.5,1.0,1019.0,11.0,,0.0,,0.0,970.0,30.0,958.5,1.0,958.0,11.0,,0.0,,0.0
2023-04-27 21:41:56.5,1682602916500000000,994.0,994.0,994.0,939.0,5.0,49700.0,986.0,5.0,1012.5,10.0,1015.5,1.0,1019.0,11.0,,0.0,970.0,30.0,958.5,1.0,958.0,11.0,,0.0,,0.0
2023-04-27 21:42:21.25,1682602941250000000,994.0,994.0,994.0,939.0,5.0,49700.0,987.5,5.0,1012.5,10.0,1015.5,1.0,1019.0,11.0,,0.0,970.0,30.0,958.5,1.0,958.0,11.0,,0.0,,0.0
2023-04-27 21:43:05.0,1682602985000000000,994.0,994.0,994.0,939.0,5.0,49700.0,989.0,5.0,1012.5,10.0,1015.5,1.0,1019.0,11.0,,0.0,970.0,30.0,958.5,1.0,958.0,11.0,,0.0,,0.0
2023-04-27 21:43:06.25,1682602986250000000,994.0,994.0,994.0,939.0,5.0,49700.0,992.0,5.0,1012.5,10.0,1015.5,1.0,1019.0,11.0,,0.0,970.0,30.0,958.5,1.0,958.0,11.0,,0.0,,0.0
2023-04-27 21:43:44.5,1682603024500000000,994.0,994.0,994.0,939.0,5.0,49700.0,994.0,5.0,1012.5,10.0,1015.5,1.0,1019.0,11.0,,0.0,970.0,30.0,958.5,1.0,958.0,11.0,,0.0,,0.0
2023-04-27 21:44:19.25,1682603059250000000,994.0,994.0,994.0,939.0,5.0,49700.0,992.5,5.0,1012.5,10.0,1015.5,1.0,1019.0,11.0,,0.0,970.0,30.0,958.5,1.0,958.0,11.0,,0.0,,0.0
2023-04-27 21:44:34.75,1682603074750000000,994.0,994.0,994.0,939.0,5.0,49700.0,994.0,5.0,1012.5,10.0,1015.5,1.0,1019.0,11.0,,0.0,970.0,30.0,958.5,1.0,958.0,11.0,,0.0,,0.0
2023-04-27 21:45:01.5,1682603101500000000,994.0,994.0,994.0,939.0,5.0,49700.0,996.0,5.0,1012.5,10.0,1015.5,1.0,1019.0,11.0,,0.0,970.0,30.0,958.5,1.0,958.0,11.0,,0.0,,0.0
2023-04-27 21:45:02.25,1682603102250000000,994.0,994.0,994.0,939.0,5.0,49700.0,994.5,5.0,1012.5,10.0,1015.5,1.0,1019.0,11.0,,0.0,970.0,30.0,958.5,1.0,958.0,11.0,,0.0,,0.0
2023-04-27 21:45:03.5,1682603103500000000,994.0,994.0,994.0,939.0,5.0,49700.0,992.0,5.0,1012.5,10.0,1015.5,1.0,1019.0,11.0,,0.0,970.0,30.0,958.5,1.0,958.0,11.0,,0.0,,0.0
2023-04-27 21:45:06.0,1682603106000000000,994.0,994.0,994.0,939.0,5.0,49700.0,993.5,5.0,1012.5,10.0,1015.5,1.0,1019.0,11.0,,0.0,970.0,30.0,958.5,1.0,958.0,11.0,,0.0,,0.0
2023-04-27 21:46:03.75,1682603163750000000,994.0,994.0,994.0,939.0,5.0,49700.0,995.5,5.0,1012.5,10.0,1015.5,1.0,1019.0,11.0,,0.0,970.0,30.0,958.5,1.0,958.0,11.0,,0.0,,0.0
2023-04-27 21:46:05.25,1682603165250000000,994.0,994.0,994.0,939.0,5.0,49700.0,997.0,5.0,1012.5,10.0,1015.5,1.0,1019.0,11.0,,0.0,970.0,30.0,958.5,1.0,958.0,11.0,,0.0,,0.0
2023-04-27 21:46:06.25,1682603166250000000,994.0,994.0,994.0,939.0,5.0,49700.0,995.5,5.0,1012.5,10.0,1015.5,1.0,1019.0,11.0,,0.0,970.0,30.0,958.5,1.0,958.0,11.0,,0.0,,0.0
2023-04-27 21:46:13.25,1682603173250000000,994.0,994.0,994.0,939.0,5.0,49700.0,993.5,5.0,1012.5,10.0,1015.5,1.0,1019.0,11.0,,0.0,970.0,30.0,958.5,1.0,958.0,11.0,,0.0,,0.0
2023-04-27 21:46:20.75,1682603180750000000,994.0,994.0,994.0,939.0,5.0,49700.0,995.0,5.0,1012.5,10.0,1015.5,1.0,1019.0,11.0,,0.0,970.0,30.0,958.5,1.0,958.0,11.0,,0.0,,0.0
2023-04-27 21:46:21.0,1682603181000000000,994.0,994.0,994.0,939.0,5.0,49700.0,994.5,10.0,995.0,5.0,1015.5,1.0,1019.0,11.0,,0.0,970.0,30.0,958.5,1.0,958.0,11.0,,0.0,,0.0
2023-04-27 21:46:25.75,1682603185750000000,994.0,994.0,994.0,939.0,5.0,49700.0,995.0,15.0,1015.5,1.0,1019.0,11.0,,0.0,,0.0,970.0,30.0,958.5,1.0,958.0,11.0,,0.0,,0.0
2023-04-27 21:46:31.5,1682603191500000000,994.0,994.0,994.0,939.0,5.0,49700.0,995.0,5.0,1012.5,10.0,1015.5,1.0,1019.0,11.0,,0.0,970.0,30.0,958.5,1.0,958.0,11.0,,0.0,,0.0
2023-04-27 21:46:43.25,1682603203250000000,994.0,994.0,994.0,939.0,5.0,49700.0,993.5,5.0,1012.5,10.0,1015.5,1.0,1019.0,11.0,,0.0,970.0,30.0,958.5,1.0,958.0,11.0,,0.0,,0.0
2023-04-27 21:47:15.25,1682603235250000000,994.0,994.0,994.0,939.0,5.0,49700.0,992.0,5.0,1012.5,10.0,1015.5,1.0,1019.0,11.0,,0.0,970.0,30.0,958.5,1.0,958.0,11.0,,0.0,,0.0
2023-04-27 21:48:20.25,1682603300250000000,994.0,994.0,994.0,939.0,5.0,49700.0,993.5,5.0,1012.5,10.0,1015.5,1.0,1019.0,11.0,,0.0,970.0,30.0,958.5,1.0,958.0,11.0,,0.0,,0.0
2023-04-27 21:48:24.0,1682603304000000000,994.0,994.0,994.0,939.0,5.0,49700.0,995.0,5.0,1012.5,10.0,1015.5,1.0,1019.0,11.0,,0.0,970.0,30.0,958.5,1.0,958.0,11.0,,0.0,,0.0
2023-04-27 21:48:46.5,1682603326500000000,994.0,994.0,994.0,939.0,5.0,49700.0,993.5,5.0,1012.5,10.0,1015.5,1.0,1019.0,11.0,,0.0,970.0,30.0,958.5,1.0,958.0,11.0,,0.0,,0.0
2023-04-27 21:49:00.0,1682603340000000000,994.0,994.0,994.0,939.0,5.0,49700.0,992.0,5.0,1012.5,10.0,1015.5,1.0,1019.0,11.0,,0.0,970.0,30.0,958.5,1.0,958.0,11.0,,0.0,,0.0
2023-04-27 21:50:41.75,1682603441750000000,994.0,994.0,994.0,939.0,5.0,49700.0,993.5,5.0,1012.5,10.0,1015.5,1.0,1019.0,11.0,,0.0,970.0,30.0,958.5,1.0,958.0,11.0,,0.0,,0.0
2023-04-27 21:51:07.0,1682603467000000000,994.0,994.0,994.0,939.0,5.0,49700.0,995.5,5.0,1012.5,10.0,1015.5,1.0,1019.0,11.0,,0.0,970.0,30.0,958.5,1.0,958.0,11.0,,0.0,,0.0
2023-04-27 21:51:11.5,1682603471500000000,994.0,994.0,994.0,939.0,5.0,49700.0,997.0,5.0,1012.5,10.0,1015.5,1.0,1019.0,11.0,,0.0,970.0,30.0,958.5,1.0,958.0,11.0,,0.0,,0.0
2023-04-27 21:51:22.75,1682603482750000000,994.0,994.0,994.0,939.0,5.0,49700.0,995.5,5.0,1012.5,10.0,1015.5,1.0,1019.0,11.0,,0.0,970.0,30.0,958.5,1.0,958.0,11.0,,0.0,,0.0
2023-04-27 21:52:15.5,1682603535500000000,994.0,994.0,994.0,939.0,5.0,49700.0,997.0,5.0,1012.5,10.0,1015.5,1.0,1019.0,11.0,,0.0,970.0,30.0,958.5,1.0,958.0,11.0,,0.0,,0.0
2023-04-27 21:52:15.75,1682603535750000000,994.0,994.0,994.0,939.0,5.0,49700.0,996.5,10.0,997.0,5.0,1015.5,1.0,1019.0,11.0,,0.0,970.0,30.0,958.5,1.0,958.0,11.0,,0.0,,0.0
2023-04-27 21:52:17.75,1682603537750000000,994.0,994.0,994.0,939.0,5.0,49700.0,997.0,5.0,1012.5,10.0,1015.5,1.0,1019.0,11.0,,0.0,970.0,30.0,958.5,1.0,958.0,11.0,,0.0,,0.0
2023-04-27 21:52:28.5,1682603548500000000,994.0,994.0,994.0,939.0,5.0,49700.0,995.5,5.0,1012.5,10.0,1015.5,1.0,1019.0,11.0,,0.0,970.0,30.0,958.5,1.0,958.0,11.0,,0.0,,0.0
2023-04-27 21:52:39.25,1682603559250000000,994.0,994.0,994.0,939.0,5.0,49700.0,997.0,5.0,1012.5,10.0,1015.5,1.0,1019.0,11.0,,0.0,970.0,30.0,958.5,1.0,958.0,11.0,,0.0,,0.0
2023-04-27 21:52:52.0,1682603572000000000,994.0,994.0,994.0,939.0,5.0,49700.0,998.5,5.0,1012.5,10.0,1015.5,1.0,1019.0,11.0,,0.0,970.0,30.0,958.5,1.0,958.0,11.0,,0.0,,0.0
2023-04-27 21:53:00.5,1682603580500000000,994.0,994.0,994.0,939.0,5.0,49700.0,1000.5,5.0,1012.5,10.0,1015.5,1.0,1019.0,11.0,,0.0,970.0,30.0,958.5,1.0,958.0,11.0,,0.0,,0.0
2023-04-27 21:53:09.0,1682603589000000000,994.0,994.0,994.0,939.0,5.0,49700.0,999.0,5.0,1012.5,10.0,1015.5,1.0,1019.0,11.0,,0.0,970.0,30.0,958.5,1.0,958.0,11.0,,0.0,,0.0
2023-04-27 21:53:10.0,1682603590000000000,994.0,994.0,994.0,939.0,5.0,49700.0,1000.5,5.0,1012.5,10.0,1015.5,1.0,1019.0,11.0,,0.0,970.0,30.0,958.5,1.0,958.0,11.0,,0.0,,0.0
2023-04-27 21:53:10.25,1682603590250000000,994.0,994.0,994.0,939.0,5.0,49700.0,1000.5,15.0,1015.5,1.0,1019.0,11.0,,0.0,,0.0,970.0,30.0,958.5,1.0,958.0,11.0,,0.0,,0.0
2023-04-27 21:53:15.75,1682603595750000000,994.0,994.0,994.0,939.0,5.0,49700.0,999.0,5.0,1000.5,10.0,1015.5,1.0,1019.0,11.0,,0.0,970.0,30.0,958.5,1.0,958.0,11.0,,0.0,,0.0
2023-04-27 21:55:32.75,1682603732750000000,994.0,994.0,994.0,939.0,5.0,49700.0,997.5,5.0,1000.5,10.0,1015.5,1.0,1019.0,11.0,,0.0,970.0,30.0,958.5,1.0,958.0,11.0,,0.0,,0.0
2023-04-27 21:55:33.0,1682603733000000000,994.0,994.0,994.0,939.0,5.0,49700.0,997.0,10.0,997.5,5.0,1015.5,1.0,1019.0,11.0,,0.0,970.0,30.0,958.5,1.0,958.0,11.0,,0.0,,0.0
2023-04-27 21:55:34.5,1682603734500000000,994.0,994.0,994.0,939.0,5.0,49700.0,997.5,15.0,1015.5,1.0,1019.0,11.0,,0.0,,0.0,970.0,30.0,958.5,1.0,958.0,11.0,,0.0,,0.0
2023-04-27 21:55:46.25,1682603746250000000,994.0,994.0,994.0,939.0,5.0,49700.0,996.0,5.0,997.5,10.0,1015.5,1.0,1019.0,11.0,,0.0,970.0,30.0,958.5,1.0,958.0,11.0,,0.0,,0.0
2023-04-27 21:55:46.5,1682603746500000000,994.0,994.0,994.0,939.0,5.0,49700.0,995.0,10.0,996.0,5.0,1015.5,1.0,1019.0,11.0,,0.0,970.0,30.0,958.5,1.0,958.0,11.0,,0.0,,0.0
2023-04-27 21:55:50.0,1682603750000000000,994.0,994.0,994.0,939.0,5.0,49700.0,995.5,10.0,996.0,5.0,1015.5,1.0,1019.0,11.0,,0.0,970.0,30.0,958.5,1.0,958.0,11.0,,0.0,,0.0
2023-04-27 21:55:51.25,1682603751250000000,994.0,994.0,994.0,939.0,5.0,49700.0,997.5,5.0,1012.5,10.0,1015.5,1.0,1019.0,11.0,,0.0,970.0,30.0,958.5,1.0,958.0,11.0,,0.0,,0.0
2023-04-27 21:55:51.5,1682603751500000000,994.0,994.0,994.0,939.0,5.0,49700.0,997.0,10.0,997.5,5.0,1015.5,1.0,1019.0,11.0,,0.0,970.0,30.0,958.5,1.0,958.0,11.0,,0.0,,0.0
2023-04-27 21:56:11.0,1682603771000000000,994.0,994.0,994.0,939.0,5.0,49700.0,997.5,15.0,1015.5,1.0,1019.0,11.0,,0.0,,0.0,970.0,30.0,958.5,1.0,958.0,11.0,,0.0,,0.0
2023-04-27 21:56:17.25,1682603777250000000,994.0,994.0,994.0,939.0,5.0,49700.0,997.5,5.0,1012.5,10.0,1015.5,1.0,1019.0,11.0,,0.0,970.0,30.0,958.5,1.0,958.0,11.0,,0.0,,0.0
2023-04-27 21:56:17.5,1682603777500000000,994.0,994.0,994.0,939.0,5.0,49700.0,999.0,5.0,1012.5,10.0,1015.5,1.0,1019.0,11.0,,0.0,970.0,30.0,958.5,1.0,958.0,11.0,,0.0,,0.0
2023-04-27 21:56:17.75,1682603777750000000,994.0,994.0,994.0,939.0,5.0,49700.0,998.0,10.0,999.0,5.0,1015.5,1.0,1019.0,11.0,,0.0,970.0,30.0,958.5,1.0,958.0,11.0,,0.0,,0.0
2023-04-27 21:56:18.0,1682603778000000000,994.0,994.0,994.0,939.0,5.0,49700.0,998.5,10.0,999.0,5.0,1015.5,1.0,1019.0,11.0,,0.0,970.0,30.0,958.5,1.0,958.0,11.0,,0.0,,0.0
2023-04-27 21:56:40.25,1682603800250000000,994.0,994.0,994.0,939.0,5.0,49700.0,997.5,5.0,998.5,10.0,1015.5,1.0,1019.0,11.0,,0.0,970.0,30.0,958.5,1.0,958.0,11.0,,0.0,,0.0
2023-04-27 21:56:46.0,1682603806000000000,994.0,994.0,994.0,939.0,5.0,49700.0,997.5,5.0,1012.5,10.0,1015.5,1.0,1019.0,11.0,,0.0,970.0,30.0,958.5,1.0,958.0,11.0,,0.0,,0.0
2023-04-27 21:56:46.25,1682603806250000000,994.0,994.0,994.0,939.0,5.0,49700.0,999.0,5.0,1012.5,10.0,1015.5,1.0,1019.0,11.0,,0.0,970.0,30.0,958.5,1.0,958.0,11.0,,0.0,,0.0
2023-04-27 21:57:34.25,1682603854250000000,994.0,994.0,994.0,939.0,5.0,49700.0,997.5,5.0,1012.5,10.0,1015.5,1.0,1019.0,11.0,,0.0,970.0,30.0,958.5,1.0,958.0,11.0,,0.0,,0.0
2023-04-27 21:57:34.5,1682603854500000000,994.0,994.0,994.0,939.0,5.0,49700.0,997.0,10.0,997.5,5.0,1015.5,1.0,1019.0,11.0,,0.0,970.0,30.0,958.5,1.0,958.0,11.0,,0.0,,0.0
2023-04-27 21:57:35.5,1682603855500000000,994.0,994.0,994.0,939.0,5.0,49700.0,997.5,15.0,1015.5,1.0,1019.0,11.0,,0.0,,0.0,970.0,30.0,958.5,1.0,958.0,11.0,,0.0,,0.0
2023-04-27 21:57:44.75,1682603864750000000,994.0,994.0,994.0,939.0,5.0,49700.0,997.5,5.0,1012.5,10.0,1015.5,1.0,1019.0,11.0,,0.0,970.0,30.0,958.5,1.0,958.0,11.0,,0.0,,0.0
2023-04-27 21:58:03.25,1682603883250000000,994.0,994.0,994.0,939.0,5.0,49700.0,999.0,5.0,1012.5,10.0,1015.5,1.0,1019.0,11.0,,0.0,970.0,30.0,958.5,1.0,958.0,11.0,,0.0,,0.0
2023-04-27 21:58:03.5,1682603883500000000,994.0,994.0,994.0,939.0,5.0,49700.0,998.5,10.0,999.0,5.0,1015.5,1.0,1019.0,11.0,,0.0,970.0,30.0,958.5,1.0,958.0,11.0,,0.0,,0.0
2023-04-27 21:58:26.0,1682603906000000000,994.0,994.0,994.0,939.0,5.0,49700.0,997.0,5.0,998.5,10.0,1015.5,1.0,1019.0,11.0,,0.0,970.0,30.0,958.5,1.0,958.0,11.0,,0.0,,0.0
2023-04-27 21:58:30.5,1682603910500000000,994.0,994.0,994.0,939.0,5.0,49700.0,995.5,5.0,998.5,10.0,1015.5,1.0,1019.0,11.0,,0.0,970.0,30.0,958.5,1.0,958.0,11.0,,0.0,,0.0
2023-04-27 21:58:37.75,1682603917750000000,994.0,994.0,994.0,939.0,5.0,49700.0,997.0,5.0,998.5,10.0,1015.5,1.0,1019.0,11.0,,0.0,970.0,30.0,958.5,1.0,958.0,11.0,,0.0,,0.0
2023-04-27 21:58:38.0,1682603918000000000,994.0,994.0,994.0,939.0,5.0,49700.0,996.5,10.0,997.0,5.0,1015.5,1.0,1019.0,11.0,,0.0,970.0,30.0,958.5,1.0,958.0,11.0,,0.0,,0.0
2023-04-27 21:58:43.75,1682603923750000000,994.0,994.0,994.0,939.0,5.0,49700.0,997.0,5.0,1012.5,10.0,1015.5,1.0,1019.0,11.0,,0.0,970.0,30.0,958.5,1.0,958.0,11.0,,0.0,,0.0
2023-04-27 21:59:02.75,1682603942750000000,994.0,994.0,994.0,939.0,5.0,49700.0,995.5,5.0,1012.5,10.0,1015.5,1.0,1019.0,11.0,,0.0,970.0,30.0,958.5,1.0,958.0,11.0,,0.0,,0.0
2023-04-27 21:59:03.0,1682603943000000000,994.0,994.0,994.0,939.0,5.0,49700.0,995.0,10.0,995.5,5.0,1015.5,1.0,1019.0,11.0,,0.0,970.0,30.0,958.5,1.0,958.0,11.0,,0.0,,0.0
2023-04-27 21:59:21.0,1682603961000000000,994.0,994.0,994.0,939.0,5.0,49700.0,994.0,5.0,995.0,10.0,1015.5,1.0,1019.0,11.0,,0.0,970.0,30.0,958.5,1.0,958.0,11.0,,0.0,,0.0
2023-04-27 21:59:21.25,1682603961250000000,994.0,994.0,994.0,939.0,5.0,49700.0,992.5,10.0,994.0,5.0,1015.5,1.0,1019.0,11.0,,0.0,970.0,30.0,958.5,1.0,958.0,11.0,,0.0,,0.0
2023-04-27 21:59:25.75,1682603965750000000,994.0,994.0,994.0,939.0,5.0,49700.0,993.0,10.0,994.0,5.0,1015.5,1.0,1019.0,11.0,,0.0,970.0,30.0,958.5,1.0,958.0,11.0,,0.0,,0.0
2023-04-27 21:59:26.0,1682603966000000000,994.0,994.0,994.0,939.0,5.0,49700.0,993.5,10.0,994.0,5.0,1015.5,1.0,1019.0,11.0,,0.0,970.0,30.0,958.5,1.0,958.0,11.0,,0.0,,0.0
2023-04-27 21:59:30.5,1682603970500000000,994.0,994.0,994.0,939.0,5.0,49700.0,992.0,5.0,993.5,10.0,1015.5,1.0,1019.0,11.0,,0.0,970.0,30.0,958.5,1.0,958.0,11.0,,0.0,,0.0
2023-04-27 21:59:30.75,1682603970750000000,994.0,994.0,994.0,939.0,5.0,49700.0,991.5,10.0,992.0,5.0,1015.5,1.0,1019.0,11.0,,0.0,970.0,30.0,958.5,1.0,958.0,11.0,,0.0,,0.0
2023-04-27 21:59:44.5,1682603984500000000,994.0,994.0,994.0,939.0,5.0,49700.0,992.0,15.0,1015.5,1.0,1019.0,11.0,,0.0,,0.0,970.0,30.0,958.5,1.0,958.0,11.0,,0.0,,0.0
2023-04-27 21:59:45.0,1682603985000000000,994.0,994.0,994.0,939.0,5.0,49700.0,993.5,5.0,1012.5,10.0,1015.5,1.0,1019.0,11.0,,0.0,970.0,30.0,958.5,1.0,958.0,11.0,,0.0,,0.0
2023-04-27 21:59:45.25,1682603985250000000,994.0,994.0,994.0,939.0,5.0,49700.0,992.5,10.0,993.5,5.0,1015.5,1.0,1019.0,11.0,,0.0,970.0,30.0,958.5,1.0,958.0,11.0,,0.0,,0.0
2023-04-27 22:00:00.5,1682604000500000000,994.0,994.0,994.0,939.0,5.0,49700.0,993.0,10.0,993.5,5.0,1015.5,1.0,1019.0,11.0,,0.0,970.0,30.0,958.5,1.0,958.0,11.0,,0.0,,0.0
2023-04-27 22:00:00.75,1682604000750000000,994.0,994.0,994.0,939.0,5.0,49700.0,993.5,15.0,1015.5,1.0,1019.0,11.0,,0.0,,0.0,970.0,30.0,958.5,1.0,958.0,11.0,,0.0,,0.0
2023-04-27 22:00:01.25,1682604001250000000,994.0,994.0,994.0,939.0,5.0,49700.0,995.0,5.0,1012.5,10.0,1015.5,1.0,1019.0,11.0,,0.0,970.0,30.0,958.5,1.0,958.0,11.0,,0.0,,0.0
2023-04-27 22:00:01.5,1682604001500000000,994.0,994.0,994.0,939.0,5.0,49700.0,994.5,10.0,995.0,5.0,1015.5,1.0,1019.0,11.0,,0.0,970.0,30.0,958.5,1.0,958.0,11.0,,0.0,,0.0
2023-04-27 22:00:11.25,1682604011250000000,994.0,994.0,994.0,939.0,5.0,49700.0,995.0,5.0,1012.5,10.0,1015.5,1.0,1019.0,11.0,,0.0,970.0,30.0,958.5,1.0,958.0,11.0,,0.0,,0.0
2023-04-27 22:00:11.5,1682604011500000000,994.0,994.0,994.0,939.0,5.0,49700.0,996.5,5.0,1012.5,10.0,1015.5,1.0,1019.0,11.0,,0.0,970.0,30.0,958.5,1.0,958.0,11.0,,0.0,,0.0
2023-04-27 22:00:11.75,1682604011750000000,994.0,994.0,994.0,939.0,5.0,49700.0,996.0,10.0,996.5,5.0,1015.5,1.0,1019.0,11.0,,0.0,970.0,30.0,958.5,1.0,958.0,11.0,,0.0,,0.0
2023-04-27 22:00:12.5,1682604012500000000,994.0,994.0,994.0,939.0,5.0,49700.0,996.5,15.0,1015.5,1.0,1019.0,11.0,,0.0,,0.0,970.0,30.0,958.5,1.0,958.0,11.0,,0.0,,0.0
2023-04-27 22:00:17.0,1682604017000000000,994.0,994.0,994.0,939.0,5.0,49700.0,996.5,5.0,1012.5,10.0,1015.5,1.0,1019.0,11.0,,0.0,970.0,30.0,958.5,1.0,958.0,11.0,,0.0,,0.0
2023-04-27 22:00:35.25,1682604035250000000,994.0,994.0,994.0,939.0,5.0,49700.0,994.5,5.0,1012.5,10.0,1015.5,1.0,1019.0,11.0,,0.0,970.0,30.0,958.5,1.0,958.0,11.0,,0.0,,0.0
2023-04-27 22:00:35.5,1682604035500000000,994.0,994.0,994.0,939.0,5.0,49700.0,994.0,10.0,994.5,5.0,1015.5,1.0,1019.0,11.0,,0.0,970.0,30.0,958.5,1.0,958.0,11.0,,0.0,,0.0
2023-04-27 22:00:39.0,1682604039000000000,994.0,994.0,994.0,939.0,5.0,49700.0,993.0,5.0,994.0,10.0,1015.5,1.0,1019.0,11.0,,0.0,970.0,30.0,958.5,1.0,958.0,11.0,,0.0,,0.0
2023-04-27 22:00:39.25,1682604039250000000,994.0,994.0,994.0,939.0,5.0,49700.0,992.0,10.0,993.0,5.0,1015.5,1.0,1019.0,11.0,,0.0,970.0,30.0,958.5,1.0,958.0,11.0,,0.0,,0.0
2023-04-27 22:00:42.75,1682604042750000000,994.0,994.0,994.0,939.0,5.0,49700.0,992.5,10.0,993.0,5.0,1015.5,1.0,1019.0,11.0,,0.0,970.0,30.0,958.5,1.0,958.0,11.0,,0.0,,0.0
2023-04-27 22:01:00.25,1682604060250000000,994.0,994.0,994.0,939.0,5.0,49700.0,994.5,5.0,1012.5,10.0,1015.5,1.0,1019.0,11.0,,0.0,970.0,30.0,958.5,1.0,958.0,11.0,,0.0,,0.0
2023-04-27 22:01:00.5,1682604060500000000,994.0,994.0,994.0,939.0,5.0,49700.0,993.5,10.0,994.5,5.0,1015.5,1.0,1019.0,11.0,,0.0,970.0,30.0,958.5,1.0,958.0,11.0,,0.0,,0.0
2023-04-27 22:01:02.75,1682604062750000000,994.0,994.0,994.0,939.0,5.0,49700.0,994.0,10.0,994.5,5.0,1015.5,1.0,1019.0,11.0,,0.0,970.0,30.0,958.5,1.0,958.0,11.0,,0.0,,0.0
2023-04-27 22:01:05.0,1682604065000000000,994.0,994.0,994.0,939.0,5.0,49700.0,994.5,15.0,1015.5,1.0,1019.0,11.0,,0.0,,0.0,970.0,30.0,958.5,1.0,958.0,11.0,,0.0,,0.0
2023-04-27 22:01:05.5,1682604065500000000,994.0,994.0,994.0,939.0,5.0,49700.0,996.0,5.0,1012.5,10.0,1015.5,1.0,1019.0,11.0,,0.0,970.0,30.0,958.5,1.0,958.0,11.0,,0.0,,0.0
2023-04-27 22:01:05.75,1682604065750000000,994.0,994.0,994.0,939.0,5.0,49700.0,998.5,5.0,1009.5,10.0,1015.5,1.0,1019.0,11.0,,0.0,970.0,30.0,958.5,1.0,958.0,11.0,,0.0,,0.0
2023-04-27 22:01:06.0,1682604066000000000,994.0,994.0,994.0,939.0,5.0,49700.0,997.5,10.0,998.5,5.0,1015.5,1.0,1019.0,11.0,,0.0,970.0,30.0,958.5,1.0,958.0,11.0,,0.0,,0.0
2023-04-27 22:01:06.25,1682604066250000000,994.0,994.0,994.0,939.0,5.0,49700.0,998.0,10.0,998.5,5.0,1015.5,1.0,1019.0,11.0,,0.0,970.0,30.0,958.5,1.0,958.0,11.0,,0.0,,0.0
2023-04-27 22:01:09.25,1682604069250000000,994.0,994.0,994.0,939.0,5.0,49700.0,998.5,15.0,1015.5,1.0,1019.0,11.0,,0.0,,0.0,970.0,30.0,958.5,1.0,958.0,11.0,,0.0,,0.0
2023-04-27 22:01:23.75,1682604083750000000,994.0,994.0,994.0,939.0,5.0,49700.0,1000.0,5.0,1012.5,10.0,1015.5,1.0,1019.0,11.0,,0.0,970.0,30.0,958.5,1.0,958.0,11.0,,0.0,,0.0
2023-04-27 22:01:24.0,1682604084000000000,994.0,994.0,994.0,939.0,5.0,49700.0,999.5,10.0,1000.0,5.0,1015.5,1.0,1019.0,11.0,,0.0,970.0,30.0,958.5,1.0,958.0,11.0,,0.0,,0.0
2023-04-27 22:01:33.25,1682604093250000000,994.0,994.0,994.0,939.0,5.0,49700.0,1001.5,5.0,1012.5,10.0,1015.5,1.0,1019.0,11.0,,0.0,970.0,30.0,958.5,1.0,958.0,11.0,,0.0,,0.0
2023-04-27 22:01:33.5,1682604093500000000,994.0,994.0,994.0,939.0,5.0,49700.0,1000.5,10.0,1001.5,5.0,1015.5,1.0,1019.0,11.0,,0.0,970.0,30.0,958.5,1.0,958.0,11.0,,0.0,,0.0
2023-04-27 22:01:34.25,1682604094250000000,994.0,994.0,994.0,939.0,5.0,49700.0,1001.5,15.0,1015.5,1.0,1019.0,11.0,,0.0,,0.0,970.0,30.0,958.5,1.0,958.0,11.0,,0.0,,0.0
2023-04-27 22:01:35.25,1682604095250000000,994.0,994.0,994.0,939.0,5.0,49700.0,1001.5,5.0,1012.5,10.0,1015.5,1.0,1019.0,11.0,,0.0,970.0,30.0,958.5,1.0,958.0,11.0,,0.0,,0.0
2023-04-27 22:02:02.75,1682604122750000000,994.0,994.0,994.0,939.0,5.0,49700.0,1003.0,5.0,1012.5,10.0,1019.0,11.0,,0.0,,0.0,970.0,30.0,958.5,1.0,958.0,11.0,,0.0,,0.0
2023-04-27 22:02:03.0,1682604123000000000,994.0,994.0,994.0,939.0,5.0,49700.0,1002.0,10.0,1003.0,5.0,1019.0,11.0,,0.0,,0.0,970.0,30.0,958.5,1.0,958.0,11.0,,0.0,,0.0
2023-04-27 22:02:19.75,1682604139750000000,994.0,994.0,994.0,939.0,5.0,49700.0,1001.0,5.0,1002.0,10.0,1019.0,11.0,,0.0,,0.0,970.0,30.0,958.5,1.0,958.0,11.0,,0.0,,0.0
2023-04-27 22:02:20.0,1682604140000000000,994.0,994.0,994.0,939.0,5.0,49700.0,1000.0,10.0,1001.0,5.0,1019.0,11.0,,0.0,,0.0,970.0,30.0,958.5,1.0,958.0,11.0,,0.0,,0.0
2023-04-27 22:02:31.25,1682604151250000000,994.0,994.0,994.0,939.0,5.0,49700.0,999.5,5.0,1000.0,10.0,1019.0,11.0,,0.0,,0.0,970.0,30.0,958.5,1.0,958.0,11.0,,0.0,,0.0
2023-04-27 22:02:31.5,1682604151500000000,994.0,994.0,994.0,939.0,5.0,49700.0,998.5,10.0,999.5,5.0,1019.0,11.0,,0.0,,0.0,970.0,30.0,958.5,1.0,958.0,11.0,,0.0,,0.0
2023-04-27 22:02:45.0,1682604165000000000,994.0,994.0,994.0,939.0,5.0,49700.0,997.0,5.0,998.5,10.0,1019.0,11.0,,0.0,,0.0,970.0,30.0,958.5,1.0,958.0,11.0,,0.0,,0.0
2023-04-27 22:02:45.25,1682604165250000000,994.0,994.0,994.0,939.0,5.0,49700.0,996.0,10.0,997.0,5.0,1019.0,11.0,,0.0,,0.0,970.0,30.0,958.5,1.0,958.0,11.0,,0.0,,0.0
2023-04-27 22:02:53.5,1682604173500000000,994.0,994.0,994.0,939.0,5.0,49700.0,996.5,10.0,997.0,5.0,1019.0,11.0,,0.0,,0.0,970.0,30.0,958.5,1.0,958.0,11.0,,0.0,,0.0
2023-04-27 22:02:55.0,1682604175000000000,994.0,994.0,994.0,939.0,5.0,49700.0,997.0,10.0,998.5,5.0,1019.0,11.0,,0.0,,0.0,970.0,30.0,958.5,1.0,958.0,11.0,,0.0,,0.0
2023-04-27 22:02:55.25,1682604175250000000,994.0,994.0,994.0,939.0,5.0,49700.0,997.5,10.0,998.5,5.0,1019.0,11.0,,0.0,,0.0,970.0,30.0,958.5,1.0,958.0,11.0,,0.0,,0.0
2023-04-27 22:03:02.5,1682604182500000000,994.0,994.0,994.0,939.0,5.0,49700.0,998.0,10.0,998.5,5.0,1019.0,11.0,,0.0,,0.0,970.0,30.0,958.5,1.0,958.0,11.0,,0.0,,0.0
2023-04-27 22:03:03.5,1682604183500000000,994.0,994.0,994.0,939.0,5.0,49700.0,998.5,15.0,1019.0,11.0,,0.0,,0.0,,0.0,970.0,30.0,958.5,1.0,958.0,11.0,,0.0,,0.0
2023-04-27 22:03:10.75,1682604190750000000,994.0,994.0,994.0,939.0,5.0,49700.0,1000.0,5.0,1016.0,10.0,1019.0,11.0,,0.0,,0.0,970.0,30.0,958.5,1.0,958.0,11.0,,0.0,,0.0
2023-04-27 22:03:11.0,1682604191000000000,994.0,994.0,994.0,939.0,5.0,49700.0,999.0,10.0,1000.0,5.0,1019.0,11.0,,0.0,,0.0,970.0,30.0,958.5,1.0,958.0,11.0,,0.0,,0.0
2023-04-27 22:03:13.0,1682604193000000000,994.0,994.0,994.0,939.0,5.0,49700.0,999.5,10.0,1000.0,5.0,1019.0,11.0,,0.0,,0.0,970.0,30.0,958.5,1.0,958.0,11.0,,0.0,,0.0
2023-04-27 22:03:14.0,1682604194000000000,994.0,994.0,994.0,939.0,5.0,49700.0,1000.0,15.0,1019.0,11.0,,0.0,,0.0,,0.0,970.0,30.0,958.5,1.0,958.0,11.0,,0.0,,0.0
2023-04-27 22:03:14.25,1682604194250000000,994.0,994.0,994.0,939.0,5.0,49700.0,1002.0,5.0,1016.0,10.0,1019.0,11.0,,0.0,,0.0,970.0,30.0,958.5,1.0,958.0,11.0,,0.0,,0.0
2023-04-27 22:03:14.5,1682604194500000000,994.0,994.0,994.0,939.0,5.0,49700.0,1001.5,10.0,1002.0,5.0,1019.0,11.0,,0.0,,0.0,970.0,30.0,958.5,1.0,958.0,11.0,,0.0,,0.0
2023-04-27 22:03:16.5,1682604196500000000,994.0,994.0,994.0,939.0,5.0,49700.0,1002.0,15.0,1019.0,11.0,,0.0,,0.0,,0.0,970.0,30.0,958.5,1.0,958.0,11.0,,0.0,,0.0
2023-04-27 22:03:24.0,1682604204000000000,994.0,994.0,994.0,939.0,5.0,49700.0,1002.0,5.0,1016.0,10.0,1019.0,11.0,,0.0,,0.0,970.0,30.0,958.5,1.0,958.0,11.0,,0.0,,0.0
2023-04-27 22:03:38.75,1682604218750000000,994.0,994.0,994.0,939.0,5.0,49700.0,1004.0,5.0,1016.0,10.0,1019.0,11.0,,0.0,,0.0,970.0,30.0,958.5,1.0,958.0,11.0,,0.0,,0.0
2023-04-27 22:03:39.0,1682604219000000000,994.0,994.0,994.0,939.0,5.0,49700.0,1002.5,10.0,1004.0,5.0,1019.0,11.0,,0.0,,0.0,970.0,30.0,958.5,1.0,958.0,11.0,,0.0,,0.0
2023-04-27 22:03:39.25,1682604219250000000,994.0,994.0,994.0,939.0,5.0,49700.0,1003.0,10.0,1004.0,5.0,1019.0,11.0,,0.0,,0.0,970.0,30.0,958.5,1.0,958.0,11.0,,0.0,,0.0
2023-04-27 22:03:51.5,1682604231500000000,994.0,994.0,994.0,939.0,5.0,49700.0,1004.0,15.0,1019.0,11.0,,0.0,,0.0,,0.0,970.0,30.0,958.5,1.0,958.0,11.0,,0.0,,0.0
2023-04-27 22:04:32.25,1682604272250000000,994.0,994.0,994.0,939.0,5.0,49700.0,1002.5,5.0,1004.0,10.0,1019.0,11.0,,0.0,,0.0,970.0,30.0,958.5,1.0,958.0,11.0,,0.0,,0.0
2023-04-27 22:04:32.5,1682604272500000000,994.0,994.0,994.0,939.0,5.0,49700.0,1001.5,10.0,1002.5,5.0,1019.0,11.0,,0.0,,0.0,970.0,30.0,958.5,1.0,958.0,11.0,,0.0,,0.0
2023-04-27 22:04:38.75,1682604278750000000,994.0,994.0,994.0,939.0,5.0,49700.0,1001.0,5.0,1001.5,10.0,1019.0,11.0,,0.0,,0.0,970.0,30.0,958.5,1.0,958.0,11.0,,0.0,,0.0
2023-04-27 22:04:39.0,1682604279000000000,994.0,994.0,994.0,939.0,5.0,49700.0,1000.0,10.0,1001.0,5.0,1019.0,11.0,,0.0,,0.0,970.0,30.0,958.5,1.0,958.0,11.0,,0.0,,0.0
2023-04-27 22:04:42.5,1682604282500000000,994.0,994.0,994.0,939.0,5.0,49700.0,1000.5,10.0,1001.0,5.0,1019.0,11.0,,0.0,,0.0,970.0,30.0,958.5,1.0,958.0,11.0,,0.0,,0.0
2023-04-27 22:04:46.75,1682604286750000000,994.0,994.0,994.0,939.0,5.0,49700.0,1001.0,10.0,1002.5,5.0,1019.0,11.0,,0.0,,0.0,970.0,30.0,958.5,1.0,958.0,11.0,,0.0,,0.0
2023-04-27 22:04:58.0,1682604298000000000,994.0,994.0,994.0,939.0,5.0,49700.0,1001.5,10.0,1002.5,5.0,1019.0,11.0,,0.0,,0.0,970.0,30.0,958.5,1.0,958.0,11.0,,0.0,,0.0
2023-04-27 22:05:00.5,1682604300500000000,994.0,994.0,994.0,939.0,5.0,49700.0,1002.0,10.0,1002.5,5.0,1019.0,11.0,,0.0,,0.0,970.0,30.0,958.5,1.0,958.0,11.0,,0.0,,0.0
2023-04-27 22:05:01.0,1682604301000000000,994.0,994.0,994.0,939.0,5.0,49700.0,1002.5,15.0,1019.0,11.0,,0.0,,0.0,,0.0,970.0,30.0,958.5,1.0,958.0,11.0,,0.0,,0.0
2023-04-27 22:05:31.75,1682604331750000000,994.0,994.0,994.0,939.0,5.0,49700.0,1004.5,5.0,1016.0,10.0,1019.0,11.0,,0.0,,0.0,970.0,30.0,958.5,1.0,958.0,11.0,,0.0,,0.0
2023-04-27 22:05:32.0,1682604332000000000,994.0,994.0,994.0,939.0,5.0,49700.0,1004.0,10.0,1004.5,5.0,1019.0,11.0,,0.0,,0.0,970.0,30.0,958.5,1.0,958.0,11.0,,0.0,,0.0
2023-04-27 22:05:39.75,1682604339750000000,994.0,994.0,994.0,939.0,5.0,49700.0,1003.0,5.0,1004.0,10.0,1019.0,11.0,,0.0,,0.0,970.0,30.0,958.5,1.0,958.0,11.0,,0.0,,0.0
2023-04-27 22:05:40.0,1682604340000000000,994.0,994.0,994.0,939.0,5.0,49700.0,1002.0,10.0,1003.0,5.0,1019.0,11.0,,0.0,,0.0,970.0,30.0,958.5,1.0,958.0,11.0,,0.0,,0.0
2023-04-27 22:05:40.25,1682604340250000000,994.0,994.0,994.0,939.0,5.0,49700.0,1002.5,10.0,1003.0,5.0,1019.0,11.0,,0.0,,0.0,970.0,30.0,958.5,1.0,958.0,11.0,,0.0,,0.0
2023-04-27 22:05:40.5,1682604340500000000,994.0,994.0,994.0,939.0,5.0,49700.0,1003.0,15.0,1019.0,11.0,,0.0,,0.0,,0.0,970.0,30.0,958.5,1.0,958.0,11.0,,0.0,,0.0
2023-04-27 22:05:52.25,1682604352250000000,994.0,994.0,994.0,939.0,5.0,49700.0,1003.0,10.0,1004.5,5.0,1019.0,11.0,,0.0,,0.0,970.0,30.0,958.5,1.0,958.0,11.0,,0.0,,0.0
2023-04-27 22:05:55.75,1682604355750000000,994.0,994.0,994.0,939.0,5.0,49700.0,1004.0,10.0,1004.5,5.0,1019.0,11.0,,0.0,,0.0,970.0,30.0,958.5,1.0,958.0,11.0,,0.0,,0.0
2023-04-27 22:06:13.75,1682604373750000000,994.0,994.0,994.0,939.0,5.0,49700.0,1003.0,5.0,1004.0,10.0,1019.0,11.0,,0.0,,0.0,970.0,30.0,958.5,1.0,958.0,11.0,,0.0,,0.0
2023-04-27 22:06:14.0,1682604374000000000,994.0,994.0,994.0,939.0,5.0,49700.0,1002.0,10.0,1003.0,5.0,1019.0,11.0,,0.0,,0.0,970.0,30.0,958.5,1.0,958.0,11.0,,0.0,,0.0
2023-04-27 22:06:39.25,1682604399250000000,994.0,994.0,994.0,939.0,5.0,49700.0,1002.5,10.0,1003.0,5.0,1019.0,11.0,,0.0,,0.0,970.0,30.0,958.5,1.0,958.0,11.0,,0.0,,0.0
2023-04-27 22:06:44.0,1682604404000000000,994.0,994.0,994.0,939.0,5.0,49700.0,1002.5,10.0,1004.5,5.0,1019.0,11.0,,0.0,,0.0,970.0,30.0,958.5,1.0,958.0,11.0,,0.0,,0.0
2023-04-27 22:06:53.0,1682604413000000000,994.0,994.0,994.0,939.0,5.0,49700.0,1002.5,10.0,1003.0,5.0,1019.0,11.0,,0.0,,0.0,970.0,30.0,958.5,1.0,958.0,11.0,,0.0,,0.0
2023-04-27 22:07:14.5,1682604434500000000,994.0,994.0,994.0,939.0,5.0,49700.0,1001.5,5.0,1002.5,10.0,1019.0,11.0,,0.0,,0.0,970.0,30.0,958.5,1.0,958.0,11.0,,0.0,,0.0
2023-04-27 22:07:14.75,1682604434750000000,994.0,994.0,994.0,939.0,5.0,49700.0,999.5,10.0,1001.5,5.0,1019.0,11.0,,0.0,,0.0,970.0,30.0,958.5,1.0,958.0,11.0,,0.0,,0.0
2023-04-27 22:07:16.75,1682604436750000000,994.0,994.0,994.0,939.0,5.0,49700.0,998.5,5.0,999.5,10.0,1019.0,11.0,,0.0,,0.0,970.0,30.0,958.5,1.0,958.0,11.0,,0.0,,0.0
2023-04-27 22:07:17.0,1682604437000000000,994.0,994.0,994.0,939.0,5.0,49700.0,996.5,10.0,998.5,5.0,1019.0,11.0,,0.0,,0.0,970.0,30.0,958.5,1.0,958.0,11.0,,0.0,,0.0
2023-04-27 22:07:17.5,1682604437500000000,994.0,994.0,994.0,939.0,5.0,49700.0,997.0,10.0,998.5,5.0,1019.0,11.0,,0.0,,0.0,970.0,30.0,958.5,1.0,958.0,11.0,,0.0,,0.0
2023-04-27 22:07:25.5,1682604445500000000,994.0,994.0,994.0,939.0,5.0,49700.0,997.5,10.0,998.5,5.0,1019.0,11.0,,0.0,,0.0,970.0,30.0,958.5,1.0,958.0,11.0,,0.0,,0.0
2023-04-27 22:07:37.25,1682604457250000000,994.0,994.0,994.0,939.0,5.0,49700.0,998.0,10.0,998.5,5.0,1019.0,11.0,,0.0,,0.0,970.0,30.0,958.5,1.0,958.0,11.0,,0.0,,0.0
2023-04-27 22:07:37.75,1682604457750000000,994.0,994.0,994.0,939.0,5.0,49700.0,998.5,15.0,1019.0,11.0,,0.0,,0.0,,0.0,970.0,30.0,958.5,1.0,958.0,11.0,,0.0,,0.0
2023-04-27 22:07:41.25,1682604461250000000,994.0,994.0,994.0,939.0,5.0,49700.0,997.0,5.0,998.5,10.0,1019.0,11.0,,0.0,,0.0,970.0,30.0,958.5,1.0,958.0,11.0,,0.0,,0.0
2023-04-27 22:07:41.5,1682604461500000000,994.0,994.0,994.0,939.0,5.0,49700.0,995.5,10.0,997.0,5.0,1019.0,11.0,,0.0,,0.0,970.0,30.0,958.5,1.0,958.0,11.0,,0.0,,0.0
2023-04-27 22:07:41.75,1682604461750000000,994.0,994.0,994.0,939.0,5.0,49700.0,996.0,10.0,997.0,5.0,1019.0,11.0,,0.0,,0.0,970.0,30.0,958.5,1.0,958.0,11.0,,0.0,,0.0
2023-04-27 22:07:42.0,1682604462000000000,994.0,994.0,994.0,939.0,5.0,49700.0,996.5,10.0,997.0,5.0,1019.0,11.0,,0.0,,0.0,970.0,30.0,958.5,1.0,958.0,11.0,,0.0,,0.0
2023-04-27 22:07:52.25,1682604472250000000,994.0,994.0,994.0,939.0,5.0,49700.0,997.0,10.0,998.5,5.0,1019.0,11.0,,0.0,,0.0,970.0,30.0,958.5,1.0,958.0,11.0,,0.0,,0.0
2023-04-27 22:08:04.0,1682604484000000000,994.0,994.0,994.0,939.0,5.0,49700.0,997.5,10.0,998.5,5.0,1019.0,11.0,,0.0,,0.0,970.0,30.0,958.5,1.0,958.0,11.0,,0.0,,0.0
2023-04-27 22:08:07.5,1682604487500000000,994.0,994.0,994.0,939.0,5.0,49700.0,998.0,10.0,998.5,5.0,1019.0,11.0,,0.0,,0.0,970.0,30.0,958.5,1.0,958.0,11.0,,0.0,,0.0
2023-04-27 22:08:15.5,1682604495500000000,994.0,994.0,994.0,939.0,5.0,49700.0,998.5,15.0,1019.0,11.0,,0.0,,0.0,,0.0,970.0,30.0,958.5,1.0,958.0,11.0,,0.0,,0.0
2023-04-27 22:08:22.25,1682604502250000000,994.0,994.0,994.0,939.0,5.0,49700.0,1000.0,5.0,1016.0,10.0,1019.0,11.0,,0.0,,0.0,970.0,30.0,958.5,1.0,958.0,11.0,,0.0,,0.0
2023-04-27 22:08:22.5,1682604502500000000,994.0,994.0,994.0,939.0,5.0,49700.0,999.0,10.0,1000.0,5.0,1019.0,11.0,,0.0,,0.0,970.0,30.0,958.5,1.0,958.0,11.0,,0.0,,0.0
2023-04-27 22:09:05.75,1682604545750000000,994.0,994.0,994.0,939.0,5.0,49700.0,999.5,10.0,1000.0,5.0,1019.0,11.0,,0.0,,0.0,970.0,30.0,958.5,1.0,958.0,11.0,,0.0,,0.0
2023-04-27 22:09:15.5,1682604555500000000,994.0,994.0,994.0,939.0,5.0,49700.0,1001.5,5.0,1016.0,10.0,1019.0,11.0,,0.0,,0.0,970.0,30.0,958.5,1.0,958.0,11.0,,0.0,,0.0
2023-04-27 22:09:15.75,1682604555750000000,994.0,994.0,994.0,939.0,5.0,49700.0,1000.5,10.0,1001.5,5.0,1019.0,11.0,,0.0,,0.0,970.0,30.0,958.5,1.0,958.0,11.0,,0.0,,0.0
2023-04-27 22:09:32.0,1682604572000000000,994.0,994.0,994.0,939.0,5.0,49700.0,1000.0,5.0,1000.5,10.0,1019.0,11.0,,0.0,,0.0,970.0,30.0,958.5,1.0,958.0,11.0,,0.0,,0.0
2023-04-27 22:09:32.25,1682604572250000000,994.0,994.0,994.0,939.0,5.0,49700.0,999.0,10.0,1000.0,5.0,1019.0,11.0,,0.0,,0.0,970.0,30.0,958.5,1.0,958.0,11.0,,0.0,,0.0
2023-04-27 22:10:21.75,1682604621750000000,994.0,994.0,994.0,939.0,5.0,49700.0,999.5,10.0,1001.5,5.0,1019.0,11.0,,0.0,,0.0,970.0,30.0,958.5,1.0,958.0,11.0,,0.0,,0.0
2023-04-27 22:10:25.5,1682604625500000000,994.0,994.0,994.0,939.0,5.0,49700.0,1000.0,10.0,1001.5,5.0,1019.0,11.0,,0.0,,0.0,970.0,30.0,958.5,1.0,958.0,11.0,,0.0,,0.0
2023-04-27 22:10:26.0,1682604626000000000,994.0,994.0,994.0,939.0,5.0,49700.0,1000.5,10.0,1001.5,5.0,1019.0,11.0,,0.0,,0.0,970.0,30.0,958.5,1.0,958.0,11.0,,0.0,,0.0
2023-04-27 22:10:45.75,1682604645750000000,994.0,994.0,994.0,939.0,5.0,49700.0,1001.0,10.0,1001.5,5.0,1019.0,11.0,,0.0,,0.0,970.0,30.0,958.5,1.0,958.0,11.0,,0.0,,0.0
2023-04-27 22:10:47.0,1682604647000000000,994.0,994.0,994.0,939.0,5.0,49700.0,1001.5,15.0,1019.0,11.0,,0.0,,0.0,,0.0,970.0,30.0,958.5,1.0,958.0,11.0,,0.0,,0.0
2023-04-27 22:10:48.5,1682604648500000000,994.0,994.0,994.0,939.0,5.0,49700.0,1003.5,5.0,1016.0,10.0,1019.0,11.0,,0.0,,0.0,970.0,30.0,958.5,1.0,958.0,11.0,,0.0,,0.0
2023-04-27 22:10:48.75,1682604648750000000,994.0,994.0,994.0,939.0,5.0,49700.0,1002.5,10.0,1003.5,5.0,1019.0,11.0,,0.0,,0.0,970.0,30.0,958.5,1.0,958.0,11.0,,0.0,,0.0
2023-04-27 22:10:50.75,1682604650750000000,994.0,994.0,994.0,939.0,5.0,49700.0,1003.0,10.0,1003.5,5.0,1019.0,11.0,,0.0,,0.0,970.0,30.0,958.5,1.0,958.0,11.0,,0.0,,0.0
2023-04-27 22:10:58.75,1682604658750000000,994.0,994.0,994.0,939.0,5.0,49700.0,1003.5,15.0,1019.0,11.0,,0.0,,0.0,,0.0,970.0,30.0,958.5,1.0,958.0,11.0,,0.0,,0.0
2023-04-27 22:11:23.25,1682604683250000000,994.0,994.0,994.0,939.0,5.0,49700.0,1001.0,5.0,1003.5,10.0,1019.0,11.0,,0.0,,0.0,970.0,30.0,958.5,1.0,958.0,11.0,,0.0,,0.0
2023-04-27 22:11:23.5,1682604683500000000,994.0,994.0,994.0,939.0,5.0,49700.0,999.0,10.0,1001.0,5.0,1019.0,11.0,,0.0,,0.0,970.0,30.0,958.5,1.0,958.0,11.0,,0.0,,0.0
2023-04-27 22:11:24.25,1682604684250000000,994.0,994.0,994.0,939.0,5.0,49700.0,999.5,10.0,1001.0,5.0,1019.0,11.0,,0.0,,0.0,970.0,30.0,958.5,1.0,958.0,11.0,,0.0,,0.0
2023-04-27 22:11:25.0,1682604685000000000,994.0,994.0,994.0,939.0,5.0,49700.0,999.5,15.0,1019.0,11.0,,0.0,,0.0,,0.0,970.0,30.0,958.5,1.0,958.0,11.0,,0.0,,0.0
2023-04-27 22:11:33.25,1682604693250000000,994.0,994.0,994.0,939.0,5.0,49700.0,999.5,10.0,1001.0,5.0,1019.0,11.0,,0.0,,0.0,970.0,30.0,958.5,1.0,958.0,11.0,,0.0,,0.0
2023-04-27 22:12:09.25,1682604729250000000,994.0,994.0,994.0,939.0,5.0,49700.0,999.0,5.0,999.5,10.0,1019.0,11.0,,0.0,,0.0,970.0,30.0,958.5,1.0,958.0,11.0,,0.0,,0.0
2023-04-27 22:12:09.5,1682604729500000000,994.0,994.0,994.0,939.0,5.0,49700.0,997.0,10.0,999.0,5.0,1019.0,11.0,,0.0,,0.0,970.0,30.0,958.5,1.0,958.0,11.0,,0.0,,0.0
2023-04-27 22:12:27.0,1682604747000000000,994.0,994.0,994.0,939.0,5.0,49700.0,997.0,10.0,997.5,5.0,1019.0,11.0,,0.0,,0.0,970.0,30.0,958.5,1.0,958.0,11.0,,0.0,,0.0
2023-04-27 22:13:07.75,1682604787750000000,994.0,994.0,994.0,939.0,5.0,49700.0,997.5,10.0,999.0,5.0,1019.0,11.0,,0.0,,0.0,970.0,30.0,958.5,1.0,958.0,11.0,,0.0,,0.0
2023-04-27 22:13:11.25,1682604791250000000,994.0,994.0,994.0,939.0,5.0,49700.0,998.0,10.0,999.0,5.0,1019.0,11.0,,0.0,,0.0,970.0,30.0,958.5,1.0,958.0,11.0,,0.0,,0.0
2023-04-27 22:13:11.75,1682604791750000000,994.0,994.0,994.0,939.0,5.0,49700.0,998.5,10.0,999.0,5.0,1019.0,11.0,,0.0,,0.0,970.0,30.0,958.5,1.0,958.0,11.0,,0.0,,0.0
2023-04-27 22:13:24.25,1682604804250000000,994.0,994.0,994.0,939.0,5.0,49700.0,997.5,5.0,998.5,10.0,1019.0,11.0,,0.0,,0.0,970.0,30.0,958.5,1.0,958.0,11.0,,0.0,,0.0
2023-04-27 22:13:24.5,1682604804500000000,994.0,994.0,994.0,939.0,5.0,49700.0,996.0,10.0,997.5,5.0,1019.0,11.0,,0.0,,0.0,970.0,30.0,958.5,1.0,958.0,11.0,,0.0,,0.0
2023-04-27 22:13:26.25,1682604806250000000,994.0,994.0,994.0,939.0,5.0,49700.0,996.5,10.0,997.5,5.0,1019.0,11.0,,0.0,,0.0,970.0,30.0,958.5,1.0,958.0,11.0,,0.0,,0.0
2023-04-27 22:13:39.5,1682604819500000000,994.0,994.0,994.0,939.0,5.0,49700.0,997.0,10.0,999.0,5.0,1019.0,11.0,,0.0,,0.0,970.0,30.0,958.5,1.0,958.0,11.0,,0.0,,0.0
2023-04-27 22:13:46.25,1682604826250000000,994.0,994.0,994.0,939.0,5.0,49700.0,997.0,10.0,997.5,5.0,1019.0,11.0,,0.0,,0.0,970.0,30.0,958.5,1.0,958.0,11.0,,0.0,,0.0
2023-04-27 22:14:03.5,1682604843500000000,994.0,994.0,994.0,939.0,5.0,49700.0,997.5,10.0,999.0,5.0,1019.0,11.0,,0.0,,0.0,970.0,30.0,958.5,1.0,958.0,11.0,,0.0,,0.0
2023-04-27 22:14:12.0,1682604852000000000,994.0,994.0,994.0,939.0,5.0,49700.0,998.0,10.0,999.0,5.0,1019.0,11.0,,0.0,,0.0,970.0,30.0,958.5,1.0,958.0,11.0,,0.0,,0.0
2023-04-27 22:14:12.25,1682604852250000000,994.0,994.0,994.0,939.0,5.0,49700.0,998.5,10.0,999.0,5.0,1019.0,11.0,,0.0,,0.0,970.0,30.0,958.5,1.0,958.0,11.0,,0.0,,0.0
2023-04-27 22:14:20.0,1682604860000000000,994.0,994.0,994.0,939.0,5.0,49700.0,999.0,10.0,1000.5,5.0,1019.0,11.0,,0.0,,0.0,970.0,30.0,958.5,1.0,958.0,11.0,,0.0,,0.0
2023-04-27 22:14:20.25,1682604860250000000,994.0,994.0,994.0,939.0,5.0,49700.0,999.5,10.0,1000.5,5.0,1019.0,11.0,,0.0,,0.0,970.0,30.0,958.5,1.0,958.0,11.0,,0.0,,0.0
2023-04-27 22:14:24.75,1682604864750000000,994.0,994.0,994.0,939.0,5.0,49700.0,1000.0,10.0,1000.5,5.0,1019.0,11.0,,0.0,,0.0,970.0,30.0,958.5,1.0,958.0,11.0,,0.0,,0.0
2023-04-27 22:14:25.0,1682604865000000000,994.0,994.0,994.0,939.0,5.0,49700.0,1000.5,15.0,1019.0,11.0,,0.0,,0.0,,0.0,970.0,30.0,958.5,1.0,958.0,11.0,,0.0,,0.0
2023-04-27 22:14:48.0,1682604888000000000,994.0,994.0,994.0,939.0,5.0,49700.0,1002.5,5.0,1016.0,10.0,1019.0,11.0,,0.0,,0.0,970.0,30.0,958.5,1.0,958.0,11.0,,0.0,,0.0
2023-04-27 22:14:48.25,1682604888250000000,994.0,994.0,994.0,939.0,5.0,49700.0,1001.0,10.0,1002.5,5.0,1019.0,11.0,,0.0,,0.0,970.0,30.0,958.5,1.0,958.0,11.0,,0.0,,0.0
2023-04-27 22:14:50.25,1682604890250000000,994.0,994.0,994.0,939.0,5.0,49700.0,1001.0,10.0,1019.0,11.0,,0.0,,0.0,,0.0,970.0,30.0,958.5,1.0,958.0,11.0,,0.0,,0.0
2023-04-27 22:17:33.5,1682605053500000000,994.0,994.0,994.0,939.0,5.0,49700.0,998.0,5.0,1001.0,10.0,1019.0,11.0,,0.0,,0.0,970.0,30.0,958.5,1.0,958.0,11.0,,0.0,,0.0
2023-04-27 22:17:33.75,1682605053750000000,994.0,994.0,994.0,939.0,5.0,49700.0,996.5,10.0,998.0,5.0,1019.0,11.0,,0.0,,0.0,970.0,30.0,958.5,1.0,958.0,11.0,,0.0,,0.0
2023-04-27 22:17:50.5,1682605070500000000,994.0,994.0,994.0,939.0,5.0,49700.0,997.0,10.0,998.0,5.0,1019.0,11.0,,0.0,,0.0,970.0,30.0,958.5,1.0,958.0,11.0,,0.0,,0.0
2023-04-27 22:17:53.25,1682605073250000000,994.0,994.0,994.0,939.0,5.0,49700.0,997.5,10.0,998.0,5.0,1019.0,11.0,,0.0,,0.0,970.0,30.0,958.5,1.0,958.0,11.0,,0.0,,0.0
2023-04-27 22:17:56.75,1682605076750000000,994.0,994.0,994.0,939.0,5.0,49700.0,998.0,10.0,999.5,5.0,1019.0,11.0,,0.0,,0.0,970.0,30.0,958.5,1.0,958.0,11.0,,0.0,,0.0
2023-04-27 22:17:57.25,1682605077250000000,994.0,994.0,994.0,939.0,5.0,49700.0,998.5,10.0,999.5,5.0,1019.0,11.0,,0.0,,0.0,970.0,30.0,958.5,1.0,958.0,11.0,,0.0,,0.0
2023-04-27 22:18:01.75,1682605081750000000,994.0,994.0,994.0,939.0,5.0,49700.0,999.0,10.0,999.5,5.0,1019.0,11.0,,0.0,,0.0,970.0,30.0,958.5,1.0,958.0,11.0,,0.0,,0.0
2023-04-27 22:18:04.0,1682605084000000000,994.0,994.0,994.0,939.0,5.0,49700.0,999.5,15.0,1019.0,11.0,,0.0,,0.0,,0.0,970.0,30.0,958.5,1.0,958.0,11.0,,0.0,,0.0
2023-04-27 22:18:30.0,1682605110000000000,994.0,994.0,994.0,939.0,5.0,49700.0,998.0,5.0,999.5,10.0,1019.0,11.0,,0.0,,0.0,970.0,30.0,958.5,1.0,958.0,11.0,,0.0,,0.0
2023-04-27 22:18:30.25,1682605110250000000,994.0,994.0,994.0,939.0,5.0,49700.0,996.0,10.0,998.0,5.0,1019.0,11.0,,0.0,,0.0,970.0,30.0,958.5,1.0,958.0,11.0,,0.0,,0.0
2023-04-27 22:18:34.75,1682605114750000000,994.0,994.0,994.0,939.0,5.0,49700.0,996.5,10.0,998.0,5.0,1019.0,11.0,,0.0,,0.0,970.0,30.0,958.5,1.0,958.0,11.0,,0.0,,0.0
2023-04-27 22:18:41.25,1682605121250000000,994.0,994.0,994.0,939.0,5.0,49700.0,996.5,15.0,1019.0,11.0,,0.0,,0.0,,0.0,970.0,30.0,958.5,1.0,958.0,11.0,,0.0,,0.0
2023-04-27 22:19:21.5,1682605161500000000,994.0,994.0,994.0,939.0,5.0,49700.0,996.5,10.0,998.0,5.0,1019.0,11.0,,0.0,,0.0,970.0,30.0,958.5,1.0,958.0,11.0,,0.0,,0.0
2023-04-27 22:19:21.75,1682605161750000000,994.0,994.0,994.0,939.0,5.0,49700.0,997.0,10.0,998.0,5.0,1019.0,11.0,,0.0,,0.0,970.0,30.0,958.5,1.0,958.0,11.0,,0.0,,0.0
2023-04-27 22:19:22.25,1682605162250000000,994.0,994.0,994.0,939.0,5.0,49700.0,997.5,10.0,998.0,5.0,1019.0,11.0,,0.0,,0.0,970.0,30.0,958.5,1.0,958.0,11.0,,0.0,,0.0
2023-04-27 22:20:01.75,1682605201750000000,994.0,994.0,994.0,939.0,5.0,49700.0,996.5,5.0,997.5,10.0,1019.0,11.0,,0.0,,0.0,970.0,30.0,958.5,1.0,958.0,11.0,,0.0,,0.0
2023-04-27 22:20:02.0,1682605202000000000,994.0,994.0,994.0,939.0,5.0,49700.0,995.0,10.0,996.5,5.0,1019.0,11.0,,0.0,,0.0,970.0,30.0,958.5,1.0,958.0,11.0,,0.0,,0.0
2023-04-27 22:20:07.5,1682605207500000000,994.0,994.0,994.0,939.0,5.0,49700.0,995.5,10.0,996.5,5.0,1019.0,11.0,,0.0,,0.0,970.0,30.0,958.5,1.0,958.0,11.0,,0.0,,0.0
2023-04-27 22:20:24.5,1682605224500000000,994.0,994.0,994.0,939.0,5.0,49700.0,996.5,15.0,1019.0,11.0,,0.0,,0.0,,0.0,970.0,30.0,958.5,1.0,958.0,11.0,,0.0,,0.0
2023-04-27 22:20:25.0,1682605225000000000,994.0,994.0,994.0,939.0,5.0,49700.0,996.5,10.0,998.0,5.0,1019.0,11.0,,0.0,,0.0,970.0,30.0,958.5,1.0,958.0,11.0,,0.0,,0.0
2023-04-27 22:20:29.5,1682605229500000000,994.0,994.0,994.0,939.0,5.0,49700.0,997.0,10.0,998.0,5.0,1019.0,11.0,,0.0,,0.0,970.0,30.0,958.5,1.0,958.0,11.0,,0.0,,0.0
2023-04-27 22:20:43.0,1682605243000000000,994.0,994.0,994.0,939.0,5.0,49700.0,1000.5,5.0,1016.0,10.0,1019.0,11.0,,0.0,,0.0,970.0,30.0,958.5,1.0,958.0,11.0,,0.0,,0.0
2023-04-27 22:20:43.25,1682605243250000000,994.0,994.0,994.0,939.0,5.0,49700.0,999.0,10.0,1000.5,5.0,1019.0,11.0,,0.0,,0.0,970.0,30.0,958.5,1.0,958.0,11.0,,0.0,,0.0
2023-04-27 22:21:02.25,1682605262250000000,994.0,994.0,994.0,939.0,5.0,49700.0,999.0,15.0,1019.0,11.0,,0.0,,0.0,,0.0,970.0,30.0,958.5,1.0,958.0,11.0,,0.0,,0.0
2023-04-27 22:21:22.75,1682605282750000000,994.0,994.0,994.0,939.0,5.0,49700.0,997.5,5.0,999.0,10.0,1019.0,11.0,,0.0,,0.0,970.0,30.0,958.5,1.0,958.0,11.0,,0.0,,0.0
2023-04-27 22:21:23.0,1682605283000000000,994.0,994.0,994.0,939.0,5.0,49700.0,995.0,10.0,997.5,5.0,1019.0,11.0,,0.0,,0.0,970.0,30.0,958.5,1.0,958.0,11.0,,0.0,,0.0
2023-04-27 22:21:24.0,1682605284000000000,994.0,994.0,994.0,939.0,5.0,49700.0,995.5,10.0,997.5,5.0,1019.0,11.0,,0.0,,0.0,970.0,30.0,958.5,1.0,958.0,11.0,,0.0,,0.0
2023-04-27 22:21:31.25,1682605291250000000,994.0,994.0,994.0,939.0,5.0,49700.0,995.5,10.0,996.0,5.0,1019.0,11.0,,0.0,,0.0,970.0,30.0,958.5,1.0,958.0,11.0,,0.0,,0.0
2023-04-27 22:21:33.75,1682605293750000000,994.0,994.0,994.0,939.0,5.0,49700.0,994.5,5.0,995.5,10.0,1019.0,11.0,,0.0,,0.0,970.0,30.0,958.5,1.0,958.0,11.0,,0.0,,0.0
2023-04-27 22:21:34.0,1682605294000000000,994.0,994.0,994.0,939.0,5.0,49700.0,993.0,10.0,994.5,5.0,1019.0,11.0,,0.0,,0.0,970.0,30.0,958.5,1.0,958.0,11.0,,0.0,,0.0
2023-04-27 22:21:34.5,1682605294500000000,994.0,994.0,994.0,939.0,5.0,49700.0,993.5,10.0,994.5,5.0,1019.0,11.0,,0.0,,0.0,970.0,30.0,958.5,1.0,958.0,11.0,,0.0,,0.0
2023-04-27 22:21:40.75,1682605300750000000,994.0,994.0,994.0,939.0,5.0,49700.0,994.0,10.0,994.5,5.0,1019.0,11.0,,0.0,,0.0,970.0,30.0,958.5,1.0,958.0,11.0,,0.0,,0.0
2023-04-27 22:21:41.0,1682605301000000000,994.0,994.0,994.0,939.0,5.0,49700.0,994.5,10.0,996.0,5.0,1019.0,11.0,,0.0,,0.0,970.0,30.0,958.5,1.0,958.0,11.0,,0.0,,0.0
2023-04-27 22:21:42.25,1682605302250000000,994.0,994.0,994.0,939.0,5.0,49700.0,995.5,10.0,996.0,5.0,1019.0,11.0,,0.0,,0.0,970.0,30.0,958.5,1.0,958.0,11.0,,0.0,,0.0
2023-04-27 22:22:02.25,1682605322250000000,994.0,994.0,994.0,939.0,5.0,49700.0,994.5,5.0,995.5,10.0,1019.0,11.0,,0.0,,0.0,970.0,30.0,958.5,1.0,958.0,11.0,,0.0,,0.0
2023-04-27 22:22:02.5,1682605322500000000,994.0,994.0,994.0,939.0,5.0,49700.0,993.0,10.0,994.5,5.0,1019.0,11.0,,0.0,,0.0,970.0,30.0,958.5,1.0,958.0,11.0,,0.0,,0.0
2023-04-27 22:22:04.75,1682605324750000000,994.0,994.0,994.0,939.0,5.0,49700.0,993.0,15.0,1019.0,11.0,,0.0,,0.0,,0.0,970.0,30.0,958.5,1.0,958.0,11.0,,0.0,,0.0
2023-04-27 22:22:09.75,1682605329750000000,994.0,994.0,994.0,939.0,5.0,49700.0,993.0,10.0,994.5,5.0,1019.0,11.0,,0.0,,0.0,970.0,30.0,958.5,1.0,958.0,11.0,,0.0,,0.0
2023-04-27 22:22:15.0,1682605335000000000,994.0,994.0,994.0,939.0,5.0,49700.0,993.5,10.0,994.5,5.0,1019.0,11.0,,0.0,,0.0,970.0,30.0,958.5,1.0,958.0,11.0,,0.0,,0.0
2023-04-27 22:22:29.5,1682605349500000000,994.0,994.0,994.0,939.0,5.0,49700.0,994.0,10.0,994.5,5.0,1019.0,11.0,,0.0,,0.0,970.0,30.0,958.5,1.0,958.0,11.0,,0.0,,0.0
2023-04-27 22:22:58.75,1682605378750000000,994.0,994.0,994.0,939.0,5.0,49700.0,994.5,15.0,1019.0,11.0,,0.0,,0.0,,0.0,970.0,30.0,958.5,1.0,958.0,11.0,,0.0,,0.0
2023-04-27 22:23:19.75,1682605399750000000,994.0,994.0,994.0,939.0,5.0,49700.0,994.5,15.0,1019.0,11.0,,0.0,,0.0,,0.0,958.5,1.0,958.0,11.0,,0.0,,0.0,,0.0
2023-04-27 22:23:26.75,1682605406750000000,994.0,994.0,994.0,939.0,5.0,49700.0,993.0,5.0,994.5,10.0,1019.0,11.0,,0.0,,0.0,958.5,1.0,958.0,11.0,,0.0,,0.0,,0.0
2023-04-27 22:23:27.0,1682605407000000000,994.0,994.0,994.0,939.0,5.0,49700.0,992.0,10.0,993.0,5.0,1019.0,11.0,,0.0,,0.0,958.5,1.0,958.0,11.0,,0.0,,0.0,,0.0
2023-04-27 22:23:28.25,1682605408250000000,994.0,994.0,994.0,939.0,5.0,49700.0,990.0,5.0,992.0,10.0,1019.0,11.0,,0.0,,0.0,958.5,1.0,958.0,11.0,,0.0,,0.0,,0.0
2023-04-27 22:23:28.5,1682605408500000000,994.0,994.0,994.0,939.0,5.0,49700.0,988.0,10.0,990.0,5.0,1019.0,11.0,,0.0,,0.0,958.5,1.0,958.0,11.0,,0.0,,0.0,,0.0
2023-04-27 22:23:28.75,1682605408750000000,994.0,994.0,994.0,939.0,5.0,49700.0,988.5,10.0,990.0,5.0,1019.0,11.0,,0.0,,0.0,958.5,1.0,958.0,11.0,,0.0,,0.0,,0.0
2023-04-27 22:23:30.5,1682605410500000000,994.0,994.0,994.0,939.0,5.0,49700.0,989.0,10.0,990.0,5.0,1019.0,11.0,,0.0,,0.0,958.5,1.0,958.0,11.0,,0.0,,0.0,,0.0
2023-04-27 22:23:30.75,1682605410750000000,994.0,994.0,994.0,939.0,5.0,49700.0,989.5,10.0,990.0,5.0,1019.0,11.0,,0.0,,0.0,958.5,1.0,958.0,11.0,,0.0,,0.0,,0.0
2023-04-27 22:23:31.75,1682605411750000000,994.0,994.0,994.0,939.0,5.0,49700.0,991.5,5.0,1016.0,10.0,1019.0,11.0,,0.0,,0.0,958.5,1.0,958.0,11.0,,0.0,,0.0,,0.0
2023-04-27 22:23:32.0,1682605412000000000,994.0,994.0,994.0,939.0,5.0,49700.0,990.5,10.0,991.5,5.0,1019.0,11.0,,0.0,,0.0,958.5,1.0,958.0,11.0,,0.0,,0.0,,0.0
2023-04-27 22:23:35.5,1682605415500000000,994.0,994.0,994.0,939.0,5.0,49700.0,991.0,10.0,991.5,5.0,1019.0,11.0,,0.0,,0.0,958.5,1.0,958.0,11.0,,0.0,,0.0,,0.0
2023-04-27 22:23:36.5,1682605416500000000,994.0,994.0,994.0,939.0,5.0,49700.0,991.5,15.0,1019.0,11.0,,0.0,,0.0,,0.0,958.5,1.0,958.0,11.0,,0.0,,0.0,,0.0
2023-04-27 22:24:00.5,1682605440500000000,994.0,994.0,994.0,939.0,5.0,49700.0,993.5,5.0,1016.0,10.0,1019.0,11.0,,0.0,,0.0,958.5,1.0,958.0,11.0,,0.0,,0.0,,0.0
2023-04-27 22:24:00.75,1682605440750000000,994.0,994.0,994.0,939.0,5.0,49700.0,993.0,10.0,993.5,5.0,1019.0,11.0,,0.0,,0.0,958.5,1.0,958.0,11.0,,0.0,,0.0,,0.0
2023-04-27 22:24:01.0,1682605441000000000,994.0,994.0,994.0,939.0,5.0,49700.0,993.5,15.0,1019.0,11.0,,0.0,,0.0,,0.0,958.5,1.0,958.0,11.0,,0.0,,0.0,,0.0
2023-04-27 22:24:09.75,1682605449750000000,994.0,994.0,994.0,939.0,5.0,49700.0,993.5,5.0,1016.0,10.0,1019.0,11.0,,0.0,,0.0,958.5,1.0,958.0,11.0,,0.0,,0.0,,0.0
2023-04-27 22:25:08.25,1682605508250000000,994.0,994.0,994.0,939.0,5.0,49700.0,995.0,5.0,1016.0,10.0,1019.0,11.0,,0.0,,0.0,958.5,1.0,958.0,11.0,,0.0,,0.0,,0.0
2023-04-27 22:25:08.5,1682605508500000000,994.0,994.0,994.0,939.0,5.0,49700.0,994.5,10.0,995.0,5.0,1019.0,11.0,,0.0,,0.0,958.5,1.0,958.0,11.0,,0.0,,0.0,,0.0
2023-04-27 22:25:16.5,1682605516500000000,994.0,994.0,994.0,939.0,5.0,49700.0,994.5,10.0,995.0,5.0,1019.0,11.0,,0.0,,0.0,960.0,30.0,958.5,1.0,958.0,11.0,,0.0,,0.0
2023-04-27 22:25:34.5,1682605534500000000,994.0,994.0,994.0,939.0,5.0,49700.0,993.5,5.0,994.5,10.0,1019.0,11.0,,0.0,,0.0,960.0,30.0,958.5,1.0,958.0,11.0,,0.0,,0.0
2023-04-27 22:25:34.75,1682605534750000000,994.0,994.0,994.0,939.0,5.0,49700.0,993.0,10.0,993.5,5.0,1019.0,11.0,,0.0,,0.0,960.0,30.0,958.5,1.0,958.0,11.0,,0.0,,0.0
2023-04-27 22:25:38.25,1682605538250000000,994.0,994.0,994.0,939.0,5.0,49700.0,992.0,5.0,993.0,10.0,1019.0,11.0,,0.0,,0.0,960.0,30.0,958.5,1.0,958.0,11.0,,0.0,,0.0
2023-04-27 22:25:38.5,1682605538500000000,994.0,994.0,994.0,939.0,5.0,49700.0,991.0,10.0,992.0,5.0,1019.0,11.0,,0.0,,0.0,960.0,30.0,958.5,1.0,958.0,11.0,,0.0,,0.0
2023-04-27 22:25:41.0,1682605541000000000,994.0,994.0,994.0,939.0,5.0,49700.0,991.5,10.0,992.0,5.0,1019.0,11.0,,0.0,,0.0,960.0,30.0,958.5,1.0,958.0,11.0,,0.0,,0.0
2023-04-27 22:25:56.5,1682605556500000000,994.0,994.0,994.0,939.0,5.0,49700.0,992.0,15.0,1019.0,11.0,,0.0,,0.0,,0.0,960.0,30.0,958.5,1.0,958.0,11.0,,0.0,,0.0
2023-04-27 22:26:01.5,1682605561500000000,994.0,994.0,994.0,939.0,5.0,49700.0,992.0,5.0,1016.0,10.0,1019.0,11.0,,0.0,,0.0,960.0,30.0,958.5,1.0,958.0,11.0,,0.0,,0.0
2023-04-27 22:26:03.25,1682605563250000000,994.0,994.0,994.0,939.0,5.0,49700.0,990.5,5.0,1016.0,10.0,1019.0,11.0,,0.0,,0.0,960.0,30.0,958.5,1.0,958.0,11.0,,0.0,,0.0
2023-04-27 22:26:03.5,1682605563500000000,994.0,994.0,994.0,939.0,5.0,49700.0,989.5,10.0,990.5,5.0,1019.0,11.0,,0.0,,0.0,960.0,30.0,958.5,1.0,958.0,11.0,,0.0,,0.0
2023-04-27 22:26:20.0,1682605580000000000,994.0,994.0,994.0,939.0,5.0,49700.0,990.0,10.0,990.5,5.0,1019.0,11.0,,0.0,,0.0,960.0,30.0,958.5,1.0,958.0,11.0,,0.0,,0.0
2023-04-27 22:27:06.0,1682605626000000000,994.0,994.0,994.0,939.0,5.0,49700.0,990.5,15.0,1019.0,11.0,,0.0,,0.0,,0.0,960.0,30.0,958.5,1.0,958.0,11.0,,0.0,,0.0
2023-04-27 22:27:15.5,1682605635500000000,994.0,994.0,994.0,939.0,5.0,49700.0,992.0,5.0,1016.0,10.0,1019.0,11.0,,0.0,,0.0,960.0,30.0,958.5,1.0,958.0,11.0,,0.0,,0.0
2023-04-27 22:27:15.75,1682605635750000000,994.0,994.0,994.0,939.0,5.0,49700.0,991.5,10.0,992.0,5.0,1019.0,11.0,,0.0,,0.0,960.0,30.0,958.5,1.0,958.0,11.0,,0.0,,0.0
2023-04-27 22:27:35.25,1682605655250000000,994.0,994.0,994.0,939.0,5.0,49700.0,990.0,5.0,991.5,10.0,1019.0,11.0,,0.0,,0.0,960.0,30.0,958.5,1.0,958.0,11.0,,0.0,,0.0
2023-04-27 22:27:39.0,1682605659000000000,994.0,994.0,994.0,939.0,5.0,49700.0,988.5,5.0,991.5,10.0,1019.0,11.0,,0.0,,0.0,960.0,30.0,958.5,1.0,958.0,11.0,,0.0,,0.0
2023-04-27 22:27:39.25,1682605659250000000,994.0,994.0,994.0,939.0,5.0,49700.0,987.5,10.0,988.5,5.0,1019.0,11.0,,0.0,,0.0,960.0,30.0,958.5,1.0,958.0,11.0,,0.0,,0.0
2023-04-27 22:27:40.75,1682605660750000000,994.0,994.0,994.0,939.0,5.0,49700.0,988.0,10.0,988.5,5.0,1019.0,11.0,,0.0,,0.0,960.0,30.0,958.5,1.0,958.0,11.0,,0.0,,0.0
2023-04-27 22:27:41.0,1682605661000000000,994.0,994.0,994.0,939.0,5.0,49700.0,988.5,15.0,1019.0,11.0,,0.0,,0.0,,0.0,960.0,30.0,958.5,1.0,958.0,11.0,,0.0,,0.0
2023-04-27 22:28:01.5,1682605681500000000,994.0,994.0,994.0,939.0,5.0,49700.0,987.0,5.0,988.5,10.0,1019.0,11.0,,0.0,,0.0,960.0,30.0,958.5,1.0,958.0,11.0,,0.0,,0.0
2023-04-27 22:28:01.75,1682605681750000000,994.0,994.0,994.0,939.0,5.0,49700.0,986.0,10.0,987.0,5.0,1019.0,11.0,,0.0,,0.0,960.0,30.0,958.5,1.0,958.0,11.0,,0.0,,0.0
2023-04-27 22:28:03.5,1682605683500000000,994.0,994.0,994.0,939.0,5.0,49700.0,986.5,10.0,987.0,5.0,1019.0,11.0,,0.0,,0.0,960.0,30.0,958.5,1.0,958.0,11.0,,0.0,,0.0
2023-04-27 22:28:05.0,1682605685000000000,994.0,994.0,994.0,939.0,5.0,49700.0,987.0,15.0,1019.0,11.0,,0.0,,0.0,,0.0,960.0,30.0,958.5,1.0,958.0,11.0,,0.0,,0.0
2023-04-27 22:28:11.0,1682605691000000000,994.0,994.0,994.0,939.0,5.0,49700.0,987.0,5.0,1016.0,10.0,1019.0,11.0,,0.0,,0.0,960.0,30.0,958.5,1.0,958.0,11.0,,0.0,,0.0
2023-04-27 22:28:12.75,1682605692750000000,994.0,994.0,994.0,939.0,5.0,49700.0,988.5,5.0,1016.0,10.0,1019.0,11.0,,0.0,,0.0,960.0,30.0,958.5,1.0,958.0,11.0,,0.0,,0.0
2023-04-27 22:28:13.0,1682605693000000000,994.0,994.0,994.0,939.0,5.0,49700.0,987.5,10.0,988.5,5.0,1019.0,11.0,,0.0,,0.0,960.0,30.0,958.5,1.0,958.0,11.0,,0.0,,0.0
2023-04-27 22:28:15.0,1682605695000000000,994.0,994.0,994.0,939.0,5.0,49700.0,988.0,10.0,988.5,5.0,1019.0,11.0,,0.0,,0.0,960.0,30.0,958.5,1.0,958.0,11.0,,0.0,,0.0
2023-04-27 22:28:15.25,1682605695250000000,994.0,994.0,994.0,939.0,5.0,49700.0,988.5,15.0,1019.0,11.0,,0.0,,0.0,,0.0,960.0,30.0,958.5,1.0,958.0,11.0,,0.0,,0.0
2023-04-27 22:28:17.75,1682605697750000000,994.0,994.0,994.0,939.0,5.0,49700.0,990.0,5.0,1016.0,10.0,1019.0,11.0,,0.0,,0.0,960.0,30.0,958.5,1.0,958.0,11.0,,0.0,,0.0
2023-04-27 22:28:18.0,1682605698000000000,994.0,994.0,994.0,939.0,5.0,49700.0,989.5,10.0,990.0,5.0,1019.0,11.0,,0.0,,0.0,960.0,30.0,958.5,1.0,958.0,11.0,,0.0,,0.0
2023-04-27 22:28:21.75,1682605701750000000,994.0,994.0,994.0,939.0,5.0,49700.0,990.0,15.0,1019.0,11.0,,0.0,,0.0,,0.0,960.0,30.0,958.5,1.0,958.0,11.0,,0.0,,0.0
2023-04-27 22:28:30.0,1682605710000000000,994.0,994.0,994.0,939.0,5.0,49700.0,990.0,5.0,1016.0,10.0,1019.0,11.0,,0.0,,0.0,960.0,30.0,958.5,1.0,958.0,11.0,,0.0,,0.0
2023-04-27 22:28:51.5,1682605731500000000,994.0,994.0,994.0,939.0,5.0,49700.0,988.5,5.0,1016.0,10.0,1019.0,11.0,,0.0,,0.0,960.0,30.0,958.5,1.0,958.0,11.0,,0.0,,0.0
2023-04-27 22:28:51.75,1682605731750000000,994.0,994.0,994.0,939.0,5.0,49700.0,988.0,10.0,988.5,5.0,1019.0,11.0,,0.0,,0.0,960.0,30.0,958.5,1.0,958.0,11.0,,0.0,,0.0
2023-04-27 22:28:55.25,1682605735250000000,994.0,994.0,994.0,939.0,5.0,49700.0,988.5,15.0,1019.0,11.0,,0.0,,0.0,,0.0,960.0,30.0,958.5,1.0,958.0,11.0,,0.0,,0.0
2023-04-27 22:28:58.25,1682605738250000000,994.0,994.0,994.0,939.0,5.0,49700.0,987.0,5.0,988.5,10.0,1019.0,11.0,,0.0,,0.0,960.0,30.0,958.5,1.0,958.0,11.0,,0.0,,0.0
2023-04-27 22:28:58.5,1682605738500000000,994.0,994.0,994.0,939.0,5.0,49700.0,986.0,10.0,987.0,5.0,1019.0,11.0,,0.0,,0.0,960.0,30.0,958.5,1.0,958.0,11.0,,0.0,,0.0
2023-04-27 22:29:11.75,1682605751750000000,994.0,994.0,994.0,939.0,5.0,49700.0,986.5,10.0,987.0,5.0,1019.0,11.0,,0.0,,0.0,960.0,30.0,958.5,1.0,958.0,11.0,,0.0,,0.0
2023-04-27 22:29:12.5,1682605752500000000,994.0,994.0,994.0,939.0,5.0,49700.0,987.0,15.0,1019.0,11.0,,0.0,,0.0,,0.0,960.0,30.0,958.5,1.0,958.0,11.0,,0.0,,0.0
2023-04-27 22:29:16.25,1682605756250000000,994.0,994.0,994.0,939.0,5.0,49700.0,988.5,5.0,1016.0,10.0,1019.0,11.0,,0.0,,0.0,960.0,30.0,958.5,1.0,958.0,11.0,,0.0,,0.0
2023-04-27 22:29:16.5,1682605756500000000,994.0,994.0,994.0,939.0,5.0,49700.0,987.5,10.0,988.5,5.0,1019.0,11.0,,0.0,,0.0,960.0,30.0,958.5,1.0,958.0,11.0,,0.0,,0.0
2023-04-27 22:29:18.25,1682605758250000000,994.0,994.0,994.0,939.0,5.0,49700.0,988.0,10.0,988.5,5.0,1019.0,11.0,,0.0,,0.0,960.0,30.0,958.5,1.0,958.0,11.0,,0.0,,0.0
2023-04-27 22:29:32.5,1682605772500000000,994.0,994.0,994.0,939.0,5.0,49700.0,986.5,5.0,988.0,10.0,1019.0,11.0,,0.0,,0.0,960.0,30.0,958.5,1.0,958.0,11.0,,0.0,,0.0
2023-04-27 22:29:32.75,1682605772750000000,994.0,994.0,994.0,939.0,5.0,49700.0,986.0,10.0,986.5,5.0,1019.0,11.0,,0.0,,0.0,960.0,30.0,958.5,1.0,958.0,11.0,,0.0,,0.0
2023-04-27 22:29:36.5,1682605776500000000,994.0,994.0,994.0,939.0,5.0,49700.0,986.5,15.0,1019.0,11.0,,0.0,,0.0,,0.0,960.0,30.0,958.5,1.0,958.0,11.0,,0.0,,0.0
2023-04-27 22:29:53.75,1682605793750000000,994.0,994.0,994.0,939.0,5.0,49700.0,984.5,5.0,986.5,10.0,1019.0,11.0,,0.0,,0.0,960.0,30.0,958.5,1.0,958.0,11.0,,0.0,,0.0
2023-04-27 22:29:54.0,1682605794000000000,994.0,994.0,994.0,939.0,5.0,49700.0,982.5,10.0,984.5,5.0,1019.0,11.0,,0.0,,0.0,960.0,30.0,958.5,1.0,958.0,11.0,,0.0,,0.0
2023-04-27 22:29:54.25,1682605794250000000,994.0,994.0,994.0,939.0,5.0,49700.0,982.5,15.0,1019.0,11.0,,0.0,,0.0,,0.0,960.0,30.0,958.5,1.0,958.0,11.0,,0.0,,0.0
2023-04-27 22:30:24.75,1682605824750000000,994.0,994.0,994.0,939.0,5.0,49700.0,981.0,5.0,982.5,10.0,1019.0,11.0,,0.0,,0.0,960.0,30.0,958.5,1.0,958.0,11.0,,0.0,,0.0
2023-04-27 22:30:25.0,1682605825000000000,994.0,994.0,994.0,939.0,5.0,49700.0,980.0,10.0,981.0,5.0,1019.0,11.0,,0.0,,0.0,960.0,30.0,958.5,1.0,958.0,11.0,,0.0,,0.0
2023-04-27 22:30:28.5,1682605828500000000,994.0,994.0,994.0,939.0,5.0,49700.0,980.5,10.0,981.0,5.0,1019.0,11.0,,0.0,,0.0,960.0,30.0,958.5,1.0,958.0,11.0,,0.0,,0.0
2023-04-27 22:30:34.25,1682605834250000000,994.0,994.0,994.0,939.0,5.0,49700.0,981.0,5.0,1016.0,10.0,1019.0,11.0,,0.0,,0.0,960.0,30.0,958.5,1.0,958.0,11.0,,0.0,,0.0
2023-04-27 22:30:41.75,1682605841750000000,994.0,994.0,994.0,939.0,5.0,49700.0,982.5,5.0,1016.0,10.0,1019.0,11.0,,0.0,,0.0,960.0,30.0,958.5,1.0,958.0,11.0,,0.0,,0.0
2023-04-27 22:30:42.0,1682605842000000000,994.0,994.0,994.0,939.0,5.0,49700.0,982.5,15.0,1019.0,11.0,,0.0,,0.0,,0.0,960.0,30.0,958.5,1.0,958.0,11.0,,0.0,,0.0
2023-04-27 22:30:42.75,1682605842750000000,994.0,994.0,994.0,939.0,5.0,49700.0,982.5,5.0,1016.0,10.0,1019.0,11.0,,0.0,,0.0,960.0,30.0,958.5,1.0,958.0,11.0,,0.0,,0.0
2023-04-27 22:30:47.0,1682605847000000000,994.0,994.0,994.0,939.0,5.0,49700.0,984.0,5.0,1016.0,10.0,1019.0,11.0,,0.0,,0.0,960.0,30.0,958.5,1.0,958.0,11.0,,0.0,,0.0
2023-04-27 22:30:47.25,1682605847250000000,994.0,994.0,994.0,939.0,5.0,49700.0,983.5,10.0,984.0,5.0,1019.0,11.0,,0.0,,0.0,960.0,30.0,958.5,1.0,958.0,11.0,,0.0,,0.0
2023-04-27 22:30:48.25,1682605848250000000,994.0,994.0,994.0,939.0,5.0,49700.0,984.0,5.0,1016.0,10.0,1019.0,11.0,,0.0,,0.0,960.0,30.0,958.5,1.0,958.0,11.0,,0.0,,0.0
2023-04-27 22:30:56.0,1682605856000000000,994.0,994.0,994.0,939.0,5.0,49700.0,985.5,5.0,1016.0,10.0,1019.0,11.0,,0.0,,0.0,960.0,30.0,958.5,1.0,958.0,11.0,,0.0,,0.0
2023-04-27 22:30:56.25,1682605856250000000,994.0,994.0,994.0,939.0,5.0,49700.0,985.0,10.0,985.5,5.0,1019.0,11.0,,0.0,,0.0,960.0,30.0,958.5,1.0,958.0,11.0,,0.0,,0.0
2023-04-27 22:30:59.75,1682605859750000000,994.0,994.0,994.0,939.0,5.0,49700.0,984.0,5.0,985.0,10.0,1019.0,11.0,,0.0,,0.0,960.0,30.0,958.5,1.0,958.0,11.0,,0.0,,0.0
2023-04-27 22:31:02.0,1682605862000000000,994.0,994.0,994.0,939.0,5.0,49700.0,982.5,5.0,985.0,10.0,1019.0,11.0,,0.0,,0.0,960.0,30.0,958.5,1.0,958.0,11.0,,0.0,,0.0
2023-04-27 22:31:02.25,1682605862250000000,994.0,994.0,994.0,939.0,5.0,49700.0,982.5,15.0,1019.0,11.0,,0.0,,0.0,,0.0,960.0,30.0,958.5,1.0,958.0,11.0,,0.0,,0.0
2023-04-27 22:31:05.5,1682605865500000000,994.0,994.0,994.0,939.0,5.0,49700.0,980.5,5.0,982.5,10.0,1019.0,11.0,,0.0,,0.0,960.0,30.0,958.5,1.0,958.0,11.0,,0.0,,0.0
2023-04-27 22:31:05.75,1682605865750000000,994.0,994.0,994.0,939.0,5.0,49700.0,979.0,10.0,980.5,5.0,1019.0,11.0,,0.0,,0.0,960.0,30.0,958.5,1.0,958.0,11.0,,0.0,,0.0
2023-04-27 22:31:06.5,1682605866500000000,994.0,994.0,994.0,939.0,5.0,49700.0,979.0,15.0,1019.0,11.0,,0.0,,0.0,,0.0,960.0,30.0,958.5,1.0,958.0,11.0,,0.0,,0.0
2023-04-27 22:31:07.75,1682605867750000000,994.0,994.0,994.0,939.0,5.0,49700.0,977.5,5.0,979.0,10.0,1019.0,11.0,,0.0,,0.0,960.0,30.0,958.5,1.0,958.0,11.0,,0.0,,0.0
2023-04-27 22:31:08.0,1682605868000000000,994.0,994.0,994.0,939.0,5.0,49700.0,976.5,10.0,977.5,5.0,1019.0,11.0,,0.0,,0.0,960.0,30.0,958.5,1.0,958.0,11.0,,0.0,,0.0
2023-04-27 22:31:09.0,1682605869000000000,994.0,994.0,994.0,939.0,5.0,49700.0,974.5,5.0,976.5,10.0,1019.0,11.0,,0.0,,0.0,960.0,30.0,958.5,1.0,958.0,11.0,,0.0,,0.0
2023-04-27 22:31:09.25,1682605869250000000,994.0,994.0,994.0,939.0,5.0,49700.0,973.0,10.0,974.5,5.0,1019.0,11.0,,0.0,,0.0,960.0,30.0,958.5,1.0,958.0,11.0,,0.0,,0.0
2023-04-27 22:31:09.5,1682605869500000000,994.0,994.0,994.0,939.0,5.0,49700.0,972.5,5.0,973.0,10.0,1019.0,11.0,,0.0,,0.0,960.0,30.0,958.5,1.0,958.0,11.0,,0.0,,0.0
2023-04-27 22:31:09.75,1682605869750000000,994.0,994.0,994.0,939.0,5.0,49700.0,974.5,5.0,1016.0,10.0,1019.0,11.0,,0.0,,0.0,960.0,30.0,958.5,1.0,958.0,11.0,,0.0,,0.0
2023-04-27 22:31:10.0,1682605870000000000,994.0,994.0,994.0,939.0,5.0,49700.0,973.5,10.0,974.5,5.0,1019.0,11.0,,0.0,,0.0,960.0,30.0,958.5,1.0,958.0,11.0,,0.0,,0.0
2023-04-27 22:31:11.25,1682605871250000000,994.0,994.0,994.0,939.0,5.0,49700.0,973.0,5.0,973.5,10.0,1019.0,11.0,,0.0,,0.0,960.0,30.0,958.0,11.0,,0.0,,0.0,,0.0
2023-04-27 22:31:11.5,1682605871500000000,994.0,994.0,994.0,939.0,5.0,49700.0,972.0,10.0,973.0,5.0,1019.0,11.0,,0.0,,0.0,960.0,30.0,958.0,11.0,,0.0,,0.0,,0.0
2023-04-27 22:31:12.0,1682605872000000000,994.0,994.0,994.0,939.0,5.0,49700.0,971.5,5.0,972.0,10.0,1019.0,11.0,,0.0,,0.0,960.0,30.0,958.0,11.0,,0.0,,0.0,,0.0
2023-04-27 22:31:12.25,1682605872250000000,994.0,994.0,994.0,939.0,5.0,49700.0,971.5,15.0,1019.0,11.0,,0.0,,0.0,,0.0,960.0,30.0,958.0,11.0,,0.0,,0.0,,0.0
2023-04-27 22:31:17.25,1682605877250000000,994.0,994.0,994.0,939.0,5.0,49700.0,970.0,5.0,971.5,10.0,1019.0,11.0,,0.0,,0.0,960.0,30.0,958.0,11.0,,0.0,,0.0,,0.0
2023-04-27 22:31:17.5,1682605877500000000,994.0,994.0,994.0,939.0,5.0,49700.0,970.0,15.0,1019.0,11.0,,0.0,,0.0,,0.0,960.0,30.0,958.0,11.0,,0.0,,0.0,,0.0
2023-04-27 22:31:17.75,1682605877750000000,994.0,994.0,994.0,939.0,5.0,49700.0,970.0,5.0,1016.0,10.0,1019.0,11.0,,0.0,,0.0,960.0,30.0,958.0,11.0,,0.0,,0.0,,0.0
2023-04-27 22:31:18.0,1682605878000000000,994.0,994.0,994.0,939.0,5.0,49700.0,972.0,5.0,1016.0,10.0,1019.0,11.0,,0.0,,0.0,960.0,30.0,958.0,11.0,,0.0,,0.0,,0.0
2023-04-27 22:31:18.25,1682605878250000000,994.0,994.0,994.0,939.0,5.0,49700.0,971.5,10.0,972.0,5.0,1019.0,11.0,,0.0,,0.0,960.0,30.0,958.0,11.0,,0.0,,0.0,,0.0
