datetime,datetime_nano,highest,last_price,lowest,open_interest,volume,amount,ask_price1,ask_volume1,ask_price2,ask_volume2,ask_price3,ask_volume3,ask_price4,ask_volume4,ask_price5,ask_volume5,bid_price1,bid_volume1,bid_price2,bid_volume2,bid_price3,bid_volume3,bid_price4,bid_volume4,bid_price5,bid_volume5
2023-04-27 20:55:57.25,1682600157250000000,,,,49221.0,0.0,0.0,,0.0,,0.0,,0.0,,0.0,,0.0,,0.0,,0.0,,0.0,,0.0,,0.0
2023-04-27 20:59:00.0,1682600340000000000,,,,49221.0,0.0,0.0,6.0,110.0,6.5,62.0,7.0,73.0,7.5,11.0,8.0,108.0,5.0,30.0,4.5,232.0,4.0,622.0,3.5,202.0,3.0,24.0
2023-04-27 21:00:01.25,1682600401250000000,,,,49221.0,0.0,0.0,6.0,110.0,6.5,62.0,7.0,73.0,7.5,11.0,8.0,132.0,5.0,30.0,4.5,232.0,4.0,622.0,3.5,202.0,3.0,24.0
2023-04-27 21:00:01.5,1682600401500000000,,,,49221.0,0.0,0.0,6.0,110.0,6.5,62.0,7.0,73.0,7.5,11.0,8.0,132.0,5.0,30.0,4.5,233.0,4.0,622.0,3.5,202.0,3.0,24.0
2023-04-27 21:00:03.25,1682600403250000000,,,,49221.0,0.0,0.0,6.0,110.0,6.5,62.0,7.0,73.0,7.5,11.0,8.0,132.0,5.0,30.0,4.5,233.0,4.0,722.0,3.5,202.0,3.0,24.0
2023-04-27 21:00:04.25,1682600404250000000,5.0,5.0,5.0,49221.0,30.0,1500.0,5.0,50.0,6.0,110.0,6.5,87.0,7.0,73.0,7.5,11.0,4.5,233.0,4.0,722.0,3.5,202.0,3.0,24.0,2.5,518.0
2023-04-27 21:00:04.5,1682600404500000000,5.0,5.0,5.0,49221.0,30.0,1500.0,5.0,50.0,5.5,20.0,6.0,110.0,6.5,87.0,7.0,73.0,4.5,233.0,4.0,722.0,3.5,202.0,3.0,24.0,2.5,518.0
2023-04-27 21:00:04.75,1682600404750000000,5.0,5.0,5.0,49221.0,30.0,1500.0,5.0,50.0,6.0,110.0,6.5,87.0,7.0,73.0,7.5,11.0,4.5,233.0,4.0,722.0,3.5,202.0,3.0,24.0,2.5,518.0
2023-04-27 21:00:05.0,1682600405000000000,5.0,5.0,5.0,49221.0,30.0,1500.0,5.0,50.0,5.5,20.0,6.0,110.0,6.5,87.0,7.0,73.0,4.5,233.0,4.0,722.0,3.5,202.0,3.0,24.0,2.5,518.0
2023-04-27 21:00:05.25,1682600405250000000,5.0,5.0,5.0,49221.0,30.0,1500.0,5.0,50.0,6.0,110.0,6.5,87.0,7.0,73.0,7.5,11.0,4.5,233.0,4.0,722.0,3.5,202.0,3.0,24.0,2.5,518.0
2023-04-27 21:00:05.75,1682600405750000000,5.0,5.0,5.0,49221.0,32.0,1600.0,5.0,48.0,6.0,110.0,6.5,87.0,7.0,73.0,7.5,11.0,4.5,233.0,4.0,722.0,3.5,202.0,3.0,24.0,2.5,518.0
2023-04-27 21:00:06.0,1682600406000000000,5.0,5.0,5.0,49221.0,38.0,1900.0,5.0,42.0,6.0,110.0,6.5,87.0,7.0,73.0,7.5,11.0,4.5,233.0,4.0,722.0,3.5,202.0,3.0,24.0,2.5,518.0
2023-04-27 21:00:06.25,1682600406250000000,5.0,5.0,5.0,49221.0,49.0,2450.0,5.0,31.0,6.0,110.0,6.5,87.0,7.0,73.0,7.5,11.0,4.5,233.0,4.0,722.0,3.5,202.0,3.0,24.0,2.5,518.0
2023-04-27 21:00:06.75,1682600406750000000,5.0,5.0,5.0,49221.0,53.0,2650.0,5.0,27.0,6.0,110.0,6.5,87.0,7.0,73.0,7.5,11.0,4.5,233.0,4.0,722.0,3.5,202.0,3.0,24.0,2.5,518.0
2023-04-27 21:00:08.25,1682600408250000000,5.0,5.0,5.0,49221.0,53.0,2650.0,5.0,27.0,6.0,110.0,6.5,87.0,7.0,73.0,7.5,11.0,4.5,233.0,4.0,722.0,3.5,202.0,3.0,54.0,2.5,518.0
2023-04-27 21:00:08.5,1682600408500000000,5.0,5.0,5.0,49221.0,53.0,2650.0,5.0,27.0,6.0,128.0,6.5,87.0,7.0,73.0,7.5,11.0,4.5,251.0,4.0,722.0,3.5,202.0,3.0,54.0,2.5,518.0
2023-04-27 21:00:08.75,1682600408750000000,5.0,5.0,5.0,49221.0,53.0,2650.0,5.0,27.0,5.5,20.0,6.0,128.0,6.5,87.0,7.0,73.0,4.5,251.0,4.0,722.0,3.5,202.0,3.0,54.0,2.5,518.0
2023-04-27 21:00:09.0,1682600409000000000,5.0,5.0,5.0,49221.0,53.0,2650.0,5.0,27.0,5.5,20.0,6.0,110.0,6.5,87.0,7.0,73.0,4.5,233.0,4.0,722.0,3.5,202.0,3.0,54.0,2.5,518.0
2023-04-27 21:00:09.25,1682600409250000000,5.0,5.0,5.0,49221.0,53.0,2650.0,5.0,27.0,6.0,110.0,6.5,87.0,7.0,73.0,7.5,11.0,4.5,233.0,4.0,722.0,3.5,202.0,3.0,54.0,2.5,518.0
2023-04-27 21:00:12.25,1682600412250000000,5.0,5.0,5.0,49221.0,53.0,2650.0,5.0,27.0,6.0,110.0,6.5,111.0,7.0,73.0,7.5,11.0,4.5,233.0,4.0,722.0,3.5,202.0,3.0,78.0,2.5,518.0
2023-04-27 21:00:13.0,1682600413000000000,5.0,5.0,5.0,49221.0,53.0,2650.0,6.0,110.0,6.5,111.0,7.0,73.0,7.5,11.0,8.0,108.0,4.5,233.0,4.0,722.0,3.5,202.0,3.0,78.0,2.5,518.0
2023-04-27 21:00:16.0,1682600416000000000,5.0,4.5,4.5,49221.0,80.0,3865.0,6.0,110.0,6.5,111.0,7.0,73.0,7.5,11.0,8.0,108.0,4.5,206.0,4.0,722.0,3.5,202.0,3.0,78.0,2.5,518.0
2023-04-27 21:00:16.25,1682600416250000000,5.0,4.5,4.5,49221.0,80.0,3865.0,6.0,110.0,6.5,111.0,7.0,73.0,7.5,11.0,8.0,108.0,4.5,222.0,4.0,622.0,3.5,202.0,3.0,78.0,2.5,518.0
2023-04-27 21:00:16.5,1682600416500000000,5.0,4.5,4.5,49221.0,80.0,3865.0,6.0,110.0,6.5,111.0,7.0,73.0,7.5,11.0,8.0,108.0,4.5,225.0,4.0,622.0,3.5,202.0,3.0,78.0,2.5,518.0
2023-04-27 21:00:19.25,1682600419250000000,5.0,4.5,4.5,49221.0,80.0,3865.0,5.0,100.0,6.0,110.0,6.5,111.0,7.0,73.0,7.5,11.0,4.5,225.0,4.0,622.0,3.5,202.0,3.0,78.0,2.5,518.0
2023-04-27 21:00:20.25,1682600420250000000,5.0,4.5,4.5,49221.0,80.0,3865.0,5.0,100.0,6.0,110.0,6.5,111.0,7.0,73.0,7.5,11.0,4.5,235.0,4.0,622.0,3.5,202.0,3.0,78.0,2.5,518.0
2023-04-27 21:00:24.0,1682600424000000000,5.0,4.5,4.5,49221.0,80.0,3865.0,5.0,100.0,6.0,110.0,6.5,129.0,7.0,73.0,7.5,11.0,4.5,235.0,4.0,640.0,3.5,202.0,3.0,78.0,2.5,518.0
2023-04-27 21:00:24.5,1682600424500000000,5.0,4.5,4.5,49221.0,80.0,3865.0,5.0,100.0,6.0,110.0,6.5,129.0,7.0,73.0,7.5,11.0,4.5,245.0,4.0,640.0,3.5,202.0,3.0,78.0,2.5,518.0
2023-04-27 21:00:24.75,1682600424750000000,5.0,4.5,4.5,49221.0,80.0,3865.0,5.0,127.0,6.0,110.0,6.5,129.0,7.0,73.0,7.5,11.0,4.5,245.0,4.0,650.0,3.5,202.0,3.0,78.0,2.5,518.0
2023-04-27 21:00:27.25,1682600427250000000,5.0,4.5,4.5,49221.0,80.0,3865.0,5.0,127.0,6.0,110.0,6.5,129.0,7.0,73.0,7.5,11.0,4.5,255.0,4.0,650.0,3.5,202.0,3.0,78.0,2.5,518.0
2023-04-27 21:00:27.5,1682600427500000000,5.0,4.5,4.5,49221.0,80.0,3865.0,5.0,127.0,6.0,110.0,6.5,129.0,7.0,73.0,7.5,11.0,4.5,255.0,4.0,700.0,3.5,202.0,3.0,78.0,2.5,518.0
2023-04-27 21:00:28.0,1682600428000000000,5.0,4.5,4.5,49221.0,80.0,3865.0,5.0,27.0,6.0,110.0,6.5,129.0,7.0,73.0,7.5,11.0,4.5,255.0,4.0,804.0,3.5,202.0,3.0,78.0,2.5,518.0
2023-04-27 21:00:28.25,1682600428250000000,5.0,4.5,4.5,49221.0,180.0,8365.0,5.0,27.0,6.0,110.0,6.5,111.0,7.0,73.0,7.5,11.0,4.5,205.0,4.0,786.0,3.5,202.0,3.0,78.0,2.5,518.0
2023-04-27 21:00:29.5,1682600429500000000,5.0,4.5,4.5,49221.0,180.0,8365.0,5.0,27.0,6.0,110.0,6.5,111.0,7.0,73.0,7.5,11.0,4.5,215.0,4.0,786.0,3.5,202.0,3.0,78.0,2.5,518.0
2023-04-27 21:00:30.75,1682600430750000000,5.0,5.0,4.5,49221.0,190.0,8865.0,5.0,17.0,6.0,110.0,6.5,111.0,7.0,73.0,7.5,11.0,4.5,215.0,4.0,786.0,3.5,202.0,3.0,78.0,2.5,518.0
2023-04-27 21:00:31.25,1682600431250000000,5.0,5.0,4.5,49221.0,190.0,8865.0,5.0,17.0,6.0,110.0,6.5,111.0,7.0,73.0,7.5,11.0,4.5,225.0,4.0,786.0,3.5,202.0,3.0,78.0,2.5,518.0
2023-04-27 21:00:33.0,1682600433000000000,5.0,5.0,4.5,49221.0,190.0,8865.0,5.0,17.0,6.0,110.0,6.5,111.0,7.0,73.0,7.5,11.0,4.5,235.0,4.0,786.0,3.5,202.0,3.0,78.0,2.5,518.0
2023-04-27 21:00:33.25,1682600433250000000,5.0,5.0,4.5,49221.0,190.0,8865.0,5.0,67.0,6.0,110.0,6.5,111.0,7.0,73.0,7.5,11.0,4.5,235.0,4.0,788.0,3.5,204.0,3.0,78.0,2.5,518.0
2023-04-27 21:00:34.0,1682600434000000000,5.0,5.0,4.5,49221.0,190.0,8865.0,5.0,117.0,6.0,110.0,6.5,111.0,7.0,73.0,7.5,11.0,4.5,265.0,4.0,788.0,3.5,204.0,3.0,78.0,2.5,518.0
2023-04-27 21:00:34.5,1682600434500000000,5.0,5.0,4.5,49221.0,190.0,8865.0,5.0,117.0,6.0,110.0,6.5,111.0,7.0,73.0,7.5,11.0,4.5,275.0,4.0,788.0,3.5,204.0,3.0,78.0,2.5,518.0
2023-04-27 21:00:36.0,1682600436000000000,5.0,5.0,4.5,49221.0,190.0,8865.0,5.0,117.0,5.5,40.0,6.0,110.0,6.5,111.0,7.0,73.0,4.5,275.0,4.0,788.0,3.5,204.0,3.0,78.0,2.5,518.0
2023-04-27 21:00:36.25,1682600436250000000,5.0,5.0,4.5,49221.0,190.0,8865.0,5.0,117.0,5.5,40.0,6.0,110.0,6.5,111.0,7.0,73.0,4.5,285.0,4.0,788.0,3.5,204.0,3.0,78.0,2.5,518.0
2023-04-27 21:00:36.5,1682600436500000000,5.0,5.0,4.5,49221.0,290.0,13865.0,5.0,117.0,5.5,40.0,6.0,110.0,6.5,111.0,7.0,73.0,4.5,285.0,4.0,788.0,3.5,204.0,3.0,78.0,2.5,518.0
2023-04-27 21:00:36.75,1682600436750000000,5.0,5.0,4.5,49221.0,290.0,13865.0,5.0,117.0,5.5,40.0,6.0,110.0,6.5,111.0,7.0,73.0,4.5,286.0,4.0,788.0,3.5,204.0,3.0,78.0,2.5,518.0
2023-04-27 21:00:37.0,1682600437000000000,5.0,5.0,4.5,49221.0,290.0,13865.0,5.0,117.0,5.5,40.0,6.0,110.0,6.5,111.0,7.0,73.0,4.5,286.0,4.0,788.0,3.5,202.0,3.0,78.0,2.5,518.0
2023-04-27 21:00:37.25,1682600437250000000,5.0,5.0,4.5,49221.0,290.0,13865.0,5.0,117.0,5.5,40.0,6.0,110.0,6.5,111.0,7.0,73.0,4.5,286.0,4.0,788.0,3.5,202.0,3.0,80.0,2.5,518.0
2023-04-27 21:00:38.0,1682600438000000000,5.0,5.0,4.5,49221.0,290.0,13865.0,5.0,117.0,5.5,40.0,6.0,110.0,6.5,111.0,7.0,73.0,4.5,296.0,4.0,788.0,3.5,202.0,3.0,80.0,2.5,518.0
2023-04-27 21:00:40.25,1682600440250000000,5.0,5.0,4.5,49221.0,291.0,13915.0,5.0,116.0,5.5,40.0,6.0,110.0,6.5,111.0,7.0,73.0,4.5,296.0,4.0,788.0,3.5,202.0,3.0,80.0,2.5,518.0
2023-04-27 21:00:41.0,1682600441000000000,5.0,5.0,4.5,49221.0,291.0,13915.0,5.0,116.0,5.5,40.0,6.0,110.0,6.5,111.0,7.0,73.0,4.5,306.0,4.0,788.0,3.5,202.0,3.0,80.0,2.5,518.0
2023-04-27 21:00:41.75,1682600441750000000,5.0,5.0,4.5,49221.0,291.0,13915.0,5.0,116.0,5.5,40.0,6.0,110.0,6.5,111.0,7.0,73.0,4.5,311.0,4.0,788.0,3.5,202.0,3.0,80.0,2.5,518.0
2023-04-27 21:00:43.0,1682600443000000000,5.0,5.0,4.5,49221.0,291.0,13915.0,5.0,116.0,5.5,40.0,6.0,110.0,6.5,111.0,7.0,73.0,4.5,371.0,4.0,788.0,3.5,202.0,3.0,80.0,2.5,518.0
2023-04-27 21:00:45.0,1682600445000000000,5.0,5.0,4.5,49221.0,292.0,13965.0,5.0,115.0,5.5,40.0,6.0,110.0,6.5,111.0,7.0,73.0,4.5,371.0,4.0,788.0,3.5,202.0,3.0,80.0,2.5,518.0
2023-04-27 21:00:45.25,1682600445250000000,5.0,5.0,4.5,49221.0,292.0,13965.0,5.0,115.0,5.5,40.0,6.0,110.0,6.5,111.0,7.0,73.0,4.5,371.0,4.0,888.0,3.5,202.0,3.0,80.0,2.5,518.0
2023-04-27 21:00:46.5,1682600446500000000,5.0,5.0,4.5,49221.0,292.0,13965.0,5.0,115.0,5.5,40.0,6.0,110.0,6.5,111.0,7.0,73.0,4.5,371.0,4.0,828.0,3.5,202.0,3.0,80.0,2.5,518.0
2023-04-27 21:00:47.75,1682600447750000000,5.0,5.0,4.5,49221.0,292.0,13965.0,5.0,115.0,5.5,40.0,6.0,110.0,6.5,111.0,7.0,73.0,4.5,401.0,4.0,828.0,3.5,202.0,3.0,80.0,2.5,518.0
2023-04-27 21:00:48.25,1682600448250000000,5.0,5.0,4.5,49221.0,292.0,13965.0,5.0,115.0,5.5,40.0,6.0,110.0,6.5,111.0,7.0,73.0,4.5,401.0,4.0,829.0,3.5,202.0,3.0,80.0,2.5,518.0
2023-04-27 21:00:50.0,1682600450000000000,5.0,5.0,4.5,49221.0,295.0,14115.0,5.0,112.0,5.5,40.0,6.0,110.0,6.5,111.0,7.0,73.0,4.5,401.0,4.0,829.0,3.5,202.0,3.0,80.0,2.5,518.0
2023-04-27 21:00:52.25,1682600452250000000,5.0,5.0,4.5,49221.0,355.0,17115.0,5.0,52.0,5.5,40.0,6.0,110.0,6.5,111.0,7.0,73.0,4.5,401.0,4.0,829.0,3.5,202.0,3.0,80.0,2.5,518.0
2023-04-27 21:00:54.25,1682600454250000000,5.0,4.5,4.5,49221.0,405.0,19365.0,5.0,52.0,5.5,40.0,6.0,110.0,6.5,111.0,7.0,73.0,4.5,351.0,4.0,829.0,3.5,202.0,3.0,80.0,2.5,518.0
2023-04-27 21:00:54.75,1682600454750000000,5.0,5.0,4.5,49221.0,415.0,19865.0,5.0,42.0,5.5,40.0,6.0,110.0,6.5,111.0,7.0,73.0,4.5,351.0,4.0,829.0,3.5,202.0,3.0,80.0,2.5,518.0
2023-04-27 21:00:55.75,1682600455750000000,5.0,5.0,4.5,49221.0,415.0,19865.0,5.0,42.0,5.5,40.0,6.0,110.0,6.5,111.0,7.0,73.0,4.5,354.0,4.0,829.0,3.5,202.0,3.0,80.0,2.5,518.0
2023-04-27 21:00:57.0,1682600457000000000,5.0,5.0,4.5,49221.0,425.0,20365.0,5.0,32.0,5.5,40.0,6.0,110.0,6.5,111.0,7.0,73.0,4.5,354.0,4.0,829.0,3.5,202.0,3.0,80.0,2.5,518.0
2023-04-27 21:00:58.0,1682600458000000000,5.0,5.0,4.5,49221.0,425.0,20365.0,5.0,32.0,5.5,40.0,6.0,110.0,6.5,111.0,7.0,73.0,4.5,354.0,4.0,853.0,3.5,202.0,3.0,56.0,2.5,518.0
2023-04-27 21:00:58.5,1682600458500000000,5.0,5.0,4.5,49221.0,438.0,21015.0,5.0,19.0,5.5,40.0,6.0,110.0,6.5,111.0,7.0,73.0,4.5,354.0,4.0,853.0,3.5,202.0,3.0,56.0,2.5,518.0
2023-04-27 21:00:58.75,1682600458750000000,5.0,5.0,4.5,49221.0,439.0,21065.0,5.0,18.0,5.5,40.0,6.0,110.0,6.5,111.0,7.0,73.0,4.5,354.0,4.0,853.0,3.5,202.0,3.0,56.0,2.5,518.0
2023-04-27 21:00:59.0,1682600459000000000,5.0,5.0,4.5,49221.0,439.0,21065.0,5.0,68.0,5.5,40.0,6.0,110.0,6.5,111.0,7.0,73.0,4.5,354.0,4.0,853.0,3.5,202.0,3.0,56.0,2.5,518.0
2023-04-27 21:00:59.75,1682600459750000000,5.0,5.0,4.5,49221.0,439.0,21065.0,5.0,68.0,5.5,40.0,6.0,110.0,6.5,111.0,7.0,73.0,4.5,354.0,4.0,854.0,3.5,202.0,3.0,56.0,2.5,518.0
2023-04-27 21:01:00.25,1682600460250000000,5.0,5.0,4.5,49221.0,449.0,21565.0,5.0,58.0,5.5,40.0,6.0,110.0,6.5,111.0,7.0,73.0,4.5,354.0,4.0,854.0,3.5,202.0,3.0,56.0,2.5,518.0
2023-04-27 21:01:00.5,1682600460500000000,5.0,5.0,4.5,49221.0,454.0,21815.0,5.0,53.0,5.5,40.0,6.0,110.0,6.5,111.0,7.0,73.0,4.5,354.0,4.0,854.0,3.5,202.0,3.0,56.0,2.5,518.0
2023-04-27 21:01:00.75,1682600460750000000,5.0,5.0,4.5,49221.0,454.0,21815.0,5.0,53.0,5.5,40.0,6.0,110.0,6.5,111.0,7.0,73.0,4.5,355.0,4.0,854.0,3.5,202.0,3.0,56.0,2.5,518.0
2023-04-27 21:01:01.0,1682600461000000000,5.0,5.0,4.5,49221.0,464.0,22315.0,5.0,43.0,5.5,40.0,6.0,110.0,6.5,111.0,7.0,73.0,4.5,355.0,4.0,854.0,3.5,202.0,3.0,56.0,2.5,518.0
2023-04-27 21:01:02.75,1682600462750000000,5.0,5.0,4.5,49221.0,474.0,22815.0,5.0,33.0,5.5,40.0,6.0,110.0,6.5,111.0,7.0,73.0,4.5,355.0,4.0,854.0,3.5,202.0,3.0,56.0,2.5,518.0
2023-04-27 21:01:05.0,1682600465000000000,5.0,5.0,4.5,49221.0,474.0,22815.0,5.5,40.0,6.0,110.0,6.5,111.0,7.0,73.0,7.5,11.0,4.5,355.0,4.0,854.0,3.5,202.0,3.0,56.0,2.5,518.0
2023-04-27 21:01:05.25,1682600465250000000,5.0,5.0,4.5,49221.0,474.0,22815.0,5.5,73.0,6.0,110.0,6.5,111.0,7.0,73.0,7.5,11.0,4.5,355.0,4.0,854.0,3.5,202.0,3.0,56.0,2.5,518.0
2023-04-27 21:01:08.0,1682600468000000000,5.0,5.0,4.5,49221.0,474.0,22815.0,5.5,73.0,6.0,128.0,6.5,111.0,7.0,73.0,7.5,11.0,4.5,373.0,4.0,854.0,3.5,202.0,3.0,56.0,2.5,518.0
2023-04-27 21:01:08.75,1682600468750000000,5.0,5.0,4.5,49221.0,474.0,22815.0,5.5,93.0,6.0,128.0,6.5,111.0,7.0,73.0,7.5,11.0,4.5,373.0,4.0,854.0,3.5,202.0,3.0,56.0,2.5,518.0
2023-04-27 21:01:09.0,1682600469000000000,5.0,5.0,4.5,49221.0,474.0,22815.0,5.5,93.0,6.0,128.0,6.5,111.0,7.0,73.0,7.5,11.0,4.5,433.0,4.0,854.0,3.5,202.0,3.0,56.0,2.5,518.0
2023-04-27 21:01:09.25,1682600469250000000,5.0,5.0,4.5,49221.0,474.0,22815.0,5.5,73.0,6.0,128.0,6.5,111.0,7.0,73.0,7.5,11.0,4.5,433.0,4.0,854.0,3.5,202.0,3.0,56.0,2.5,518.0
2023-04-27 21:01:09.5,1682600469500000000,5.0,5.0,4.5,49221.0,474.0,22815.0,5.5,73.0,6.0,130.0,6.5,111.0,7.0,73.0,7.5,11.0,4.5,415.0,4.0,854.0,3.5,202.0,3.0,56.0,2.5,518.0
2023-04-27 21:01:09.75,1682600469750000000,5.0,5.0,4.5,49221.0,474.0,22815.0,5.5,73.0,6.0,110.0,6.5,111.0,7.0,73.0,7.5,11.0,4.5,415.0,4.0,854.0,3.5,202.0,3.0,56.0,2.5,518.0
2023-04-27 21:01:11.25,1682600471250000000,5.0,5.0,4.5,49221.0,474.0,22815.0,5.5,73.0,6.0,110.0,6.5,111.0,7.0,73.0,7.5,11.0,5.0,1.0,4.5,415.0,4.0,854.0,3.5,202.0,3.0,56.0
2023-04-27 21:01:13.5,1682600473500000000,5.0,5.0,4.5,49221.0,475.0,22865.0,5.0,19.0,5.5,73.0,6.0,110.0,6.5,111.0,7.0,73.0,4.5,415.0,4.0,854.0,3.5,202.0,3.0,56.0,2.5,518.0
2023-04-27 21:01:14.5,1682600474500000000,5.0,5.0,4.5,49221.0,475.0,22865.0,5.0,19.0,5.5,73.0,6.0,110.0,6.5,111.0,7.0,73.0,4.5,415.0,4.0,855.0,3.5,202.0,3.0,56.0,2.5,518.0
2023-04-27 21:01:15.5,1682600475500000000,5.0,5.0,4.5,49221.0,475.0,22865.0,5.0,19.0,5.5,73.0,6.0,110.0,6.5,111.0,7.0,73.0,4.5,415.0,4.0,865.0,3.5,202.0,3.0,56.0,2.5,518.0
2023-04-27 21:01:15.75,1682600475750000000,5.0,5.0,4.5,49221.0,475.0,22865.0,5.0,19.0,5.5,73.0,6.0,110.0,6.5,111.0,7.0,73.0,4.5,446.0,4.0,865.0,3.5,202.0,3.0,56.0,2.5,518.0
2023-04-27 21:01:17.5,1682600477500000000,5.0,5.0,4.5,49221.0,475.0,22865.0,5.0,19.0,5.5,73.0,6.0,110.0,6.5,111.0,7.0,73.0,4.5,446.0,4.0,864.0,3.5,202.0,3.0,56.0,2.5,518.0
2023-04-27 21:01:17.75,1682600477750000000,5.0,5.0,4.5,49221.0,475.0,22865.0,5.0,19.0,5.5,73.0,6.0,110.0,6.5,111.0,7.0,73.0,4.5,447.0,4.0,864.0,3.5,202.0,3.0,56.0,2.5,518.0
2023-04-27 21:01:18.0,1682600478000000000,5.0,5.0,4.5,49221.0,475.0,22865.0,5.0,19.0,5.5,73.0,6.0,110.0,6.5,111.0,7.0,73.0,4.5,477.0,4.0,864.0,3.5,202.0,3.0,56.0,2.5,518.0
2023-04-27 21:01:20.25,1682600480250000000,5.0,5.0,4.5,49221.0,485.0,23365.0,5.0,9.0,5.5,73.0,6.0,110.0,6.5,111.0,7.0,73.0,4.5,477.0,4.0,864.0,3.5,202.0,3.0,56.0,2.5,518.0
2023-04-27 21:01:20.75,1682600480750000000,5.0,5.0,4.5,49221.0,494.0,23815.0,5.5,73.0,6.0,110.0,6.5,111.0,7.0,73.0,7.5,11.0,5.0,91.0,4.5,477.0,4.0,864.0,3.5,202.0,3.0,56.0
2023-04-27 21:01:25.25,1682600485250000000,5.0,5.0,4.5,49221.0,494.0,23815.0,5.5,73.0,6.0,110.0,6.5,111.0,7.0,73.0,7.5,11.0,5.0,101.0,4.5,477.0,4.0,864.0,3.5,202.0,3.0,56.0
2023-04-27 21:01:30.75,1682600490750000000,5.0,5.0,4.5,49221.0,494.0,23815.0,5.5,73.0,6.0,110.0,6.5,111.0,7.0,73.0,7.5,11.0,5.0,101.0,4.5,477.0,4.0,764.0,3.5,202.0,3.0,56.0
2023-04-27 21:01:33.75,1682600493750000000,5.0,5.0,4.5,49221.0,494.0,23815.0,5.5,73.0,6.0,110.0,6.5,111.0,7.0,73.0,7.5,11.0,5.0,101.0,4.5,477.0,4.0,664.0,3.5,202.0,3.0,56.0
2023-04-27 21:01:34.25,1682600494250000000,5.5,5.5,4.5,49221.0,495.0,23870.0,5.5,72.0,6.0,128.0,6.5,111.0,7.0,73.0,7.5,11.0,5.0,101.0,4.5,495.0,4.0,664.0,3.5,202.0,3.0,56.0
2023-04-27 21:01:34.5,1682600494500000000,5.5,5.5,4.5,49221.0,495.0,23870.0,5.5,72.0,6.0,110.0,6.5,111.0,7.0,73.0,7.5,11.0,5.0,101.0,4.5,477.0,4.0,664.0,3.5,202.0,3.0,56.0
2023-04-27 21:01:37.25,1682600497250000000,5.5,5.5,4.5,49221.0,495.0,23870.0,5.5,72.0,6.0,110.0,6.5,111.0,7.0,73.0,7.5,11.0,5.0,102.0,4.5,477.0,4.0,764.0,3.5,202.0,3.0,56.0
2023-04-27 21:01:37.75,1682600497750000000,5.5,5.5,4.5,49221.0,567.0,27830.0,6.0,110.0,6.5,111.0,7.0,73.0,7.5,11.0,8.0,218.0,5.5,28.0,5.0,102.0,4.5,477.0,4.0,764.0,3.5,202.0
2023-04-27 21:01:38.5,1682600498500000000,5.5,5.5,4.5,49221.0,567.0,27830.0,6.0,110.0,6.5,111.0,7.0,73.0,7.5,11.0,8.0,218.0,5.5,38.0,5.0,102.0,4.5,477.0,4.0,764.0,3.5,202.0
2023-04-27 21:01:39.0,1682600499000000000,5.5,5.5,4.5,49221.0,567.0,27830.0,6.0,110.0,6.5,111.0,7.0,73.0,7.5,11.0,8.0,218.0,5.5,38.0,5.0,103.0,4.5,477.0,4.0,764.0,3.5,202.0
2023-04-27 21:01:39.5,1682600499500000000,5.5,5.5,4.5,49221.0,577.0,28380.0,6.0,110.0,6.5,111.0,7.0,73.0,7.5,11.0,8.0,218.0,5.5,28.0,5.0,103.0,4.5,477.0,4.0,764.0,3.5,202.0
2023-04-27 21:01:40.0,1682600500000000000,5.5,5.5,4.5,49221.0,577.0,28380.0,6.0,110.0,6.5,111.0,7.0,73.0,7.5,11.0,8.0,218.0,5.5,78.0,5.0,103.0,4.5,477.0,4.0,764.0,3.5,202.0
2023-04-27 21:01:41.25,1682600501250000000,5.5,5.5,4.5,49221.0,577.0,28380.0,6.0,110.0,6.5,111.0,7.0,73.0,7.5,11.0,8.0,218.0,5.5,68.0,5.0,114.0,4.5,477.0,4.0,764.0,3.5,202.0
2023-04-27 21:01:44.75,1682600504750000000,5.5,5.5,4.5,49221.0,577.0,28380.0,6.0,110.0,6.5,111.0,7.0,73.0,7.5,11.0,8.0,218.0,5.5,68.0,5.0,114.0,4.5,478.0,4.0,764.0,3.5,202.0
2023-04-27 21:01:48.75,1682600508750000000,5.5,5.5,4.5,49221.0,577.0,28380.0,6.0,110.0,6.5,111.0,7.0,73.0,7.5,11.0,8.0,218.0,5.5,68.0,5.0,114.0,4.5,477.0,4.0,764.0,3.5,202.0
2023-04-27 21:01:49.0,1682600509000000000,5.5,5.5,4.5,49221.0,577.0,28380.0,6.0,110.0,6.5,131.0,7.0,73.0,7.5,11.0,8.0,218.0,5.5,68.0,5.0,114.0,4.5,477.0,4.0,764.0,3.5,202.0
2023-04-27 21:01:49.75,1682600509750000000,6.0,6.0,4.5,49222.0,578.0,28440.0,6.0,109.0,6.5,111.0,7.0,73.0,7.5,11.0,8.0,218.0,5.5,68.0,5.0,114.0,4.5,477.0,4.0,764.0,3.5,202.0
2023-04-27 21:01:50.75,1682600510750000000,6.0,6.0,4.5,49222.0,578.0,28440.0,6.0,109.0,6.5,111.0,7.0,73.0,7.5,11.0,8.0,218.0,5.5,83.0,5.0,114.0,4.5,477.0,4.0,764.0,3.5,202.0
2023-04-27 21:01:56.25,1682600516250000000,6.0,6.0,4.5,49222.0,578.0,28440.0,6.0,109.0,6.5,111.0,7.0,93.0,7.5,11.0,8.0,218.0,5.5,83.0,5.0,114.0,4.5,477.0,4.0,764.0,3.5,202.0
2023-04-27 21:01:56.5,1682600516500000000,6.0,6.0,4.5,49222.0,578.0,28440.0,6.0,109.0,6.5,111.0,7.0,73.0,7.5,11.0,8.0,218.0,5.5,83.0,5.0,114.0,4.5,477.0,4.0,764.0,3.5,202.0
2023-04-27 21:01:56.75,1682600516750000000,6.0,6.0,4.5,49222.0,578.0,28440.0,6.0,109.0,6.5,111.0,7.0,93.0,7.5,11.0,8.0,218.0,5.5,83.0,5.0,114.0,4.5,477.0,4.0,764.0,3.5,202.0
2023-04-27 21:01:57.25,1682600517250000000,6.0,6.0,4.5,49222.0,578.0,28440.0,6.0,109.0,6.5,111.0,7.0,73.0,7.5,11.0,8.0,218.0,5.5,83.0,5.0,114.0,4.5,477.0,4.0,764.0,3.5,202.0
2023-04-27 21:01:58.25,1682600518250000000,6.0,6.0,4.5,49222.0,578.0,28440.0,6.0,109.0,6.5,111.0,7.0,73.0,7.5,11.0,8.0,218.0,5.5,83.0,5.0,114.0,4.5,527.0,4.0,714.0,3.5,202.0
2023-04-27 21:02:00.75,1682600520750000000,6.0,6.0,4.5,49222.0,578.0,28440.0,6.0,109.0,6.5,111.0,7.0,73.0,7.5,11.0,8.0,218.0,5.5,83.0,5.0,124.0,4.5,527.0,4.0,714.0,3.5,202.0
2023-04-27 21:02:02.25,1682600522250000000,6.0,6.0,4.5,49222.0,578.0,28440.0,6.0,109.0,6.5,111.0,7.0,73.0,7.5,11.0,8.0,218.0,5.5,83.0,5.0,134.0,4.5,527.0,4.0,714.0,3.5,202.0
2023-04-27 21:02:03.0,1682600523000000000,6.0,6.0,4.5,49222.0,578.0,28440.0,6.0,109.0,6.5,111.0,7.0,73.0,7.5,11.0,8.0,218.0,5.5,83.0,5.0,134.0,4.5,497.0,4.0,714.0,3.5,202.0
2023-04-27 21:02:03.75,1682600523750000000,6.0,6.0,4.5,49222.0,578.0,28440.0,6.0,109.0,6.5,111.0,7.0,73.0,7.5,11.0,8.0,218.0,5.5,83.0,5.0,144.0,4.5,497.0,4.0,714.0,3.5,202.0
2023-04-27 21:02:04.25,1682600524250000000,6.0,6.0,4.5,49222.0,578.0,28440.0,6.0,109.0,6.5,111.0,7.0,73.0,7.5,11.0,8.0,218.0,5.5,83.0,5.0,145.0,4.5,497.0,4.0,714.0,3.5,202.0
2023-04-27 21:02:05.75,1682600525750000000,6.0,6.0,4.5,49222.0,578.0,28440.0,6.0,109.0,6.5,111.0,7.0,73.0,7.5,11.0,8.0,218.0,5.5,83.0,5.0,145.0,4.5,597.0,4.0,714.0,3.5,202.0
2023-04-27 21:02:06.25,1682600526250000000,6.0,6.0,4.5,49222.0,578.0,28440.0,6.0,109.0,6.5,129.0,7.0,73.0,7.5,11.0,8.0,217.0,5.5,83.0,5.0,163.0,4.5,597.0,4.0,714.0,3.5,202.0
2023-04-27 21:02:06.5,1682600526500000000,6.0,6.0,4.5,49222.0,578.0,28440.0,6.0,109.0,6.5,111.0,7.0,73.0,7.5,11.0,8.0,217.0,5.5,83.0,5.0,145.0,4.5,597.0,4.0,714.0,3.5,202.0
2023-04-27 21:02:07.5,1682600527500000000,6.0,6.0,4.5,49222.0,578.0,28440.0,6.0,109.0,6.5,111.0,7.0,73.0,7.5,11.0,8.0,217.0,5.5,88.0,5.0,145.0,4.5,597.0,4.0,714.0,3.5,202.0
2023-04-27 21:02:08.25,1682600528250000000,6.0,6.0,4.5,49222.0,578.0,28440.0,6.0,109.0,6.5,111.0,7.0,73.0,7.5,11.0,8.0,217.0,5.5,88.0,5.0,155.0,4.5,597.0,4.0,714.0,3.5,202.0
2023-04-27 21:02:09.25,1682600529250000000,6.0,6.0,4.5,49222.0,578.0,28440.0,6.0,109.0,6.5,111.0,7.0,73.0,7.5,11.0,8.0,217.0,5.5,88.0,5.0,145.0,4.5,597.0,4.0,714.0,3.5,202.0
2023-04-27 21:02:09.5,1682600529500000000,6.0,6.0,4.5,49222.0,578.0,28440.0,6.0,109.0,6.5,111.0,7.0,73.0,7.5,11.0,8.0,217.0,5.5,88.0,5.0,145.0,4.5,608.0,4.0,714.0,3.5,202.0
2023-04-27 21:02:09.75,1682600529750000000,6.0,6.0,4.5,49222.0,578.0,28440.0,6.0,147.0,6.5,111.0,7.0,73.0,7.5,11.0,8.0,217.0,5.5,88.0,5.0,145.0,4.5,608.0,4.0,714.0,3.5,202.0
2023-04-27 21:02:11.5,1682600531500000000,6.0,6.0,4.5,49222.0,578.0,28440.0,6.0,147.0,6.5,111.0,7.0,73.0,7.5,11.0,8.0,217.0,5.5,88.0,5.0,145.0,4.5,608.0,4.0,784.0,3.5,202.0
2023-04-27 21:02:13.25,1682600533250000000,6.0,6.0,4.5,49222.0,578.0,28440.0,6.0,147.0,6.5,111.0,7.0,72.0,7.5,11.0,8.0,217.0,5.5,88.0,5.0,145.0,4.5,608.0,4.0,784.0,3.5,202.0
2023-04-27 21:02:14.25,1682600534250000000,6.0,6.0,4.5,49222.0,578.0,28440.0,6.0,148.0,6.5,111.0,7.0,72.0,7.5,11.0,8.0,217.0,5.5,88.0,5.0,145.0,4.5,608.0,4.0,784.0,3.5,202.0
2023-04-27 21:02:14.5,1682600534500000000,6.0,5.5,4.5,49222.0,579.0,28495.0,6.0,148.0,6.5,111.0,7.0,72.0,7.5,11.0,8.0,217.0,5.5,87.0,5.0,145.0,4.5,609.0,4.0,784.0,3.5,202.0
2023-04-27 21:02:15.5,1682600535500000000,6.0,5.5,4.5,49222.0,579.0,28495.0,6.0,148.0,6.5,111.0,7.0,72.0,7.5,11.0,8.0,217.0,5.5,87.0,5.0,145.0,4.5,615.0,4.0,784.0,3.5,202.0
2023-04-27 21:02:20.0,1682600540000000000,6.0,5.5,4.5,49222.0,579.0,28495.0,6.0,148.0,6.5,111.0,7.0,72.0,7.5,11.0,8.0,217.0,5.5,87.0,5.0,145.0,4.5,585.0,4.0,784.0,3.5,202.0
2023-04-27 21:02:20.5,1682600540500000000,6.0,5.5,4.5,49222.0,579.0,28495.0,6.0,148.0,6.5,111.0,7.0,89.0,7.5,11.0,8.0,217.0,5.5,87.0,5.0,145.0,4.5,585.0,4.0,784.0,3.5,202.0
2023-04-27 21:02:20.75,1682600540750000000,6.0,5.5,4.5,49222.0,579.0,28495.0,6.0,148.0,6.5,111.0,7.0,89.0,7.5,11.0,8.0,217.0,5.5,97.0,5.0,145.0,4.5,585.0,4.0,784.0,3.5,202.0
2023-04-27 21:02:21.5,1682600541500000000,6.0,5.5,4.5,49222.0,579.0,28495.0,6.0,148.0,6.5,116.0,7.0,89.0,7.5,11.0,8.0,217.0,5.5,97.0,5.0,145.0,4.5,585.0,4.0,784.0,3.5,202.0
2023-04-27 21:02:23.0,1682600543000000000,6.0,5.5,4.5,49222.0,579.0,28495.0,6.0,148.0,6.5,116.0,7.0,89.0,7.5,11.0,8.0,217.0,5.5,97.0,5.0,145.0,4.5,585.0,4.0,782.0,3.5,202.0
2023-04-27 21:02:23.25,1682600543250000000,6.0,5.5,4.5,49222.0,579.0,28495.0,6.0,148.0,6.5,116.0,7.0,89.0,7.5,28.0,8.0,217.0,5.5,97.0,5.0,145.0,4.5,585.0,4.0,782.0,3.5,202.0
2023-04-27 21:02:25.0,1682600545000000000,6.0,5.5,4.5,49222.0,579.0,28495.0,6.0,148.0,6.5,116.0,7.0,107.0,7.5,28.0,8.0,217.0,5.5,97.0,5.0,145.0,4.5,603.0,4.0,782.0,3.5,202.0
2023-04-27 21:02:26.5,1682600546500000000,6.0,5.5,4.5,49222.0,607.0,30035.0,6.0,148.0,6.5,116.0,7.0,107.0,7.5,28.0,8.0,217.0,5.5,69.0,5.0,145.0,4.5,603.0,4.0,782.0,3.5,202.0
2023-04-27 21:02:26.75,1682600546750000000,6.0,5.5,4.5,49222.0,676.0,33830.0,5.5,31.0,6.0,148.0,6.5,116.0,7.0,107.0,7.5,28.0,5.0,145.0,4.5,603.0,4.0,782.0,3.5,202.0,3.0,56.0
2023-04-27 21:02:27.25,1682600547250000000,6.0,5.0,4.5,49222.0,776.0,38830.0,5.5,31.0,6.0,148.0,6.5,116.0,7.0,107.0,7.5,28.0,5.0,45.0,4.5,603.0,4.0,782.0,3.5,202.0,3.0,56.0
2023-04-27 21:02:27.5,1682600547500000000,6.0,5.0,4.5,49222.0,821.0,41080.0,5.0,55.0,5.5,31.0,6.0,148.0,6.5,116.0,7.0,107.0,4.5,603.0,4.0,782.0,3.5,202.0,3.0,56.0,2.5,518.0
2023-04-27 21:02:27.75,1682600547750000000,6.0,5.0,4.5,49222.0,821.0,41080.0,5.0,255.0,5.5,31.0,6.0,198.0,6.5,134.0,7.0,89.0,4.5,585.0,4.0,782.0,3.5,220.0,3.0,56.0,2.5,518.0
2023-04-27 21:02:28.0,1682600548000000000,6.0,5.0,4.5,49222.0,821.0,41080.0,5.0,355.0,5.5,31.0,6.0,198.0,6.5,134.0,7.0,89.0,4.5,585.0,4.0,782.0,3.5,220.0,3.0,56.0,2.5,518.0
2023-04-27 21:02:28.5,1682600548500000000,6.0,4.5,4.5,49222.0,921.0,45580.0,5.0,355.0,5.5,31.0,6.0,198.0,6.5,134.0,7.0,89.0,4.5,485.0,4.0,782.0,3.5,220.0,3.0,56.0,2.5,518.0
2023-04-27 21:02:31.0,1682600551000000000,6.0,4.5,4.5,49222.0,921.0,45580.0,5.0,355.0,5.5,31.0,6.0,198.0,6.5,134.0,7.0,109.0,4.5,485.0,4.0,782.0,3.5,220.0,3.0,56.0,2.5,518.0
2023-04-27 21:02:32.0,1682600552000000000,6.0,4.5,4.5,49222.0,921.0,45580.0,5.0,355.0,5.5,31.0,6.0,198.0,6.5,134.0,7.0,89.0,4.5,485.0,4.0,782.0,3.5,220.0,3.0,56.0,2.5,518.0
2023-04-27 21:02:32.5,1682600552500000000,6.0,4.5,4.5,49222.0,921.0,45580.0,5.0,355.0,5.5,31.0,6.0,198.0,6.5,134.0,7.0,92.0,4.5,485.0,4.0,782.0,3.5,220.0,3.0,56.0,2.5,518.0
2023-04-27 21:02:35.25,1682600555250000000,6.0,4.5,4.5,49222.0,921.0,45580.0,5.0,355.0,5.5,49.0,6.0,198.0,6.5,116.0,7.0,92.0,4.5,503.0,4.0,782.0,3.5,202.0,3.0,56.0,2.5,518.0
2023-04-27 21:02:36.25,1682600556250000000,6.0,4.5,4.5,49222.0,921.0,45580.0,5.0,378.0,5.5,49.0,6.0,198.0,6.5,116.0,7.0,92.0,4.5,503.0,4.0,782.0,3.5,202.0,3.0,56.0,2.5,518.0
2023-04-27 21:02:38.25,1682600558250000000,6.0,4.5,4.5,49222.0,921.0,45580.0,5.0,378.0,5.5,49.0,6.0,198.0,6.5,116.0,7.0,112.0,4.5,503.0,4.0,782.0,3.5,202.0,3.0,56.0,2.5,518.0
2023-04-27 21:02:38.75,1682600558750000000,6.0,4.5,4.5,49222.0,921.0,45580.0,5.0,378.0,5.5,49.0,6.0,198.0,6.5,116.0,7.0,92.0,4.5,503.0,4.0,782.0,3.5,202.0,3.0,56.0,2.5,518.0
2023-04-27 21:02:41.75,1682600561750000000,6.0,4.5,4.5,49222.0,921.0,45580.0,5.0,378.0,5.5,49.0,6.0,198.0,6.5,116.0,7.0,112.0,4.5,503.0,4.0,782.0,3.5,202.0,3.0,56.0,2.5,518.0
2023-04-27 21:02:43.5,1682600563500000000,6.0,4.5,4.5,49222.0,921.0,45580.0,5.0,378.0,5.5,49.0,6.0,198.0,6.5,116.0,7.0,92.0,4.5,503.0,4.0,782.0,3.5,202.0,3.0,56.0,2.5,518.0
2023-04-27 21:02:44.75,1682600564750000000,6.0,4.5,4.5,49222.0,921.0,45580.0,5.0,378.0,5.5,49.0,6.0,398.0,6.5,116.0,7.0,92.0,4.5,503.0,4.0,782.0,3.5,202.0,3.0,56.0,2.5,518.0
2023-04-27 21:02:47.75,1682600567750000000,6.0,5.0,4.5,49222.0,931.0,46080.0,5.0,368.0,5.5,49.0,6.0,398.0,6.5,116.0,7.0,92.0,4.5,503.0,4.0,782.0,3.5,202.0,3.0,56.0,2.5,518.0
2023-04-27 21:02:48.25,1682600568250000000,6.0,5.0,4.5,49222.0,931.0,46080.0,5.0,368.0,5.5,49.0,6.0,398.0,6.5,116.0,7.0,92.0,4.5,511.0,4.0,782.0,3.5,202.0,3.0,54.0,2.5,518.0
2023-04-27 21:02:48.75,1682600568750000000,6.0,5.0,4.5,49222.0,935.0,46280.0,5.0,364.0,5.5,49.0,6.0,398.0,6.5,116.0,7.0,92.0,4.5,511.0,4.0,782.0,3.5,202.0,3.0,54.0,2.5,518.0
2023-04-27 21:02:49.5,1682600569500000000,6.0,5.0,4.5,49222.0,935.0,46280.0,5.0,364.0,5.5,49.0,6.0,398.0,6.5,116.0,7.0,92.0,4.5,511.0,4.0,882.0,3.5,202.0,3.0,54.0,2.5,518.0
2023-04-27 21:02:49.75,1682600569750000000,6.0,5.0,4.5,49222.0,935.0,46280.0,5.0,364.0,5.5,59.0,6.0,398.0,6.5,116.0,7.0,92.0,4.5,521.0,4.0,882.0,3.5,202.0,3.0,54.0,2.5,518.0
2023-04-27 21:02:50.25,1682600570250000000,6.0,5.0,4.5,49222.0,935.0,46280.0,5.0,364.0,5.5,69.0,6.0,398.0,6.5,116.0,7.0,92.0,4.5,521.0,4.0,882.0,3.5,212.0,3.0,54.0,2.5,518.0
2023-04-27 21:02:50.75,1682600570750000000,6.0,5.0,4.5,49222.0,935.0,46280.0,5.0,364.0,5.5,69.0,6.0,398.0,6.5,116.0,7.0,92.0,4.5,523.0,4.0,882.0,3.5,212.0,3.0,54.0,2.5,518.0
2023-04-27 21:02:51.25,1682600571250000000,6.0,5.0,4.5,49222.0,936.0,46330.0,5.0,363.0,5.5,69.0,6.0,398.0,6.5,116.0,7.0,92.0,4.5,523.0,4.0,882.0,3.5,212.0,3.0,54.0,2.5,518.0
2023-04-27 21:02:52.25,1682600572250000000,6.0,5.0,4.5,49222.0,936.0,46330.0,5.0,363.0,5.5,69.0,6.0,398.0,6.5,116.0,7.0,92.0,4.5,534.0,4.0,882.0,3.5,212.0,3.0,54.0,2.5,518.0
2023-04-27 21:02:53.25,1682600573250000000,6.0,5.0,4.5,49222.0,936.0,46330.0,5.0,363.0,5.5,69.0,6.0,398.0,6.5,116.0,7.0,92.0,4.5,564.0,4.0,882.0,3.5,212.0,3.0,54.0,2.5,518.0
2023-04-27 21:02:54.5,1682600574500000000,6.0,5.0,4.5,49222.0,936.0,46330.0,5.0,363.0,5.5,69.0,6.0,398.0,6.5,116.0,7.0,92.0,4.5,564.0,4.0,884.0,3.5,212.0,3.0,54.0,2.5,518.0
2023-04-27 21:02:57.0,1682600577000000000,6.0,5.0,4.5,49222.0,941.0,46580.0,5.0,358.0,5.5,69.0,6.0,398.0,6.5,116.0,7.0,92.0,4.5,564.0,4.0,884.0,3.5,212.0,3.0,54.0,2.5,518.0
2023-04-27 21:02:57.25,1682600577250000000,6.0,5.0,4.5,49222.0,941.0,46580.0,5.0,358.0,5.5,69.0,6.0,398.0,6.5,116.0,7.0,92.0,4.5,565.0,4.0,884.0,3.5,212.0,3.0,54.0,2.5,518.0
2023-04-27 21:02:57.75,1682600577750000000,6.0,5.0,4.5,49222.0,941.0,46580.0,5.0,358.0,5.5,69.0,6.0,398.0,6.5,116.0,7.0,92.0,4.5,570.0,4.0,884.0,3.5,212.0,3.0,54.0,2.5,518.0
2023-04-27 21:02:58.25,1682600578250000000,6.0,4.5,4.5,49222.0,956.0,47255.0,5.0,358.0,5.5,69.0,6.0,398.0,6.5,116.0,7.0,102.0,4.5,555.0,4.0,894.0,3.5,212.0,3.0,54.0,2.5,518.0
2023-04-27 21:02:59.25,1682600579250000000,6.0,5.0,4.5,49222.0,960.0,47455.0,5.0,354.0,5.5,69.0,6.0,398.0,6.5,116.0,7.0,102.0,4.5,555.0,4.0,884.0,3.5,212.0,3.0,64.0,2.5,518.0
2023-04-27 21:03:00.5,1682600580500000000,6.0,5.0,4.5,49222.0,960.0,47455.0,5.0,354.0,5.5,69.0,6.0,398.0,6.5,116.0,7.0,102.0,4.5,563.0,4.0,884.0,3.5,212.0,3.0,64.0,2.5,518.0
2023-04-27 21:03:00.75,1682600580750000000,6.0,5.0,4.5,49222.0,960.0,47455.0,5.0,354.0,5.5,69.0,6.0,398.0,6.5,91.0,7.0,102.0,4.5,573.0,4.0,884.0,3.5,212.0,3.0,64.0,2.5,518.0
2023-04-27 21:03:03.5,1682600583500000000,6.0,5.0,4.5,49222.0,960.0,47455.0,5.0,354.0,5.5,69.0,6.0,398.0,6.5,91.0,7.0,102.0,4.5,574.0,4.0,884.0,3.5,212.0,3.0,64.0,2.5,518.0
2023-04-27 21:03:03.75,1682600583750000000,6.0,5.0,4.5,49222.0,960.0,47455.0,5.0,354.0,5.5,59.0,6.0,398.0,6.5,91.0,7.0,102.0,4.5,564.0,4.0,884.0,3.5,212.0,3.0,64.0,2.5,518.0
2023-04-27 21:03:04.0,1682600584000000000,6.0,5.0,4.5,49222.0,960.0,47455.0,5.0,354.0,5.5,59.0,6.0,398.0,6.5,91.0,7.0,102.0,4.5,564.0,4.0,885.0,3.5,212.0,3.0,64.0,2.5,518.0
2023-04-27 21:03:05.75,1682600585750000000,6.0,5.0,4.5,49222.0,960.0,47455.0,5.0,354.0,5.5,59.0,6.0,398.0,6.5,91.0,7.0,104.0,4.5,564.0,4.0,885.0,3.5,212.0,3.0,64.0,2.5,518.0
2023-04-27 21:03:06.25,1682600586250000000,6.0,5.0,4.5,49222.0,960.0,47455.0,5.0,354.0,5.5,59.0,6.0,398.0,6.5,91.0,7.0,104.0,4.5,564.0,4.0,935.0,3.5,212.0,3.0,64.0,2.5,518.0
2023-04-27 21:03:07.0,1682600587000000000,6.0,5.0,4.5,49222.0,960.0,47455.0,5.0,354.0,5.5,59.0,6.0,398.0,6.5,91.0,7.0,104.0,4.5,564.0,4.0,935.0,3.5,213.0,3.0,64.0,2.5,518.0
2023-04-27 21:03:07.25,1682600587250000000,6.0,5.0,4.5,49222.0,960.0,47455.0,5.0,354.0,5.5,59.0,6.0,398.0,6.5,91.0,7.0,104.0,4.5,565.0,4.0,935.0,3.5,213.0,3.0,64.0,2.5,518.0
2023-04-27 21:03:08.5,1682600588500000000,6.0,5.0,4.5,49222.0,975.0,48205.0,5.0,339.0,5.5,59.0,6.0,398.0,6.5,91.0,7.0,104.0,4.5,565.0,4.0,935.0,3.5,213.0,3.0,64.0,2.5,518.0
2023-04-27 21:03:09.5,1682600589500000000,6.0,5.0,4.5,49222.0,975.0,48205.0,5.0,339.0,5.5,59.0,6.0,398.0,6.5,91.0,7.0,104.0,4.5,565.0,4.0,935.0,3.5,213.0,3.0,65.0,2.5,518.0
2023-04-27 21:03:10.75,1682600590750000000,6.0,5.0,4.5,49222.0,975.0,48205.0,5.0,339.0,5.5,59.0,6.0,398.0,6.5,91.0,7.0,104.0,4.5,570.0,4.0,935.0,3.5,213.0,3.0,65.0,2.5,518.0
2023-04-27 21:03:12.25,1682600592250000000,6.0,5.0,4.5,49222.0,985.0,48705.0,5.0,329.0,5.5,59.0,6.0,398.0,6.5,91.0,7.0,104.0,4.5,570.0,4.0,935.0,3.5,213.0,3.0,65.0,2.5,518.0
2023-04-27 21:03:13.25,1682600593250000000,6.0,5.0,4.5,49222.0,986.0,48755.0,5.0,328.0,5.5,59.0,6.0,398.0,6.5,91.0,7.0,104.0,4.5,570.0,4.0,935.0,3.5,213.0,3.0,65.0,2.5,518.0
2023-04-27 21:03:13.75,1682600593750000000,6.0,5.0,4.5,49222.0,986.0,48755.0,5.0,328.0,5.5,59.0,6.0,398.0,6.5,91.0,7.0,104.0,4.5,570.0,4.0,935.0,3.5,213.0,3.0,65.0,2.5,519.0
2023-04-27 21:03:14.25,1682600594250000000,6.0,5.0,4.5,49222.0,991.0,49005.0,5.0,323.0,5.5,59.0,6.0,398.0,6.5,91.0,7.0,104.0,4.5,570.0,4.0,935.0,3.5,213.0,3.0,65.0,2.5,519.0
2023-04-27 21:03:15.25,1682600595250000000,6.0,5.0,4.5,49222.0,994.0,49155.0,5.0,320.0,5.5,59.0,6.0,398.0,6.5,91.0,7.0,104.0,4.5,570.0,4.0,935.0,3.5,213.0,3.0,65.0,2.5,519.0
2023-04-27 21:03:16.25,1682600596250000000,6.0,5.0,4.5,49222.0,997.0,49305.0,5.0,317.0,5.5,59.0,6.0,398.0,6.5,91.0,7.0,104.0,4.5,570.0,4.0,935.0,3.5,213.0,3.0,65.0,2.5,519.0
2023-04-27 21:03:16.5,1682600596500000000,6.0,5.0,4.5,49222.0,997.0,49305.0,5.0,317.0,5.5,59.0,6.0,398.0,6.5,91.0,7.0,104.0,4.5,570.0,4.0,955.0,3.5,213.0,3.0,65.0,2.5,519.0
2023-04-27 21:03:17.25,1682600597250000000,6.0,5.0,4.5,49222.0,997.0,49305.0,5.0,317.0,5.5,59.0,6.0,398.0,6.5,91.0,7.0,104.0,4.5,585.0,4.0,955.0,3.5,213.0,3.0,65.0,2.5,519.0
2023-04-27 21:03:17.5,1682600597500000000,6.0,5.0,4.5,49222.0,998.0,49355.0,5.0,316.0,5.5,59.0,6.0,398.0,6.5,91.0,7.0,104.0,4.5,585.0,4.0,955.0,3.5,213.0,3.0,65.0,2.5,519.0
2023-04-27 21:03:18.25,1682600598250000000,6.0,5.0,4.5,49222.0,998.0,49355.0,5.0,316.0,5.5,59.0,6.0,398.0,6.5,91.0,7.0,104.0,4.5,585.0,4.0,1005.0,3.5,213.0,3.0,65.0,2.5,519.0
2023-04-27 21:03:19.5,1682600599500000000,6.0,5.0,4.5,49222.0,1008.0,49855.0,5.0,306.0,5.5,59.0,6.0,398.0,6.5,91.0,7.0,104.0,4.5,585.0,4.0,1005.0,3.5,213.0,3.0,65.0,2.5,519.0
2023-04-27 21:03:20.0,1682600600000000000,6.0,5.0,4.5,49222.0,1008.0,49855.0,5.0,306.0,5.5,59.0,6.0,398.0,6.5,91.0,7.0,104.0,4.5,605.0,4.0,1005.0,3.5,213.0,3.0,65.0,2.5,519.0
2023-04-27 21:03:20.25,1682600600250000000,6.0,5.0,4.5,49222.0,1009.0,49905.0,5.0,305.0,5.5,59.0,6.0,398.0,6.5,91.0,7.0,104.0,4.5,605.0,4.0,1005.0,3.5,213.0,3.0,65.0,2.5,519.0
2023-04-27 21:03:20.5,1682600600500000000,6.0,5.0,4.5,49222.0,1011.0,50005.0,5.0,303.0,5.5,59.0,6.0,398.0,6.5,91.0,7.0,104.0,4.5,605.0,4.0,1005.0,3.5,213.0,3.0,65.0,2.5,519.0
2023-04-27 21:03:22.0,1682600602000000000,6.0,5.0,4.5,49222.0,1021.0,50505.0,5.0,293.0,5.5,59.0,6.0,398.0,6.5,91.0,7.0,104.0,4.5,605.0,4.0,1005.0,3.5,213.0,3.0,65.0,2.5,519.0
2023-04-27 21:03:22.25,1682600602250000000,6.0,5.0,4.5,49222.0,1021.0,50505.0,5.0,293.0,5.5,59.0,6.0,398.0,6.5,91.0,7.0,104.0,4.5,615.0,4.0,1005.0,3.5,213.0,3.0,65.0,2.5,519.0
2023-04-27 21:03:27.5,1682600607500000000,6.0,5.0,4.5,49222.0,1021.0,50505.0,5.0,293.0,5.5,59.0,6.0,398.0,6.5,91.0,7.0,104.0,4.5,615.0,4.0,1015.0,3.5,213.0,3.0,65.0,2.5,519.0
2023-04-27 21:03:28.25,1682600608250000000,6.0,5.0,4.5,49222.0,1021.0,50505.0,5.0,293.0,5.5,59.0,6.0,398.0,6.5,91.0,7.0,107.0,4.5,615.0,4.0,1015.0,3.5,213.0,3.0,65.0,2.5,519.0
2023-04-27 21:03:31.0,1682600611000000000,6.0,5.0,4.5,49222.0,1021.0,50505.0,5.0,294.0,5.5,59.0,6.0,398.0,6.5,91.0,7.0,107.0,4.5,616.0,4.0,1015.0,3.5,213.0,3.0,65.0,2.5,519.0
2023-04-27 21:03:31.5,1682600611500000000,6.0,5.0,4.5,49222.0,1041.0,51505.0,5.0,274.0,5.5,59.0,6.0,398.0,6.5,91.0,7.0,107.0,4.5,616.0,4.0,1015.0,3.5,213.0,3.0,65.0,2.5,519.0
2023-04-27 21:03:33.5,1682600613500000000,6.0,5.0,4.5,49222.0,1046.0,51755.0,5.0,269.0,5.5,59.0,6.0,398.0,6.5,91.0,7.0,107.0,4.5,616.0,4.0,1015.0,3.5,213.0,3.0,65.0,2.5,519.0
2023-04-27 21:03:33.75,1682600613750000000,6.0,5.0,4.5,49222.0,1047.0,51805.0,5.0,268.0,5.5,59.0,6.0,398.0,6.5,91.0,7.0,107.0,4.5,616.0,4.0,1015.0,3.5,213.0,3.0,65.0,2.5,519.0
2023-04-27 21:03:37.75,1682600617750000000,6.0,5.0,4.5,49222.0,1047.0,51805.0,5.0,268.0,5.5,59.0,6.0,398.0,6.5,91.0,7.0,107.0,4.5,615.0,4.0,1015.0,3.5,213.0,3.0,65.0,2.5,519.0
2023-04-27 21:03:38.25,1682600618250000000,6.0,5.0,4.5,49222.0,1048.0,51855.0,5.0,267.0,5.5,59.0,6.0,398.0,6.5,91.0,7.0,107.0,4.5,615.0,4.0,1015.0,3.5,213.0,3.0,65.0,2.5,519.0
2023-04-27 21:03:40.75,1682600620750000000,6.0,5.0,4.5,49222.0,1053.0,52105.0,5.0,262.0,5.5,59.0,6.0,398.0,6.5,91.0,7.0,107.0,4.5,615.0,4.0,1015.0,3.5,213.0,3.0,65.0,2.5,519.0
2023-04-27 21:03:41.25,1682600621250000000,6.0,5.0,4.5,49222.0,1063.0,52605.0,5.0,252.0,5.5,59.0,6.0,398.0,6.5,91.0,7.0,107.0,4.5,615.0,4.0,1015.0,3.5,213.0,3.0,65.0,2.5,519.0
2023-04-27 21:03:42.25,1682600622250000000,6.0,5.0,4.5,49222.0,1063.0,52605.0,5.0,252.0,5.5,59.0,6.0,398.0,6.5,91.0,7.0,107.0,4.5,815.0,4.0,1015.0,3.5,213.0,3.0,65.0,2.5,519.0
2023-04-27 21:03:44.25,1682600624250000000,6.0,5.0,4.5,49222.0,1063.0,52605.0,5.0,252.0,5.5,59.0,6.0,398.0,6.5,91.0,7.0,107.0,4.5,815.0,4.0,1215.0,3.5,213.0,3.0,65.0,2.5,519.0
2023-04-27 21:03:44.5,1682600624500000000,6.0,5.0,4.5,49222.0,1063.0,52605.0,5.0,252.0,5.5,59.0,6.0,398.0,6.5,91.0,7.0,107.0,4.5,814.0,4.0,1215.0,3.5,213.0,3.0,65.0,2.5,519.0
2023-04-27 21:03:45.0,1682600625000000000,6.0,5.0,4.5,49222.0,1064.0,52655.0,5.0,251.0,5.5,59.0,6.0,398.0,6.5,91.0,7.0,107.0,4.5,814.0,4.0,1215.0,3.5,213.0,3.0,65.0,2.5,519.0
2023-04-27 21:03:47.5,1682600627500000000,6.0,5.0,4.5,49222.0,1064.0,52655.0,5.0,251.0,5.5,41.0,6.0,398.0,6.5,91.0,7.0,107.0,4.5,796.0,4.0,1215.0,3.5,213.0,3.0,65.0,2.5,519.0
2023-04-27 21:03:48.25,1682600628250000000,6.0,5.0,4.5,49222.0,1064.0,52655.0,5.0,251.0,5.5,41.0,6.0,398.0,6.5,91.0,7.0,107.0,4.5,795.0,4.0,1215.0,3.5,213.0,3.0,65.0,2.5,519.0
2023-04-27 21:03:48.75,1682600628750000000,6.0,5.0,4.5,49222.0,1065.0,52705.0,5.0,250.0,5.5,41.0,6.0,398.0,6.5,91.0,7.0,107.0,4.5,795.0,4.0,1215.0,3.5,213.0,3.0,65.0,2.5,519.0
2023-04-27 21:03:51.25,1682600631250000000,6.0,5.0,4.5,49222.0,1088.0,53855.0,5.0,227.0,5.5,41.0,6.0,398.0,6.5,91.0,7.0,107.0,4.5,795.0,4.0,1215.0,3.5,213.0,3.0,65.0,2.5,519.0
2023-04-27 21:03:52.25,1682600632250000000,6.0,5.0,4.5,49222.0,1088.0,53855.0,5.0,227.0,5.5,41.0,6.0,398.0,6.5,91.0,7.0,107.0,4.5,815.0,4.0,1215.0,3.5,213.0,3.0,65.0,2.5,519.0
2023-04-27 21:03:58.75,1682600638750000000,6.0,5.0,4.5,49222.0,1188.0,58855.0,5.0,127.0,5.5,41.0,6.0,398.0,6.5,91.0,7.0,107.0,4.5,815.0,4.0,1215.0,3.5,213.0,3.0,65.0,2.5,519.0
2023-04-27 21:04:00.0,1682600640000000000,6.0,5.0,4.5,49222.0,1188.0,58855.0,5.0,127.0,5.5,41.0,6.0,398.0,6.5,109.0,7.0,107.0,4.5,815.0,4.0,1215.0,3.5,231.0,3.0,65.0,2.5,519.0
2023-04-27 21:04:02.5,1682600642500000000,6.0,5.0,4.5,49222.0,1188.0,58855.0,5.0,127.0,5.5,59.0,6.0,398.0,6.5,91.0,7.0,107.0,4.5,833.0,4.0,1215.0,3.5,213.0,3.0,65.0,2.5,519.0
2023-04-27 21:04:03.75,1682600643750000000,6.0,5.0,4.5,49222.0,1288.0,63855.0,5.0,27.0,5.5,59.0,6.0,398.0,6.5,91.0,7.0,107.0,4.5,833.0,4.0,1215.0,3.5,213.0,3.0,65.0,2.5,519.0
2023-04-27 21:04:04.5,1682600644500000000,6.0,5.0,4.5,49222.0,1288.0,63855.0,5.0,27.0,5.5,41.0,6.0,398.0,6.5,91.0,7.0,107.0,4.5,815.0,4.0,1215.0,3.5,213.0,3.0,65.0,2.5,519.0
2023-04-27 21:04:05.75,1682600645750000000,6.0,5.0,4.5,49222.0,1308.0,64855.0,5.0,6.0,5.5,41.0,6.0,398.0,6.5,92.0,7.0,107.0,4.5,815.0,4.0,1215.0,3.5,213.0,3.0,65.0,2.5,519.0
2023-04-27 21:04:07.75,1682600647750000000,6.0,4.5,4.5,49222.0,1313.0,65080.0,5.0,6.0,5.5,41.0,6.0,398.0,6.5,92.0,7.0,107.0,4.5,810.0,4.0,1215.0,3.5,213.0,3.0,65.0,2.5,519.0
2023-04-27 21:04:08.25,1682600648250000000,6.0,5.0,4.5,49222.0,1315.0,65180.0,5.0,4.0,5.5,61.0,6.0,398.0,6.5,92.0,7.0,107.0,4.5,810.0,4.0,1215.0,3.5,213.0,3.0,65.0,2.5,519.0
2023-04-27 21:04:12.5,1682600652500000000,6.0,5.0,4.5,49222.0,1315.0,65180.0,5.0,4.0,5.5,61.0,6.0,398.0,6.5,110.0,7.0,107.0,4.5,810.0,4.0,1233.0,3.5,213.0,3.0,65.0,2.5,519.0
2023-04-27 21:04:12.75,1682600652750000000,6.0,5.0,4.5,49222.0,1315.0,65180.0,5.0,4.0,5.5,61.0,6.0,398.0,6.5,110.0,7.0,107.0,4.5,811.0,4.0,1233.0,3.5,213.0,3.0,65.0,2.5,519.0
2023-04-27 21:04:13.25,1682600653250000000,6.0,5.0,4.5,49222.0,1319.0,65380.0,5.5,61.0,6.0,407.0,6.5,86.0,7.0,107.0,7.5,69.0,5.0,1.0,4.5,820.0,4.0,1209.0,3.5,213.0,3.0,65.0
2023-04-27 21:04:13.5,1682600653500000000,6.0,5.0,4.5,49222.0,1319.0,65380.0,5.5,52.0,6.0,417.0,6.5,67.0,7.0,107.0,7.5,69.0,5.0,1.0,4.5,820.0,4.0,1201.0,3.5,203.0,3.0,65.0
2023-04-27 21:04:15.5,1682600655500000000,6.0,5.0,4.5,49222.0,1319.0,65380.0,5.5,21.0,6.0,417.0,6.5,67.0,7.0,107.0,7.5,69.0,5.0,1.0,4.5,820.0,4.0,1201.0,3.5,203.0,3.0,65.0
2023-04-27 21:04:15.75,1682600655750000000,6.0,5.0,4.5,49222.0,1319.0,65380.0,5.5,21.0,6.0,435.0,6.5,67.0,7.0,107.0,7.5,69.0,5.0,1.0,4.5,838.0,4.0,1201.0,3.5,203.0,3.0,65.0
2023-04-27 21:04:16.0,1682600656000000000,6.0,5.0,4.5,49222.0,1320.0,65430.0,5.0,30.0,5.5,21.0,6.0,435.0,6.5,67.0,7.0,107.0,4.5,838.0,4.0,1201.0,3.5,203.0,3.0,65.0,2.5,519.0
2023-04-27 21:04:16.25,1682600656250000000,6.0,5.0,4.5,49222.0,1320.0,65430.0,5.0,31.0,5.5,48.0,6.0,407.0,6.5,67.0,7.0,107.0,4.5,838.0,4.0,1191.0,3.5,213.0,3.0,65.0,2.5,519.0
2023-04-27 21:04:18.25,1682600658250000000,6.0,5.0,4.5,49222.0,1320.0,65430.0,5.0,31.0,5.5,48.0,6.0,407.0,6.5,67.0,7.0,107.0,4.5,848.0,4.0,1191.0,3.5,213.0,3.0,65.0,2.5,519.0
2023-04-27 21:04:19.0,1682600659000000000,6.0,5.0,4.5,49223.0,1351.0,66980.0,5.5,48.0,6.0,407.0,6.5,67.0,7.0,107.0,7.5,69.0,5.0,29.0,4.5,847.0,4.0,1191.0,3.5,213.0,3.0,65.0
2023-04-27 21:04:19.25,1682600659250000000,6.0,5.0,4.5,49223.0,1351.0,66980.0,5.5,20.0,6.0,435.0,6.5,67.0,7.0,107.0,7.5,69.0,5.0,29.0,4.5,847.0,4.0,1201.0,3.5,203.0,3.0,65.0
2023-04-27 21:04:20.25,1682600660250000000,6.0,5.0,4.5,49223.0,1351.0,66980.0,5.5,21.0,6.0,435.0,6.5,67.0,7.0,107.0,7.5,69.0,5.0,30.0,4.5,847.0,4.0,1201.0,3.5,203.0,3.0,65.0
2023-04-27 21:04:21.5,1682600661500000000,6.0,5.0,4.5,49223.0,1351.0,66980.0,5.5,21.0,6.0,435.0,6.5,67.0,7.0,107.0,7.5,69.0,5.0,40.0,4.5,847.0,4.0,1201.0,3.5,203.0,3.0,65.0
2023-04-27 21:04:21.75,1682600661750000000,6.0,5.0,4.5,49223.0,1351.0,66980.0,5.5,21.0,6.0,435.0,6.5,67.0,7.0,107.0,7.5,69.0,5.0,40.0,4.5,847.0,4.0,1201.0,3.5,203.0,3.0,165.0
2023-04-27 21:04:24.0,1682600664000000000,6.0,5.0,4.5,49222.0,1391.0,68980.0,5.0,60.0,5.5,20.0,6.0,435.0,6.5,67.0,7.0,107.0,4.5,847.0,4.0,1201.0,3.5,203.0,3.0,165.0,2.5,519.0
2023-04-27 21:04:24.25,1682600664250000000,6.0,5.0,4.5,49222.0,1391.0,68980.0,5.0,60.0,5.5,48.0,6.0,407.0,6.5,67.0,7.0,107.0,4.5,847.0,4.0,1191.0,3.5,213.0,3.0,165.0,2.5,519.0
2023-04-27 21:04:24.5,1682600664500000000,6.0,5.0,4.5,49222.0,1391.0,68980.0,5.0,61.0,5.5,48.0,6.0,407.0,6.5,67.0,7.0,107.0,4.5,848.0,4.0,1191.0,3.5,213.0,3.0,165.0,2.5,519.0
2023-04-27 21:04:30.5,1682600670500000000,6.0,5.0,4.5,49222.0,1391.0,68980.0,5.0,61.0,5.5,108.0,6.0,407.0,6.5,67.0,7.0,107.0,4.5,848.0,4.0,1191.0,3.5,213.0,3.0,165.0,2.5,519.0
2023-04-27 21:04:34.5,1682600674500000000,6.0,5.0,4.5,49222.0,1411.0,69980.0,5.0,41.0,5.5,108.0,6.0,407.0,6.5,67.0,7.0,107.0,4.5,818.0,4.0,1191.0,3.5,213.0,3.0,165.0,2.5,519.0
2023-04-27 21:04:36.75,1682600676750000000,6.0,5.0,4.5,49222.0,1411.0,69980.0,5.0,43.0,5.5,108.0,6.0,407.0,6.5,67.0,7.0,107.0,4.5,818.0,4.0,1191.0,3.5,213.0,3.0,165.0,2.5,519.0
2023-04-27 21:04:38.0,1682600678000000000,6.0,5.0,4.5,49222.0,1411.0,69980.0,5.0,43.0,5.5,108.0,6.0,407.0,6.5,67.0,7.0,107.0,4.5,868.0,4.0,1191.0,3.5,213.0,3.0,165.0,2.5,519.0
2023-04-27 21:04:38.25,1682600678250000000,6.0,5.0,4.5,49222.0,1411.0,69980.0,5.0,43.0,5.5,108.0,6.0,407.0,6.5,67.0,7.0,107.0,4.5,868.0,4.0,1193.0,3.5,213.0,3.0,165.0,2.5,519.0
2023-04-27 21:04:39.75,1682600679750000000,6.0,4.5,4.5,49222.0,1531.0,75380.0,5.0,43.0,5.5,108.0,6.0,407.0,6.5,67.0,7.0,107.0,4.5,748.0,4.0,1193.0,3.5,213.0,3.0,165.0,2.5,519.0
2023-04-27 21:04:40.25,1682600680250000000,6.0,5.0,4.5,49222.0,1541.0,75880.0,5.0,33.0,5.5,108.0,6.0,407.0,6.5,67.0,7.0,107.0,4.5,748.0,4.0,1193.0,3.5,213.0,3.0,165.0,2.5,519.0
2023-04-27 21:04:41.5,1682600681500000000,6.0,5.0,4.5,49222.0,1541.0,75880.0,5.0,33.0,5.5,108.0,6.0,407.0,6.5,67.0,7.0,107.0,4.5,748.0,4.0,1191.0,3.5,213.0,3.0,165.0,2.5,519.0
2023-04-27 21:04:44.25,1682600684250000000,6.0,5.0,4.5,49222.0,1541.0,75880.0,5.0,33.0,5.5,108.0,6.0,407.0,6.5,67.0,7.0,109.0,4.5,748.0,4.0,1191.0,3.5,213.0,3.0,165.0,2.5,519.0
2023-04-27 21:04:47.25,1682600687250000000,6.0,5.0,4.5,49222.0,1541.0,75880.0,5.0,33.0,5.5,108.0,6.0,407.0,6.5,67.0,7.0,109.0,4.5,748.0,4.0,1193.0,3.5,213.0,3.0,165.0,2.5,519.0
2023-04-27 21:04:48.75,1682600688750000000,6.0,5.0,4.5,49222.0,1551.0,76380.0,5.0,23.0,5.5,108.0,6.0,407.0,6.5,67.0,7.0,109.0,4.5,748.0,4.0,1193.0,3.5,213.0,3.0,165.0,2.5,519.0
2023-04-27 21:04:49.25,1682600689250000000,6.0,5.0,4.5,49222.0,1553.0,76480.0,5.0,21.0,5.5,108.0,6.0,407.0,6.5,67.0,7.0,109.0,4.5,748.0,4.0,1193.0,3.5,213.0,3.0,165.0,2.5,519.0
2023-04-27 21:04:50.0,1682600690000000000,6.0,5.0,4.5,49222.0,1554.0,76530.0,5.0,20.0,5.5,108.0,6.0,407.0,6.5,67.0,7.0,109.0,4.5,748.0,4.0,1193.0,3.5,213.0,3.0,165.0,2.5,519.0
2023-04-27 21:04:52.25,1682600692250000000,6.0,5.0,4.5,49222.0,1555.0,76580.0,5.0,19.0,5.5,108.0,6.0,407.0,6.5,67.0,7.0,109.0,4.5,748.0,4.0,1193.0,3.5,213.0,3.0,165.0,2.5,519.0
2023-04-27 21:04:53.0,1682600693000000000,6.0,5.0,4.5,49222.0,1557.0,76680.0,5.0,17.0,5.5,108.0,6.0,407.0,6.5,67.0,7.0,109.0,4.5,748.0,4.0,1193.0,3.5,213.0,3.0,165.0,2.5,519.0
2023-04-27 21:04:54.25,1682600694250000000,6.0,5.0,4.5,49222.0,1557.0,76680.0,5.0,17.0,5.5,108.0,6.0,407.0,6.5,67.0,7.0,109.0,4.5,748.0,4.0,1191.0,3.5,213.0,3.0,165.0,2.5,519.0
2023-04-27 21:04:55.0,1682600695000000000,6.0,5.0,4.5,49222.0,1558.0,76730.0,5.0,16.0,5.5,108.0,6.0,407.0,6.5,67.0,7.0,109.0,4.5,748.0,4.0,1191.0,3.5,213.0,3.0,165.0,2.5,519.0
2023-04-27 21:04:58.25,1682600698250000000,6.0,5.0,4.5,49222.0,1558.0,76730.0,5.0,16.0,5.5,108.0,6.0,407.0,6.5,67.0,7.0,109.0,4.5,748.0,4.0,1241.0,3.5,213.0,3.0,165.0,2.5,519.0
2023-04-27 21:05:00.5,1682600700500000000,6.0,5.0,4.5,49222.0,1558.0,76730.0,5.0,16.0,5.5,118.0,6.0,407.0,6.5,67.0,7.0,109.0,4.5,758.0,4.0,1241.0,3.5,213.0,3.0,165.0,2.5,519.0
2023-04-27 21:05:02.0,1682600702000000000,6.0,5.0,4.5,49222.0,1558.0,76730.0,5.0,16.0,5.5,118.0,6.0,407.0,6.5,67.0,7.0,109.0,4.5,769.0,4.0,1241.0,3.5,213.0,3.0,165.0,2.5,519.0
2023-04-27 21:05:03.75,1682600703750000000,6.0,5.0,4.5,49222.0,1560.0,76830.0,5.0,14.0,5.5,118.0,6.0,407.0,6.5,67.0,7.0,109.0,4.5,769.0,4.0,1241.0,3.5,213.0,3.0,165.0,2.5,519.0
2023-04-27 21:05:04.5,1682600704500000000,6.0,5.0,4.5,49222.0,1564.0,77030.0,5.0,10.0,5.5,118.0,6.0,407.0,6.5,67.0,7.0,109.0,4.5,769.0,4.0,1237.0,3.5,213.0,3.0,165.0,2.5,519.0
2023-04-27 21:05:04.75,1682600704750000000,6.0,5.0,4.5,49222.0,1574.0,77530.0,5.5,118.0,6.0,407.0,6.5,67.0,7.0,109.0,7.5,67.0,4.5,768.0,4.0,1237.0,3.5,213.0,3.0,165.0,2.5,519.0
2023-04-27 21:05:05.0,1682600705000000000,6.0,5.0,4.5,49222.0,1574.0,77530.0,5.5,90.0,6.0,435.0,6.5,67.0,7.0,109.0,7.5,67.0,4.5,768.0,4.0,1237.0,3.5,213.0,3.0,165.0,2.5,519.0
2023-04-27 21:05:05.25,1682600705250000000,6.0,5.0,4.5,49222.0,1574.0,77530.0,5.5,80.0,6.0,445.0,6.5,67.0,7.0,109.0,7.5,67.0,5.0,10.0,4.5,758.0,4.0,1237.0,3.5,213.0,3.0,165.0
2023-04-27 21:05:05.5,1682600705500000000,6.0,5.0,4.5,49222.0,1574.0,77530.0,5.5,80.0,6.0,445.0,6.5,67.0,7.0,109.0,7.5,67.0,5.0,10.0,4.5,758.0,4.0,1247.0,3.5,203.0,3.0,165.0
2023-04-27 21:05:05.75,1682600705750000000,6.0,5.0,4.5,49222.0,1574.0,77530.0,5.5,80.0,6.0,445.0,6.5,67.0,7.0,109.0,7.5,87.0,5.0,28.0,4.5,740.0,4.0,1247.0,3.5,203.0,3.0,165.0
2023-04-27 21:05:06.0,1682600706000000000,6.0,5.0,4.5,49222.0,1574.0,77530.0,5.5,81.0,6.0,445.0,6.5,67.0,7.0,109.0,7.5,87.0,5.0,28.0,4.5,741.0,4.0,1247.0,3.5,203.0,3.0,165.0
2023-04-27 21:05:07.5,1682600707500000000,6.0,5.0,4.5,49222.0,1574.0,77530.0,5.5,81.0,6.0,445.0,6.5,67.0,7.0,109.0,7.5,87.0,5.0,28.0,4.5,781.0,4.0,1247.0,3.5,203.0,3.0,165.0
2023-04-27 21:05:08.0,1682600708000000000,6.0,5.0,4.5,49222.0,1574.0,77530.0,5.5,81.0,6.0,445.0,6.5,67.0,7.0,109.0,7.5,87.0,5.0,28.0,4.5,781.0,4.0,1252.0,3.5,203.0,3.0,165.0
2023-04-27 21:05:08.25,1682600708250000000,6.0,5.0,4.5,49222.0,1574.0,77530.0,5.5,81.0,6.0,445.0,6.5,67.0,7.0,109.0,7.5,67.0,5.0,29.0,4.5,780.0,4.0,1252.0,3.5,203.0,3.0,165.0
2023-04-27 21:05:09.75,1682600709750000000,6.0,5.0,4.5,49222.0,1574.0,77530.0,5.5,90.0,6.0,445.0,6.5,67.0,7.0,109.0,7.5,67.0,5.0,29.0,4.5,780.0,4.0,1252.0,3.5,203.0,3.0,165.0
2023-04-27 21:05:10.0,1682600710000000000,6.0,5.0,4.5,49222.0,1574.0,77530.0,5.5,90.0,6.0,445.0,6.5,67.0,7.0,109.0,7.5,67.0,5.0,129.0,4.5,780.0,4.0,1252.0,3.5,203.0,3.0,165.0
2023-04-27 21:05:11.75,1682600711750000000,6.0,5.0,4.5,49222.0,1574.0,77530.0,5.5,90.0,6.0,445.0,6.5,67.0,7.0,109.0,7.5,67.0,5.0,129.0,4.5,780.0,4.0,1252.0,3.5,303.0,3.0,165.0
2023-04-27 21:05:12.0,1682600712000000000,6.0,5.0,4.5,49222.0,1574.0,77530.0,5.5,90.0,6.0,445.0,6.5,67.0,7.0,112.0,7.5,67.0,5.0,129.0,4.5,780.0,4.0,1252.0,3.5,303.0,3.0,165.0
2023-04-27 21:05:13.0,1682600713000000000,6.0,5.0,4.5,49222.0,1574.0,77530.0,5.5,90.0,6.0,445.0,6.5,67.0,7.0,112.0,7.5,67.0,5.0,129.0,4.5,780.0,4.0,1252.0,3.5,303.0,3.0,170.0
2023-04-27 21:05:13.25,1682600713250000000,6.0,5.0,4.5,49222.0,1575.0,77580.0,5.5,90.0,6.0,436.0,6.5,67.0,7.0,112.0,7.5,67.0,5.0,110.0,4.5,798.0,4.0,1252.0,3.5,303.0,3.0,170.0
2023-04-27 21:05:16.5,1682600716500000000,6.0,5.0,4.5,49222.0,1575.0,77580.0,5.5,90.0,6.0,436.0,6.5,67.0,7.0,112.0,7.5,67.0,5.0,120.0,4.5,798.0,4.0,1252.0,3.5,303.0,3.0,170.0
2023-04-27 21:05:17.25,1682600717250000000,6.0,5.0,4.5,49222.0,1575.0,77580.0,5.5,90.0,6.0,436.0,6.5,67.0,7.0,112.0,7.5,67.0,5.0,120.0,4.5,787.0,4.0,1252.0,3.5,303.0,3.0,170.0
2023-04-27 21:05:19.0,1682600719000000000,6.0,5.0,4.5,49222.0,1575.0,77580.0,5.5,99.0,6.0,436.0,6.5,67.0,7.0,112.0,7.5,67.0,5.0,120.0,4.5,787.0,4.0,1252.0,3.5,303.0,3.0,170.0
2023-04-27 21:05:24.5,1682600724500000000,6.0,5.0,4.5,49222.0,1575.0,77580.0,5.5,99.0,6.0,436.0,6.5,67.0,7.0,112.0,7.5,67.0,5.0,130.0,4.5,787.0,4.0,1252.0,3.5,303.0,3.0,170.0
2023-04-27 21:05:25.5,1682600725500000000,6.0,5.0,4.5,49222.0,1575.0,77580.0,5.5,99.0,6.0,436.0,6.5,67.0,7.0,112.0,7.5,67.0,5.0,134.0,4.5,787.0,4.0,1252.0,3.5,303.0,3.0,170.0
2023-04-27 21:05:26.5,1682600726500000000,6.0,5.0,4.5,49222.0,1575.0,77580.0,5.5,99.0,6.0,436.0,6.5,67.0,7.0,129.0,7.5,67.0,5.0,134.0,4.5,787.0,4.0,1252.0,3.5,303.0,3.0,170.0
2023-04-27 21:05:28.75,1682600728750000000,6.0,5.0,4.5,49222.0,1575.0,77580.0,5.5,99.0,6.0,436.0,6.5,124.0,7.0,129.0,7.5,67.0,5.0,134.0,4.5,787.0,4.0,1252.0,3.5,303.0,3.0,170.0
2023-04-27 21:05:32.0,1682600732000000000,6.0,5.0,4.5,49312.0,1675.0,82580.0,5.5,98.0,6.0,436.0,6.5,124.0,7.0,129.0,7.5,67.0,5.0,34.0,4.5,787.0,4.0,1252.0,3.5,303.0,3.0,170.0
2023-04-27 21:05:32.25,1682600732250000000,6.0,5.0,4.5,49312.0,1675.0,82580.0,5.5,98.0,6.0,436.0,6.5,124.0,7.0,129.0,7.5,67.0,5.0,44.0,4.5,787.0,4.0,1252.0,3.5,303.0,3.0,170.0
2023-04-27 21:05:33.0,1682600733000000000,6.0,5.0,4.5,49312.0,1675.0,82580.0,5.5,99.0,6.0,436.0,6.5,124.0,7.0,129.0,7.5,67.0,5.0,45.0,4.5,787.0,4.0,1252.0,3.5,303.0,3.0,170.0
2023-04-27 21:05:34.75,1682600734750000000,6.0,5.0,4.5,49312.0,1675.0,82580.0,5.5,199.0,6.0,436.0,6.5,124.0,7.0,129.0,7.5,67.0,5.0,45.0,4.5,787.0,4.0,1252.0,3.5,303.0,3.0,170.0
2023-04-27 21:05:36.25,1682600736250000000,6.0,5.0,4.5,49347.0,1720.0,84830.0,5.0,55.0,5.5,198.0,6.0,436.0,6.5,124.0,7.0,129.0,4.5,787.0,4.0,1252.0,3.5,303.0,3.0,170.0,2.5,519.0
2023-04-27 21:05:36.5,1682600736500000000,6.0,5.0,4.5,49347.0,1730.0,85330.0,5.0,45.0,5.5,226.0,6.0,408.0,6.5,124.0,7.0,129.0,4.5,787.0,4.0,1242.0,3.5,313.0,3.0,170.0,2.5,519.0
2023-04-27 21:05:36.75,1682600736750000000,6.0,5.0,4.5,49347.0,1730.0,85330.0,5.0,45.0,5.5,236.0,6.0,398.0,6.5,124.0,7.0,129.0,4.5,797.0,4.0,1242.0,3.5,313.0,3.0,170.0,2.5,519.0
2023-04-27 21:05:37.5,1682600737500000000,6.0,5.0,4.5,49347.0,1730.0,85330.0,5.0,46.0,5.5,236.0,6.0,398.0,6.5,124.0,7.0,129.0,4.5,798.0,4.0,1242.0,3.5,313.0,3.0,170.0,2.5,519.0
2023-04-27 21:05:43.5,1682600743500000000,6.0,5.0,4.5,49347.0,1730.0,85330.0,5.0,46.0,5.5,236.0,6.0,413.0,6.5,124.0,7.0,129.0,4.5,798.0,4.0,1242.0,3.5,313.0,3.0,170.0,2.5,519.0
2023-04-27 21:05:46.0,1682600746000000000,6.0,5.0,4.5,49353.0,1736.0,85630.0,5.0,40.0,5.5,236.0,6.0,413.0,6.5,124.0,7.0,129.0,4.5,798.0,4.0,1242.0,3.5,313.0,3.0,170.0,2.5,519.0
2023-04-27 21:05:53.25,1682600753250000000,6.0,5.0,4.5,49353.0,1736.0,85630.0,5.0,40.0,5.5,236.0,6.0,413.0,6.5,124.0,7.0,136.0,4.5,798.0,4.0,1242.0,3.5,313.0,3.0,170.0,2.5,519.0
2023-04-27 21:05:53.5,1682600753500000000,6.0,5.0,4.5,49353.0,1736.0,85630.0,5.0,40.0,5.5,236.0,6.0,413.0,6.5,124.0,7.0,136.0,4.5,798.0,4.0,1242.0,3.5,313.0,3.0,270.0,2.5,519.0
2023-04-27 21:05:53.75,1682600753750000000,6.0,5.0,4.5,49353.0,1736.0,85630.0,5.0,40.0,5.5,236.0,6.0,413.0,6.5,134.0,7.0,136.0,4.5,798.0,4.0,1242.0,3.5,313.0,3.0,270.0,2.5,519.0
2023-04-27 21:05:54.75,1682600754750000000,6.0,5.0,4.5,49354.0,1737.0,85680.0,5.0,39.0,5.5,236.0,6.0,413.0,6.5,134.0,7.0,136.0,4.5,798.0,4.0,1242.0,3.5,313.0,3.0,270.0,2.5,519.0
2023-04-27 21:05:55.0,1682600755000000000,6.0,5.0,4.5,49364.0,1747.0,86180.0,5.0,29.0,5.5,236.0,6.0,413.0,6.5,134.0,7.0,136.0,4.5,798.0,4.0,1242.0,3.5,313.0,3.0,270.0,2.5,519.0
2023-04-27 21:05:56.25,1682600756250000000,6.0,5.0,4.5,49364.0,1747.0,86180.0,5.0,29.0,5.5,236.0,6.0,413.0,6.5,134.0,7.0,86.0,4.5,798.0,4.0,1242.0,3.5,313.0,3.0,270.0,2.5,519.0
2023-04-27 21:05:58.0,1682600758000000000,6.0,5.0,4.5,49364.0,1747.0,86180.0,5.0,29.0,5.5,236.0,6.0,413.0,6.5,134.0,7.0,96.0,4.5,798.0,4.0,1242.0,3.5,313.0,3.0,270.0,2.5,519.0
2023-04-27 21:05:58.75,1682600758750000000,6.0,5.0,4.5,49392.0,1776.0,87630.0,5.5,236.0,6.0,413.0,6.5,134.0,7.0,96.0,7.5,67.0,5.0,1.0,4.5,797.0,4.0,1242.0,3.5,313.0,3.0,270.0
2023-04-27 21:05:59.0,1682600759000000000,6.0,5.0,4.5,49392.0,1776.0,87630.0,5.5,208.0,6.0,441.0,6.5,134.0,7.0,96.0,7.5,67.0,5.0,1.0,4.5,779.0,4.0,1270.0,3.5,303.0,3.0,270.0
2023-04-27 21:05:59.5,1682600759500000000,6.0,5.0,4.5,49392.0,1776.0,87630.0,5.5,209.0,6.0,441.0,6.5,134.0,7.0,96.0,7.5,67.0,5.0,1.0,4.5,780.0,4.0,1270.0,3.5,303.0,3.0,270.0
2023-04-27 21:06:00.25,1682600760250000000,6.0,5.0,4.5,49392.0,1776.0,87630.0,5.5,209.0,6.0,441.0,6.5,134.0,7.0,96.0,7.5,67.0,5.0,1.0,4.5,798.0,4.0,1252.0,3.5,303.0,3.0,270.0
2023-04-27 21:06:04.25,1682600764250000000,6.0,5.0,4.5,49392.0,1776.0,87630.0,5.5,209.0,6.0,441.0,6.5,134.0,7.0,96.0,7.5,67.0,5.0,1.0,4.5,793.0,4.0,1252.0,3.5,303.0,3.0,270.0
2023-04-27 21:06:04.75,1682600764750000000,6.0,5.0,4.5,49392.0,1776.0,87630.0,5.5,209.0,6.0,441.0,6.5,134.0,7.0,96.0,7.5,67.0,5.0,2.0,4.5,793.0,4.0,1252.0,3.5,303.0,3.0,270.0
2023-04-27 21:06:07.0,1682600767000000000,6.0,5.0,4.5,49392.0,1776.0,87630.0,5.5,209.0,6.0,441.0,6.5,134.0,7.0,96.0,7.5,67.0,5.0,2.0,4.5,803.0,4.0,1252.0,3.5,303.0,3.0,270.0
2023-04-27 21:06:08.25,1682600768250000000,6.0,5.0,4.5,49392.0,1776.0,87630.0,5.5,209.0,6.0,441.0,6.5,134.0,7.0,96.0,7.5,67.0,5.0,7.0,4.5,785.0,4.0,1270.0,3.5,303.0,3.0,270.0
2023-04-27 21:06:10.0,1682600770000000000,6.0,5.0,4.5,49392.0,1776.0,87630.0,5.5,209.0,6.0,441.0,6.5,134.0,7.0,96.0,7.5,67.0,5.0,7.0,4.5,785.0,4.0,1276.0,3.5,303.0,3.0,270.0
2023-04-27 21:06:10.5,1682600770500000000,6.0,5.0,4.5,49392.0,1776.0,87630.0,5.5,199.0,6.0,441.0,6.5,134.0,7.0,96.0,7.5,67.0,5.0,7.0,4.5,775.0,4.0,1276.0,3.5,303.0,3.0,270.0
2023-04-27 21:06:12.5,1682600772500000000,6.0,5.0,4.5,49392.0,1776.0,87630.0,5.5,199.0,6.0,441.0,6.5,134.0,7.0,96.0,7.5,97.0,5.0,7.0,4.5,775.0,4.0,1276.0,3.5,303.0,3.0,270.0
2023-04-27 21:06:15.0,1682600775000000000,6.0,5.0,4.5,49392.0,1776.0,87630.0,5.5,199.0,6.0,441.0,6.5,134.0,7.0,96.0,7.5,97.0,5.0,8.0,4.5,775.0,4.0,1276.0,3.5,303.0,3.0,270.0
2023-04-27 21:06:16.5,1682600776500000000,6.0,5.0,4.5,49392.0,1776.0,87630.0,5.5,199.0,6.0,441.0,6.5,134.0,7.0,96.0,7.5,97.0,5.0,8.0,4.5,793.0,4.0,1258.0,3.5,304.0,3.0,270.0
2023-04-27 21:06:17.75,1682600777750000000,6.0,5.0,4.5,49392.0,1776.0,87630.0,5.5,199.0,6.0,441.0,6.5,134.0,7.0,116.0,7.5,97.0,5.0,8.0,4.5,793.0,4.0,1258.0,3.5,304.0,3.0,270.0
2023-04-27 21:06:18.25,1682600778250000000,6.0,5.0,4.5,49392.0,1776.0,87630.0,5.5,219.0,6.0,441.0,6.5,134.0,7.0,116.0,7.5,97.0,5.0,28.0,4.5,793.0,4.0,1258.0,3.5,304.0,3.0,270.0
2023-04-27 21:06:18.75,1682600778750000000,6.0,5.0,4.5,49392.0,1776.0,87630.0,5.5,219.0,6.0,441.0,6.5,134.0,7.0,116.0,7.5,97.0,5.0,29.0,4.5,1092.0,4.0,1258.0,3.5,304.0,3.0,270.0
2023-04-27 21:06:19.0,1682600779000000000,6.0,5.0,4.5,49392.0,1776.0,87630.0,5.5,199.0,6.0,461.0,6.5,134.0,7.0,116.0,7.5,97.0,5.0,29.0,4.5,1092.0,4.0,1258.0,3.5,304.0,3.0,270.0
2023-04-27 21:06:19.25,1682600779250000000,6.0,5.0,4.5,49392.0,1776.0,87630.0,5.5,199.0,6.0,461.0,6.5,134.0,7.0,96.0,7.5,97.0,5.0,29.0,4.5,1092.0,4.0,1258.0,3.5,304.0,3.0,270.0
2023-04-27 21:06:20.0,1682600780000000000,6.0,5.0,4.5,49392.0,1776.0,87630.0,5.5,199.0,6.0,461.0,6.5,134.0,7.0,96.0,7.5,97.0,5.0,29.0,4.5,1092.0,4.0,1558.0,3.5,304.0,3.0,270.0
2023-04-27 21:06:21.5,1682600781500000000,6.0,5.0,4.5,49392.0,1776.0,87630.0,5.5,219.0,6.0,441.0,6.5,134.0,7.0,96.0,7.5,97.0,5.0,29.0,4.5,1092.0,4.0,1558.0,3.5,304.0,3.0,270.0
2023-04-27 21:06:22.25,1682600782250000000,6.0,5.0,4.5,49392.0,1776.0,87630.0,5.5,219.0,6.0,441.0,6.5,134.0,7.0,116.0,7.5,97.0,5.0,29.0,4.5,1092.0,4.0,1558.0,3.5,304.0,3.0,270.0
2023-04-27 21:06:28.0,1682600788000000000,6.0,5.0,4.5,49392.0,1776.0,87630.0,5.5,219.0,6.0,441.0,6.5,134.0,7.0,116.0,7.5,105.0,5.0,29.0,4.5,1092.0,4.0,1558.0,3.5,304.0,3.0,270.0
2023-04-27 21:06:30.25,1682600790250000000,6.0,5.0,4.5,49392.0,1776.0,87630.0,5.5,219.0,6.0,441.0,6.5,134.0,7.0,116.0,7.5,105.0,5.0,29.0,4.5,1145.0,4.0,1558.0,3.5,604.0,3.0,270.0
2023-04-27 21:06:32.25,1682600792250000000,6.0,5.5,4.5,49392.0,1777.0,87685.0,5.5,218.0,6.0,441.0,6.5,134.0,7.0,116.0,7.5,105.0,5.0,29.0,4.5,1145.0,4.0,1558.0,3.5,604.0,3.0,270.0
2023-04-27 21:06:33.0,1682600793000000000,6.0,5.5,4.5,49392.0,1777.0,87685.0,5.5,218.0,6.0,441.0,6.5,134.0,7.0,96.0,7.5,105.0,5.0,29.0,4.5,1145.0,4.0,1458.0,3.5,604.0,3.0,270.0
2023-04-27 21:06:34.0,1682600794000000000,6.0,5.5,4.5,49392.0,1777.0,87685.0,5.5,218.0,6.0,441.0,6.5,134.0,7.0,116.0,7.5,105.0,5.0,29.0,4.5,1145.0,4.0,1458.0,3.5,604.0,3.0,270.0
2023-04-27 21:06:35.75,1682600795750000000,6.0,5.5,4.5,49392.0,1779.0,87795.0,5.5,216.0,6.0,441.0,6.5,134.0,7.0,116.0,7.5,105.0,5.0,29.0,4.5,1145.0,4.0,1458.0,3.5,604.0,3.0,270.0
2023-04-27 21:06:36.75,1682600796750000000,6.0,5.5,4.5,49392.0,1779.0,87795.0,5.5,216.0,6.0,441.0,6.5,134.0,7.0,96.0,7.5,105.0,5.0,29.0,4.5,1145.0,4.0,1458.0,3.5,604.0,3.0,270.0
2023-04-27 21:06:43.5,1682600803500000000,6.0,5.5,4.5,49392.0,1779.0,87795.0,5.5,226.0,6.0,441.0,6.5,134.0,7.0,96.0,7.5,105.0,5.0,29.0,4.5,1155.0,4.0,1458.0,3.5,604.0,3.0,270.0
2023-04-27 21:06:44.5,1682600804500000000,6.0,5.5,4.5,49392.0,1779.0,87795.0,5.5,226.0,6.0,441.0,6.5,134.0,7.0,96.0,7.5,105.0,5.0,49.0,4.5,1155.0,4.0,1458.0,3.5,604.0,3.0,270.0
2023-04-27 21:06:49.5,1682600809500000000,6.0,5.5,4.5,49392.0,1779.0,87795.0,5.5,226.0,6.0,441.0,6.5,134.0,7.0,96.0,7.5,105.0,5.0,49.0,4.5,1152.0,4.0,1458.0,3.5,604.0,3.0,270.0
2023-04-27 21:06:50.5,1682600810500000000,6.0,5.5,4.5,49392.0,1779.0,87795.0,5.5,226.0,6.0,441.0,6.5,134.0,7.0,103.0,7.5,105.0,5.0,49.0,4.5,1152.0,4.0,1458.0,3.5,604.0,3.0,270.0
2023-04-27 21:06:51.5,1682600811500000000,6.0,5.5,4.5,49392.0,1779.0,87795.0,5.5,226.0,6.0,441.0,6.5,134.0,7.0,103.0,7.5,105.0,5.0,54.0,4.5,1152.0,4.0,1458.0,3.5,604.0,3.0,270.0
2023-04-27 21:06:52.25,1682600812250000000,6.0,5.5,4.5,49392.0,1779.0,87795.0,5.5,226.0,6.0,441.0,6.5,134.0,7.0,103.0,7.5,105.0,5.0,54.0,4.5,1151.0,4.0,1458.0,3.5,604.0,3.0,270.0
2023-04-27 21:06:59.25,1682600819250000000,6.0,5.5,4.5,49392.0,1780.0,87850.0,5.5,225.0,6.0,441.0,6.5,134.0,7.0,103.0,7.5,105.0,5.0,54.0,4.5,1151.0,4.0,1458.0,3.5,604.0,3.0,270.0
2023-04-27 21:06:59.75,1682600819750000000,6.0,5.5,4.5,49392.0,1780.0,87850.0,5.5,275.0,6.0,441.0,6.5,134.0,7.0,103.0,7.5,105.0,5.0,54.0,4.5,1201.0,4.0,1458.0,3.5,604.0,3.0,270.0
2023-04-27 21:07:02.25,1682600822250000000,6.0,5.5,4.5,49392.0,1781.0,87905.0,5.5,274.0,6.0,441.0,6.5,134.0,7.0,103.0,7.5,105.0,5.0,74.0,4.5,1201.0,4.0,1458.0,3.5,604.0,3.0,270.0
2023-04-27 21:07:02.5,1682600822500000000,6.0,5.5,4.5,49392.0,1781.0,87905.0,5.5,274.0,6.0,441.0,6.5,134.0,7.0,103.0,7.5,105.0,5.0,74.0,4.5,1201.0,4.0,1358.0,3.5,604.0,3.0,270.0
2023-04-27 21:07:03.25,1682600823250000000,6.0,5.5,4.5,49392.0,1781.0,87905.0,5.5,274.0,6.0,441.0,6.5,134.0,7.0,103.0,7.5,105.0,5.0,74.0,4.5,1301.0,4.0,1358.0,3.5,604.0,3.0,270.0
2023-04-27 21:07:06.75,1682600826750000000,6.0,5.5,4.5,49392.0,1781.0,87905.0,5.5,274.0,6.0,441.0,6.5,134.0,7.0,103.0,7.5,105.0,5.0,75.0,4.5,1301.0,4.0,1358.0,3.5,604.0,3.0,270.0
2023-04-27 21:07:07.0,1682600827000000000,6.0,5.5,4.5,49392.0,1781.0,87905.0,5.5,274.0,6.0,441.0,6.5,134.0,7.0,103.0,7.5,105.0,5.0,85.0,4.5,1301.0,4.0,1358.0,3.5,604.0,3.0,270.0
2023-04-27 21:07:11.25,1682600831250000000,6.0,5.5,4.5,49392.0,1781.0,87905.0,5.5,274.0,6.0,461.0,6.5,134.0,7.0,103.0,7.5,105.0,5.0,85.0,4.5,1301.0,4.0,1358.0,3.5,624.0,3.0,270.0
2023-04-27 21:07:12.0,1682600832000000000,6.0,5.5,4.5,49392.0,1781.0,87905.0,5.5,284.0,6.0,461.0,6.5,134.0,7.0,103.0,7.5,105.0,5.0,85.0,4.5,1311.0,4.0,1358.0,3.5,624.0,3.0,270.0
2023-04-27 21:07:13.25,1682600833250000000,6.0,5.5,4.5,49392.0,1781.0,87905.0,5.5,284.0,6.0,461.0,6.5,134.0,7.0,103.0,7.5,105.0,5.0,85.0,4.5,1313.0,4.0,1358.0,3.5,624.0,3.0,270.0
2023-04-27 21:07:14.25,1682600834250000000,6.0,5.5,4.5,49392.0,1781.0,87905.0,5.5,284.0,6.0,466.0,6.5,134.0,7.0,103.0,7.5,105.0,5.0,85.0,4.5,1313.0,4.0,1358.0,3.5,624.0,3.0,270.0
2023-04-27 21:07:15.5,1682600835500000000,6.0,5.5,4.5,49392.0,1781.0,87905.0,5.5,304.0,6.0,466.0,6.5,134.0,7.0,103.0,7.5,105.0,5.0,85.0,4.5,1313.0,4.0,1378.0,3.5,624.0,3.0,270.0
2023-04-27 21:07:19.75,1682600839750000000,6.0,5.5,4.5,49392.0,1781.0,87905.0,5.5,304.0,6.0,466.0,6.5,134.0,7.0,103.0,7.5,105.0,5.0,85.0,4.5,1313.0,4.0,1381.0,3.5,624.0,3.0,270.0
2023-04-27 21:07:20.5,1682600840500000000,6.0,5.5,4.5,49392.0,1781.0,87905.0,5.5,304.0,6.0,446.0,6.5,134.0,7.0,103.0,7.5,105.0,5.0,85.0,4.5,1313.0,4.0,1381.0,3.5,604.0,3.0,270.0
2023-04-27 21:07:21.0,1682600841000000000,6.0,5.5,4.5,49392.0,1781.0,87905.0,5.5,304.0,6.0,446.0,6.5,134.0,7.0,103.0,7.5,105.0,5.0,95.0,4.5,1313.0,4.0,1381.0,3.5,604.0,3.0,270.0
2023-04-27 21:07:23.25,1682600843250000000,6.0,5.5,4.5,49392.0,1781.0,87905.0,5.5,304.0,6.0,446.0,6.5,134.0,7.0,103.0,7.5,150.0,5.0,95.0,4.5,1313.0,4.0,1381.0,3.5,649.0,3.0,270.0
2023-04-27 21:07:26.0,1682600846000000000,6.0,5.5,4.5,49392.0,1781.0,87905.0,5.5,304.0,6.0,446.0,6.5,134.0,7.0,103.0,7.5,150.0,5.0,97.0,4.5,1313.0,4.0,1381.0,3.5,649.0,3.0,270.0
2023-04-27 21:07:28.5,1682600848500000000,6.0,5.5,4.5,49392.0,1782.0,87960.0,5.5,303.0,6.0,446.0,6.5,134.0,7.0,103.0,7.5,150.0,5.0,197.0,4.5,1313.0,4.0,1381.0,3.5,649.0,3.0,270.0
2023-04-27 21:07:29.0,1682600849000000000,6.0,5.0,4.5,49392.0,1802.0,88960.0,5.5,302.0,6.0,446.0,6.5,134.0,7.0,103.0,7.5,150.0,5.0,177.0,4.5,1313.0,4.0,1381.0,3.5,649.0,3.0,270.0
2023-04-27 21:07:29.25,1682600849250000000,6.0,5.0,4.5,49414.0,1824.0,90060.0,5.5,282.0,6.0,446.0,6.5,134.0,7.0,103.0,7.5,150.0,5.0,146.0,4.5,1313.0,4.0,1401.0,3.5,649.0,3.0,270.0
2023-04-27 21:07:29.5,1682600849500000000,6.0,5.0,4.5,49414.0,1824.0,90060.0,5.5,302.0,6.0,446.0,6.5,134.0,7.0,103.0,7.5,150.0,5.0,166.0,4.5,1313.0,4.0,1381.0,3.5,649.0,3.0,270.0
2023-04-27 21:07:30.25,1682600850250000000,6.0,5.0,4.5,49414.0,1825.0,90110.0,5.5,302.0,6.0,446.0,6.5,134.0,7.0,103.0,7.5,150.0,5.0,165.0,4.5,1313.0,4.0,1381.0,3.5,649.0,3.0,270.0
2023-04-27 21:07:31.25,1682600851250000000,6.0,5.0,4.5,49414.0,1825.0,90110.0,5.5,303.0,6.0,446.0,6.5,134.0,7.0,103.0,7.5,150.0,5.0,166.0,4.5,1313.0,4.0,1381.0,3.5,649.0,3.0,270.0
2023-04-27 21:07:34.25,1682600854250000000,6.0,5.0,4.5,49416.0,1827.0,90210.0,5.5,303.0,6.0,446.0,6.5,134.0,7.0,103.0,7.5,150.0,5.0,164.0,4.5,1313.0,4.0,1281.0,3.5,649.0,3.0,270.0
2023-04-27 21:07:35.5,1682600855500000000,6.0,5.0,4.5,49416.0,1827.0,90210.0,5.5,303.0,6.0,491.0,6.5,134.0,7.0,103.0,7.5,105.0,5.0,164.0,4.5,1313.0,4.0,1326.0,3.5,604.0,3.0,270.0
2023-04-27 21:07:40.5,1682600860500000000,6.0,5.0,4.5,49416.0,1827.0,90210.0,5.5,303.0,6.0,491.0,6.5,134.0,7.0,123.0,7.5,105.0,5.0,164.0,4.5,1313.0,4.0,1326.0,3.5,604.0,3.0,270.0
2023-04-27 21:07:42.75,1682600862750000000,6.0,5.0,4.5,49416.0,1827.0,90210.0,5.5,303.0,6.0,491.0,6.5,134.0,7.0,123.0,7.5,105.0,5.0,164.0,4.5,1333.0,4.0,1306.0,3.5,604.0,3.0,270.0
2023-04-27 21:07:43.5,1682600863500000000,6.0,5.0,4.5,49416.0,1827.0,90210.0,5.5,303.0,6.0,491.0,6.5,134.0,7.0,123.0,7.5,105.0,5.0,164.0,4.5,1313.0,4.0,1326.0,3.5,604.0,3.0,270.0
2023-04-27 21:07:43.75,1682600863750000000,6.0,5.0,4.5,49416.0,1827.0,90210.0,5.5,303.0,6.0,491.0,6.5,134.0,7.0,123.0,7.5,105.0,5.0,164.0,4.5,1333.0,4.0,1306.0,3.5,604.0,3.0,270.0
2023-04-27 21:07:44.25,1682600864250000000,6.0,5.0,4.5,49416.0,1827.0,90210.0,5.5,303.0,6.0,491.0,6.5,134.0,7.0,123.0,7.5,105.0,5.0,264.0,4.5,1333.0,4.0,1306.0,3.5,604.0,3.0,270.0
2023-04-27 21:07:45.0,1682600865000000000,6.0,5.0,4.5,49416.0,1827.0,90210.0,5.5,303.0,6.0,491.0,6.5,134.0,7.0,123.0,7.5,105.0,5.0,269.0,4.5,1333.0,4.0,1306.0,3.5,604.0,3.0,270.0
2023-04-27 21:07:45.25,1682600865250000000,6.0,5.0,4.5,49416.0,1827.0,90210.0,5.5,303.0,6.0,491.0,6.5,134.0,7.0,123.0,7.5,105.0,5.0,269.0,4.5,1313.0,4.0,1326.0,3.5,604.0,3.0,270.0
2023-04-27 21:07:49.75,1682600869750000000,6.0,5.0,4.5,49416.0,1827.0,90210.0,5.5,303.0,6.0,491.0,6.5,134.0,7.0,123.0,7.5,105.0,5.0,269.0,4.5,1333.0,4.0,1306.0,3.5,604.0,3.0,270.0
2023-04-27 21:07:51.75,1682600871750000000,6.0,5.0,4.5,49416.0,1827.0,90210.0,5.5,303.0,6.0,491.0,6.5,134.0,7.0,103.0,7.5,105.0,5.0,269.0,4.5,1333.0,4.0,1306.0,3.5,604.0,3.0,270.0
2023-04-27 21:07:52.0,1682600872000000000,6.0,5.0,4.5,49416.0,1827.0,90210.0,5.5,303.0,6.0,491.0,6.5,134.0,7.0,103.0,7.5,105.0,5.0,279.0,4.5,1333.0,4.0,1306.0,3.5,604.0,3.0,270.0
2023-04-27 21:07:53.25,1682600873250000000,6.0,5.0,4.5,49416.0,1827.0,90210.0,5.5,348.0,6.0,446.0,6.5,134.0,7.0,103.0,7.5,105.0,5.0,324.0,4.5,1313.0,4.0,1281.0,3.5,604.0,3.0,270.0
2023-04-27 21:07:53.75,1682600873750000000,6.0,5.0,4.5,49416.0,1827.0,90210.0,5.5,348.0,6.0,446.0,6.5,134.0,7.0,103.0,7.5,105.0,5.0,279.0,4.5,1358.0,4.0,1281.0,3.5,604.0,3.0,270.0
2023-04-27 21:07:59.0,1682600879000000000,6.0,5.0,4.5,49416.0,1827.0,90210.0,5.5,338.0,6.0,446.0,6.5,134.0,7.0,103.0,7.5,105.0,5.0,279.0,4.5,1348.0,4.0,1281.0,3.5,604.0,3.0,270.0
2023-04-27 21:07:59.25,1682600879250000000,6.0,5.0,4.5,49416.0,1827.0,90210.0,5.5,338.0,6.0,446.0,6.5,134.0,7.0,103.0,7.5,105.0,5.0,283.0,4.5,1353.0,4.0,1281.0,3.5,604.0,3.0,270.0
2023-04-27 21:08:00.5,1682600880500000000,6.0,5.0,4.5,49416.0,1827.0,90210.0,5.5,348.0,6.0,446.0,6.5,134.0,7.0,103.0,7.5,105.0,5.0,283.0,4.5,1363.0,4.0,1281.0,3.5,604.0,3.0,270.0
2023-04-27 21:08:01.5,1682600881500000000,6.0,5.0,4.5,49416.0,1827.0,90210.0,5.5,348.0,6.0,446.0,6.5,134.0,7.0,103.0,7.5,105.0,5.0,302.0,4.5,1363.0,4.0,1281.0,3.5,604.0,3.0,270.0
2023-04-27 21:08:03.0,1682600883000000000,6.0,5.0,4.5,49416.0,1827.0,90210.0,5.5,348.0,6.0,446.0,6.5,134.0,7.0,103.0,7.5,105.0,5.0,283.0,4.5,1363.0,4.0,1281.0,3.5,604.0,3.0,270.0
2023-04-27 21:08:03.5,1682600883500000000,6.0,5.0,4.5,49416.0,1827.0,90210.0,5.5,348.0,6.0,446.0,6.5,134.0,7.0,103.0,7.5,105.0,5.0,295.0,4.5,1354.0,4.0,1290.0,3.5,604.0,3.0,270.0
2023-04-27 21:08:10.25,1682600890250000000,6.0,5.0,4.5,49416.0,1827.0,90210.0,5.5,348.0,6.0,446.0,6.5,134.0,7.0,103.0,7.5,105.0,5.0,299.0,4.5,1354.0,4.0,1290.0,3.5,604.0,3.0,270.0
2023-04-27 21:08:16.5,1682600896500000000,6.0,5.0,4.5,49461.0,1872.0,92460.0,5.5,348.0,6.0,446.0,6.5,134.0,7.0,103.0,7.5,105.0,5.0,254.0,4.5,1354.0,4.0,1290.0,3.5,604.0,3.0,270.0
2023-04-27 21:08:20.75,1682600900750000000,6.0,5.0,4.5,49461.0,1872.0,92460.0,5.5,348.0,6.0,451.0,6.5,134.0,7.0,103.0,7.5,105.0,5.0,254.0,4.5,1354.0,4.0,1290.0,3.5,604.0,3.0,270.0
2023-04-27 21:08:25.25,1682600905250000000,6.0,5.5,4.5,49461.0,1882.0,93010.0,5.5,338.0,6.0,451.0,6.5,134.0,7.0,103.0,7.5,105.0,5.0,254.0,4.5,1354.0,4.0,1290.0,3.5,604.0,3.0,270.0
2023-04-27 21:08:29.25,1682600909250000000,6.0,5.5,4.5,49461.0,1882.0,93010.0,5.5,358.0,6.0,451.0,6.5,134.0,7.0,103.0,7.5,105.0,5.0,254.0,4.5,1354.0,4.0,1310.0,3.5,604.0,3.0,270.0
2023-04-27 21:08:31.75,1682600911750000000,6.0,5.5,4.5,49461.0,1884.0,93120.0,5.5,356.0,6.0,451.0,6.5,134.0,7.0,103.0,7.5,105.0,5.0,254.0,4.5,1354.0,4.0,1310.0,3.5,604.0,3.0,270.0
2023-04-27 21:08:44.5,1682600924500000000,6.0,5.5,4.5,49461.0,1884.0,93120.0,5.5,356.0,6.0,451.0,6.5,134.0,7.0,103.0,7.5,97.0,5.0,254.0,4.5,1354.0,4.0,1310.0,3.5,604.0,3.0,270.0
2023-04-27 21:08:49.0,1682600929000000000,6.0,5.5,4.5,49461.0,1884.0,93120.0,5.5,356.0,6.0,451.0,6.5,134.0,7.0,103.0,7.5,97.0,5.0,254.0,4.5,1364.0,4.0,1310.0,3.5,604.0,3.0,270.0
2023-04-27 21:08:49.5,1682600929500000000,6.0,5.0,4.5,49461.0,1904.0,94120.0,5.5,356.0,6.0,451.0,6.5,134.0,7.0,103.0,7.5,97.0,5.0,234.0,4.5,1364.0,4.0,1310.0,3.5,604.0,3.0,270.0
2023-04-27 21:08:52.5,1682600932500000000,6.0,5.0,4.5,49461.0,1904.0,94120.0,5.5,346.0,6.0,451.0,6.5,134.0,7.0,103.0,7.5,97.0,5.0,234.0,4.5,1354.0,4.0,1310.0,3.5,604.0,3.0,270.0
2023-04-27 21:09:00.0,1682600940000000000,6.0,5.0,4.5,49461.0,1904.0,94120.0,5.5,346.0,6.0,461.0,6.5,134.0,7.0,103.0,7.5,97.0,5.0,234.0,4.5,1374.0,4.0,1290.0,3.5,604.0,3.0,270.0
2023-04-27 21:09:09.5,1682600949500000000,6.0,5.0,4.5,49463.0,1906.0,94220.0,5.5,346.0,6.0,461.0,6.5,134.0,7.0,103.0,7.5,97.0,5.0,232.0,4.5,1377.0,4.0,1290.0,3.5,604.0,3.0,270.0
2023-04-27 21:09:10.5,1682600950500000000,6.0,5.0,4.5,49463.0,1906.0,94220.0,5.5,346.0,6.0,461.0,6.5,134.0,7.0,103.0,7.5,97.0,5.0,292.0,4.5,1377.0,4.0,1290.0,3.5,604.0,3.0,270.0
2023-04-27 21:09:17.5,1682600957500000000,6.0,5.0,4.5,49463.0,1906.0,94220.0,5.5,346.0,6.0,451.0,6.5,134.0,7.0,103.0,7.5,97.0,5.0,292.0,4.5,1377.0,4.0,1290.0,3.5,604.0,3.0,270.0
2023-04-27 21:09:20.5,1682600960500000000,6.0,5.0,4.5,49463.0,1906.0,94220.0,5.5,346.0,6.0,451.0,6.5,134.0,7.0,103.0,7.5,97.0,5.0,294.0,4.5,1377.0,4.0,1290.0,3.5,604.0,3.0,270.0
2023-04-27 21:09:25.0,1682600965000000000,6.0,5.0,4.5,49463.0,1906.0,94220.0,5.5,346.0,6.0,451.0,6.5,134.0,7.0,103.0,7.5,97.0,5.0,294.0,4.5,1379.0,4.0,1290.0,3.5,604.0,3.0,270.0
2023-04-27 21:09:28.0,1682600968000000000,6.0,5.0,4.5,49463.0,1906.0,94220.0,5.5,346.0,6.0,451.0,6.5,139.0,7.0,103.0,7.5,97.0,5.0,294.0,4.5,1379.0,4.0,1290.0,3.5,604.0,3.0,270.0
2023-04-27 21:09:28.25,1682600968250000000,6.0,5.0,4.5,49463.0,1906.0,94220.0,5.5,356.0,6.0,451.0,6.5,139.0,7.0,103.0,7.5,97.0,5.0,294.0,4.5,1389.0,4.0,1290.0,3.5,604.0,3.0,270.0
2023-04-27 21:09:35.0,1682600975000000000,6.0,5.0,4.5,49463.0,1906.0,94220.0,5.5,356.0,6.0,456.0,6.5,139.0,7.0,103.0,7.5,97.0,5.0,294.0,4.5,1389.0,4.0,1290.0,3.5,604.0,3.0,270.0
2023-04-27 21:09:44.5,1682600984500000000,6.0,5.0,4.5,49463.0,1906.0,94220.0,5.5,366.0,6.0,456.0,6.5,139.0,7.0,103.0,7.5,97.0,5.0,294.0,4.5,1399.0,4.0,1290.0,3.5,604.0,3.0,270.0
2023-04-27 21:09:46.75,1682600986750000000,6.0,5.0,4.5,49463.0,1956.0,96720.0,5.5,366.0,6.0,456.0,6.5,139.0,7.0,103.0,7.5,97.0,5.0,244.0,4.5,1399.0,4.0,1290.0,3.5,604.0,3.0,270.0
2023-04-27 21:09:48.75,1682600988750000000,6.0,5.0,4.5,49463.0,1956.0,96720.0,5.5,366.0,6.0,456.0,6.5,139.0,7.0,103.0,7.5,97.0,5.0,339.0,4.5,1399.0,4.0,1290.0,3.5,604.0,3.0,270.0
2023-04-27 21:09:50.0,1682600990000000000,6.0,5.0,4.5,49463.0,1956.0,96720.0,5.5,366.0,6.0,466.0,6.5,139.0,7.0,103.0,7.5,97.0,5.0,339.0,4.5,1399.0,4.0,1290.0,3.5,604.0,3.0,270.0
2023-04-27 21:09:50.5,1682600990500000000,6.0,5.0,4.5,49463.0,1956.0,96720.0,5.5,366.0,6.0,466.0,6.5,139.0,7.0,103.0,7.5,97.0,5.0,339.0,4.5,1404.0,4.0,1290.0,3.5,604.0,3.0,270.0
2023-04-27 21:09:54.0,1682600994000000000,6.0,5.0,4.5,49463.0,1956.0,96720.0,5.5,366.0,6.0,466.0,6.5,139.0,7.0,103.0,7.5,97.0,5.0,349.0,4.5,1404.0,4.0,1290.0,3.5,604.0,3.0,270.0
2023-04-27 21:09:55.75,1682600995750000000,6.0,5.0,4.5,49463.0,1956.0,96720.0,5.5,366.0,6.0,466.0,6.5,139.0,7.0,113.0,7.5,97.0,5.0,349.0,4.5,1404.0,4.0,1290.0,3.5,604.0,3.0,270.0
2023-04-27 21:09:59.25,1682600999250000000,6.0,5.0,4.5,49463.0,1956.0,96720.0,5.5,366.0,6.0,466.0,6.5,139.0,7.0,113.0,7.5,107.0,5.0,349.0,4.5,1404.0,4.0,1290.0,3.5,604.0,3.0,270.0
2023-04-27 21:10:00.75,1682601000750000000,6.0,5.0,4.5,49463.0,1956.0,96720.0,5.5,366.0,6.0,466.0,6.5,139.0,7.0,113.0,7.5,107.0,5.0,369.0,4.5,1404.0,4.0,1290.0,3.5,604.0,3.0,270.0
2023-04-27 21:10:07.75,1682601007750000000,6.0,5.0,4.5,49463.0,1956.0,96720.0,5.5,346.0,6.0,486.0,6.5,139.0,7.0,113.0,7.5,107.0,5.0,369.0,4.5,1404.0,4.0,1290.0,3.5,604.0,3.0,270.0
2023-04-27 21:10:08.0,1682601008000000000,6.0,5.0,4.5,49463.0,1956.0,96720.0,5.5,346.0,6.0,486.0,6.5,139.0,7.0,113.0,7.5,107.0,5.0,464.0,4.5,1404.0,4.0,1290.0,3.5,604.0,3.0,270.0
2023-04-27 21:10:09.0,1682601009000000000,6.0,5.0,4.5,49463.0,1956.0,96720.0,5.5,346.0,6.0,486.0,6.5,139.0,7.0,113.0,7.5,107.0,5.0,559.0,4.5,1404.0,4.0,1290.0,3.5,604.0,3.0,270.0
2023-04-27 21:10:12.5,1682601012500000000,6.0,5.0,4.5,49463.0,1956.0,96720.0,5.5,346.0,6.0,486.0,6.5,139.0,7.0,113.0,7.5,107.0,5.0,559.0,4.5,1404.0,4.0,1280.0,3.5,604.0,3.0,270.0
2023-04-27 21:10:12.75,1682601012750000000,6.0,5.0,4.5,49463.0,1956.0,96720.0,5.5,346.0,6.0,486.0,6.5,139.0,7.0,113.0,7.5,107.0,5.0,559.0,4.5,1414.0,4.0,1280.0,3.5,604.0,3.0,270.0
2023-04-27 21:10:15.25,1682601015250000000,6.0,5.0,4.5,49463.0,1956.0,96720.0,5.5,336.0,6.0,486.0,6.5,139.0,7.0,113.0,7.5,107.0,5.0,559.0,4.5,1404.0,4.0,1280.0,3.5,604.0,3.0,270.0
2023-04-27 21:10:17.25,1682601017250000000,6.0,5.0,4.5,49463.0,1956.0,96720.0,5.5,336.0,6.0,486.0,6.5,139.0,7.0,123.0,7.5,107.0,5.0,559.0,4.5,1404.0,4.0,1280.0,3.5,604.0,3.0,270.0
2023-04-27 21:10:17.5,1682601017500000000,6.0,5.0,4.5,49463.0,1966.0,97220.0,5.5,336.0,6.0,486.0,6.5,139.0,7.0,123.0,7.5,107.0,5.0,549.0,4.5,1404.0,4.0,1280.0,3.5,604.0,3.0,270.0
2023-04-27 21:10:21.0,1682601021000000000,6.0,5.5,4.5,49463.0,1968.0,97330.0,5.5,334.0,6.0,486.0,6.5,139.0,7.0,123.0,7.5,107.0,5.0,549.0,4.5,1404.0,4.0,1280.0,3.5,604.0,3.0,270.0
2023-04-27 21:10:26.25,1682601026250000000,6.0,5.5,4.5,49463.0,1968.0,97330.0,5.5,334.0,6.0,486.0,6.5,139.0,7.0,163.0,7.5,107.0,5.0,549.0,4.5,1404.0,4.0,1280.0,3.5,604.0,3.0,270.0
2023-04-27 21:10:27.0,1682601027000000000,6.0,5.5,4.5,49463.0,1968.0,97330.0,5.5,314.0,6.0,506.0,6.5,139.0,7.0,163.0,7.5,107.0,5.0,549.0,4.5,1404.0,4.0,1280.0,3.5,604.0,3.0,270.0
2023-04-27 21:10:30.75,1682601030750000000,6.0,5.5,4.5,49463.0,1968.0,97330.0,5.5,324.0,6.0,506.0,6.5,139.0,7.0,163.0,7.5,107.0,5.0,549.0,4.5,1414.0,4.0,1280.0,3.5,604.0,3.0,270.0
2023-04-27 21:10:34.25,1682601034250000000,6.0,5.5,4.5,49463.0,1968.0,97330.0,5.5,344.0,6.0,486.0,6.5,139.0,7.0,163.0,7.5,107.0,5.0,549.0,4.5,1434.0,4.0,1260.0,3.5,604.0,3.0,270.0
2023-04-27 21:10:36.0,1682601036000000000,6.0,5.5,4.5,49463.0,1974.0,97660.0,5.5,358.0,6.0,466.0,6.5,139.0,7.0,163.0,7.5,107.0,5.0,549.0,4.5,1414.0,4.0,1280.0,3.5,604.0,3.0,270.0
2023-04-27 21:10:39.25,1682601039250000000,6.0,5.5,4.5,49463.0,1974.0,97660.0,5.5,358.0,6.0,476.0,6.5,139.0,7.0,153.0,7.5,107.0,5.0,549.0,4.5,1414.0,4.0,1280.0,3.5,604.0,3.0,270.0
2023-04-27 21:10:45.75,1682601045750000000,6.0,5.0,4.5,49508.0,2019.0,99910.0,5.5,357.0,6.0,476.0,6.5,139.0,7.0,153.0,7.5,107.0,5.0,504.0,4.5,1414.0,4.0,1280.0,3.5,604.0,3.0,270.0
2023-04-27 21:10:46.0,1682601046000000000,6.0,5.0,4.5,49528.0,2061.0,102010.0,5.5,370.0,6.0,509.0,6.5,139.0,7.0,153.0,7.5,107.0,5.0,462.0,4.5,1414.0,4.0,1300.0,3.5,604.0,3.0,270.0
2023-04-27 21:10:46.25,1682601046250000000,6.0,5.0,4.5,49528.0,2061.0,102010.0,5.5,390.0,6.0,509.0,6.5,139.0,7.0,153.0,7.5,107.0,5.0,515.0,4.5,1414.0,4.0,1280.0,3.5,604.0,3.0,270.0
2023-04-27 21:10:46.75,1682601046750000000,6.0,5.0,4.5,49528.0,2062.0,102060.0,5.5,390.0,6.0,509.0,6.5,139.0,7.0,153.0,7.5,107.0,5.0,514.0,4.5,1414.0,4.0,1280.0,3.5,604.0,3.0,270.0
2023-04-27 21:10:47.75,1682601047750000000,6.0,5.0,4.5,49528.0,2062.0,102060.0,5.5,391.0,6.0,509.0,6.5,139.0,7.0,153.0,7.5,107.0,5.0,515.0,4.5,1414.0,4.0,1280.0,3.5,604.0,3.0,270.0
2023-04-27 21:10:53.25,1682601053250000000,6.0,5.0,4.5,49534.0,2068.0,102360.0,5.5,391.0,6.0,509.0,6.5,139.0,7.0,153.0,7.5,107.0,5.0,509.0,4.5,1414.0,4.0,1280.0,3.5,604.0,3.0,270.0
2023-04-27 21:10:59.0,1682601059000000000,6.0,5.0,4.5,49554.0,2088.0,103360.0,5.5,371.0,6.0,509.0,6.5,139.0,7.0,153.0,7.5,107.0,5.0,489.0,4.5,1414.0,4.0,1280.0,3.5,604.0,3.0,270.0
2023-04-27 21:10:59.25,1682601059250000000,6.0,5.0,4.5,49574.0,2108.0,104360.0,5.5,391.0,6.0,509.0,6.5,139.0,7.0,153.0,7.5,107.0,5.0,469.0,4.5,1414.0,4.0,1280.0,3.5,604.0,3.0,270.0
2023-04-27 21:11:06.5,1682601066500000000,6.0,5.0,4.5,49574.0,2108.0,104360.0,5.5,391.0,6.0,509.0,6.5,139.0,7.0,153.0,7.5,107.0,5.0,469.0,4.5,1404.0,4.0,1290.0,3.5,604.0,3.0,270.0
2023-04-27 21:11:06.75,1682601066750000000,6.0,5.5,4.5,49574.0,2110.0,104470.0,5.5,389.0,6.0,509.0,6.5,139.0,7.0,153.0,7.5,107.0,5.0,469.0,4.5,1404.0,4.0,1290.0,3.5,604.0,3.0,270.0
2023-04-27 21:11:14.75,1682601074750000000,6.0,5.5,4.5,49574.0,2110.0,104470.0,5.5,389.0,6.0,509.0,6.5,139.0,7.0,153.0,7.5,107.0,5.0,469.0,4.5,1384.0,4.0,1310.0,3.5,604.0,3.0,270.0
2023-04-27 21:11:16.25,1682601076250000000,6.0,5.5,4.5,49574.0,2110.0,104470.0,5.5,389.0,6.0,509.0,6.5,139.0,7.0,153.0,7.5,107.0,5.0,471.0,4.5,1404.0,4.0,1290.0,3.5,604.0,3.0,270.0
2023-04-27 21:11:16.75,1682601076750000000,6.0,5.5,4.5,49574.0,2110.0,104470.0,5.5,389.0,6.0,509.0,6.5,139.0,7.0,153.0,7.5,107.0,5.0,472.0,4.5,1404.0,4.0,1290.0,3.5,604.0,3.0,270.0
2023-04-27 21:11:37.5,1682601097500000000,6.0,5.5,4.5,49574.0,2110.0,104470.0,5.5,389.0,6.0,510.0,6.5,139.0,7.0,153.0,7.5,107.0,5.0,472.0,4.5,1404.0,4.0,1290.0,3.5,604.0,3.0,270.0
2023-04-27 21:11:45.25,1682601105250000000,6.0,5.5,4.5,49574.0,2110.0,104470.0,5.5,389.0,6.0,511.0,6.5,139.0,7.0,153.0,7.5,107.0,5.0,472.0,4.5,1404.0,4.0,1290.0,3.5,604.0,3.0,270.0
2023-04-27 21:11:49.5,1682601109500000000,6.0,5.5,4.5,49574.0,2110.0,104470.0,5.5,389.0,6.0,511.0,6.5,139.0,7.0,154.0,7.5,107.0,5.0,472.0,4.5,1404.0,4.0,1290.0,3.5,604.0,3.0,270.0
2023-04-27 21:11:53.0,1682601113000000000,6.0,5.5,4.5,49574.0,2110.0,104470.0,5.5,389.0,6.0,511.0,6.5,139.0,7.0,154.0,7.5,107.0,5.0,472.0,4.5,1354.0,4.0,1290.0,3.5,604.0,3.0,270.0
2023-04-27 21:11:57.5,1682601117500000000,6.0,5.5,4.5,49574.0,2110.0,104470.0,5.5,389.0,6.0,515.0,6.5,139.0,7.0,154.0,7.5,107.0,5.0,472.0,4.5,1354.0,4.0,1290.0,3.5,604.0,3.0,270.0
2023-04-27 21:11:59.25,1682601119250000000,6.0,5.5,4.5,49574.0,2110.0,104470.0,5.5,389.0,6.0,515.0,6.5,145.0,7.0,154.0,7.5,107.0,5.0,472.0,4.5,1354.0,4.0,1290.0,3.5,604.0,3.0,270.0
2023-04-27 21:12:00.0,1682601120000000000,6.0,5.5,4.5,49574.0,2110.0,104470.0,5.5,389.0,6.0,515.0,6.5,145.0,7.0,154.0,7.5,107.0,5.0,472.0,4.5,1354.0,4.0,1240.0,3.5,604.0,3.0,270.0
2023-04-27 21:12:01.5,1682601121500000000,6.0,5.5,4.5,49574.0,2110.0,104470.0,5.5,389.0,6.0,515.0,6.5,145.0,7.0,154.0,7.5,107.0,5.0,472.0,4.5,1354.0,4.0,1240.0,3.5,504.0,3.0,270.0
2023-04-27 21:12:02.5,1682601122500000000,6.0,5.5,4.5,49574.0,2110.0,104470.0,5.5,389.0,6.0,515.0,6.5,145.0,7.0,159.0,7.5,107.0,5.0,472.0,4.5,1354.0,4.0,1240.0,3.5,504.0,3.0,270.0
2023-04-27 21:12:02.75,1682601122750000000,6.0,5.5,4.5,49574.0,2110.0,104470.0,5.5,389.0,6.0,515.0,6.5,145.0,7.0,159.0,7.5,107.0,5.0,472.0,4.5,1354.0,4.0,1240.0,3.5,504.0,3.0,170.0
2023-04-27 21:12:08.75,1682601128750000000,6.0,5.5,4.5,49574.0,2110.0,104470.0,5.5,389.0,6.0,515.0,6.5,145.0,7.0,164.0,7.5,107.0,5.0,472.0,4.5,1354.0,4.0,1240.0,3.5,504.0,3.0,170.0
2023-04-27 21:12:10.0,1682601130000000000,6.0,5.5,4.5,49574.0,2110.0,104470.0,5.5,389.0,6.0,515.0,6.5,145.0,7.0,164.0,7.5,107.0,5.0,481.0,4.5,1354.0,4.0,1240.0,3.5,504.0,3.0,170.0
2023-04-27 21:12:13.75,1682601133750000000,6.0,5.5,4.5,49574.0,2110.0,104470.0,5.5,369.0,6.0,535.0,6.5,145.0,7.0,169.0,7.5,107.0,5.0,481.0,4.5,1374.0,4.0,1220.0,3.5,504.0,3.0,170.0
2023-04-27 21:12:16.75,1682601136750000000,6.0,5.5,4.5,49574.0,2110.0,104470.0,5.5,369.0,6.0,535.0,6.5,145.0,7.0,169.0,7.5,107.0,5.0,488.0,4.5,1374.0,4.0,1220.0,3.5,504.0,3.0,170.0
2023-04-27 21:12:26.5,1682601146500000000,6.0,5.5,4.5,49574.0,2110.0,104470.0,5.5,369.0,6.0,535.0,6.5,145.0,7.0,169.0,7.5,107.0,5.0,488.0,4.5,1374.0,4.0,1226.0,3.5,504.0,3.0,170.0
2023-04-27 21:12:27.0,1682601147000000000,6.0,5.5,4.5,49574.0,2110.0,104470.0,5.5,369.0,6.0,535.0,6.5,145.0,7.0,174.0,7.5,107.0,5.0,488.0,4.5,1374.0,4.0,1226.0,3.5,504.0,3.0,170.0
2023-04-27 21:12:28.5,1682601148500000000,6.0,5.5,4.5,49574.0,2110.0,104470.0,5.5,369.0,6.0,535.0,6.5,145.0,7.0,174.0,7.5,107.0,5.0,533.0,4.5,1329.0,4.0,1226.0,3.5,504.0,3.0,170.0
2023-04-27 21:12:30.5,1682601150500000000,6.0,5.5,4.5,49574.0,2110.0,104470.0,5.5,369.0,6.0,535.0,6.5,145.0,7.0,174.0,7.5,112.0,5.0,551.0,4.5,1311.0,4.0,1226.0,3.5,504.0,3.0,170.0
2023-04-27 21:12:35.25,1682601155250000000,6.0,5.5,4.5,49574.0,2110.0,104470.0,5.5,369.0,6.0,535.0,6.5,145.0,7.0,179.0,7.5,112.0,5.0,551.0,4.5,1311.0,4.0,1226.0,3.5,504.0,3.0,170.0
2023-04-27 21:12:38.25,1682601158250000000,6.0,5.5,4.5,49574.0,2110.0,104470.0,5.5,369.0,6.0,535.0,6.5,145.0,7.0,179.0,7.5,112.0,5.0,551.0,4.5,1316.0,4.0,1226.0,3.5,504.0,3.0,170.0
2023-04-27 21:12:40.25,1682601160250000000,6.0,5.5,4.5,49574.0,2110.0,104470.0,5.5,369.0,6.0,535.0,6.5,145.0,7.0,184.0,7.5,112.0,5.0,551.0,4.5,1316.0,4.0,1226.0,3.5,504.0,3.0,170.0
2023-04-27 21:12:44.25,1682601164250000000,6.0,5.5,4.5,49574.0,2110.0,104470.0,5.5,369.0,6.0,535.0,6.5,145.0,7.0,184.0,7.5,117.0,5.0,551.0,4.5,1316.0,4.0,1226.0,3.5,504.0,3.0,170.0
2023-04-27 21:12:45.25,1682601165250000000,6.0,5.5,4.5,49574.0,2110.0,104470.0,5.5,369.0,6.0,535.0,6.5,145.0,7.0,184.0,7.5,117.0,5.0,556.0,4.5,1316.0,4.0,1226.0,3.5,504.0,3.0,170.0
2023-04-27 21:12:50.75,1682601170750000000,6.0,5.5,4.5,49574.0,2110.0,104470.0,5.5,369.0,6.0,535.0,6.5,145.0,7.0,184.0,7.5,117.0,5.0,561.0,4.5,1316.0,4.0,1226.0,3.5,504.0,3.0,170.0
2023-04-27 21:12:53.5,1682601173500000000,6.0,5.5,4.5,49574.0,2110.0,104470.0,5.5,369.0,6.0,515.0,6.5,165.0,7.0,184.0,7.5,117.0,5.0,581.0,4.5,1306.0,4.0,1216.0,3.5,504.0,3.0,170.0
2023-04-27 21:12:55.25,1682601175250000000,6.0,5.5,4.5,49574.0,2110.0,104470.0,5.5,324.0,6.0,560.0,6.5,165.0,7.0,184.0,7.5,117.0,5.0,581.0,4.5,1306.0,4.0,1216.0,3.5,504.0,3.0,170.0
2023-04-27 21:12:57.5,1682601177500000000,6.0,5.5,4.5,49574.0,2110.0,104470.0,5.5,304.0,6.0,580.0,6.5,165.0,7.0,184.0,7.5,117.0,5.0,581.0,4.5,1306.0,4.0,1216.0,3.5,504.0,3.0,170.0
2023-04-27 21:13:03.25,1682601183250000000,6.0,5.5,4.5,49574.0,2110.0,104470.0,5.5,304.0,6.0,600.0,6.5,145.0,7.0,184.0,7.5,132.0,5.0,581.0,4.5,1306.0,4.0,1216.0,3.5,504.0,3.0,170.0
2023-04-27 21:13:06.25,1682601186250000000,6.0,5.5,4.5,49574.0,2110.0,104470.0,5.5,304.0,6.0,600.0,6.5,145.0,7.0,184.0,7.5,132.0,5.0,571.0,4.5,1326.0,4.0,1216.0,3.5,504.0,3.0,170.0
2023-04-27 21:13:08.5,1682601188500000000,6.0,5.5,4.5,49574.0,2110.0,104470.0,5.5,304.0,6.0,600.0,6.5,145.0,7.0,184.0,7.5,132.0,5.0,571.0,4.5,1335.0,4.0,1207.0,3.5,504.0,3.0,170.0
2023-04-27 21:13:09.5,1682601189500000000,6.0,5.5,4.5,49574.0,2110.0,104470.0,5.5,324.0,6.0,580.0,6.5,145.0,7.0,184.0,7.5,132.0,5.0,571.0,4.5,1335.0,4.0,1207.0,3.5,504.0,3.0,170.0
2023-04-27 21:13:11.0,1682601191000000000,6.0,5.5,4.5,49574.0,2110.0,104470.0,5.5,304.0,6.0,600.0,6.5,145.0,7.0,184.0,7.5,132.0,5.0,571.0,4.5,1335.0,4.0,1207.0,3.5,504.0,3.0,170.0
2023-04-27 21:13:11.75,1682601191750000000,6.0,5.5,4.5,49574.0,2110.0,104470.0,5.5,324.0,6.0,580.0,6.5,145.0,7.0,184.0,7.5,132.0,5.0,571.0,4.5,1335.0,4.0,1207.0,3.5,504.0,3.0,170.0
2023-04-27 21:13:12.5,1682601192500000000,6.0,5.5,4.5,49574.0,2110.0,104470.0,5.5,324.0,6.0,560.0,6.5,165.0,7.0,184.0,7.5,132.0,5.0,591.0,4.5,1315.0,4.0,1207.0,3.5,504.0,3.0,170.0
2023-04-27 21:13:16.25,1682601196250000000,6.0,5.5,4.5,49574.0,2110.0,104470.0,5.5,324.0,6.0,560.0,6.5,165.0,7.0,184.0,7.5,132.0,5.0,591.0,4.5,1262.0,4.0,1207.0,3.5,504.0,3.0,170.0
2023-04-27 21:13:16.5,1682601196500000000,6.0,5.5,4.5,49574.0,2110.0,104470.0,5.5,324.0,6.0,560.0,6.5,165.0,7.0,184.0,7.5,132.0,5.0,644.0,4.5,1262.0,4.0,1207.0,3.5,504.0,3.0,170.0
2023-04-27 21:13:17.25,1682601197250000000,6.0,5.5,4.5,49574.0,2122.0,105130.0,5.5,292.0,6.0,580.0,6.5,165.0,7.0,184.0,7.5,132.0,5.0,644.0,4.5,1262.0,4.0,1207.0,3.5,504.0,3.0,170.0
2023-04-27 21:13:24.0,1682601204000000000,6.0,5.5,4.5,49574.0,2132.0,105680.0,5.5,282.0,6.0,580.0,6.5,165.0,7.0,184.0,7.5,132.0,5.0,644.0,4.5,1262.0,4.0,1207.0,3.5,504.0,3.0,170.0
2023-04-27 21:13:24.75,1682601204750000000,6.0,5.5,4.5,49574.0,2132.0,105680.0,5.5,282.0,6.0,580.0,6.5,165.0,7.0,184.0,7.5,132.0,5.0,644.0,4.5,1263.0,4.0,1207.0,3.5,504.0,3.0,170.0
2023-04-27 21:13:28.5,1682601208500000000,6.0,5.5,4.5,49574.0,2132.0,105680.0,5.5,282.0,6.0,600.0,6.5,145.0,7.0,184.0,7.5,132.0,5.0,624.0,4.5,1283.0,4.0,1207.0,3.5,504.0,3.0,170.0
2023-04-27 21:13:31.0,1682601211000000000,6.0,5.5,4.5,49574.0,2132.0,105680.0,5.5,282.0,6.0,600.0,6.5,145.0,7.0,184.0,7.5,132.0,5.0,624.0,4.5,1283.0,4.0,1208.0,3.5,504.0,3.0,170.0
2023-04-27 21:13:31.5,1682601211500000000,6.0,5.5,4.5,49574.0,2132.0,105680.0,5.5,282.0,6.0,600.0,6.5,145.0,7.0,184.0,7.5,132.0,5.0,644.0,4.5,1263.0,4.0,1208.0,3.5,504.0,3.0,170.0
2023-04-27 21:13:35.0,1682601215000000000,6.0,5.5,4.5,49574.0,2132.0,105680.0,5.5,282.0,6.0,580.0,6.5,165.0,7.0,184.0,7.5,132.0,5.0,626.0,4.5,1281.0,4.0,1208.0,3.5,504.0,3.0,170.0
2023-04-27 21:13:37.25,1682601217250000000,6.0,5.5,4.5,49574.0,2132.0,105680.0,5.5,327.0,6.0,535.0,6.5,165.0,7.0,184.0,7.5,132.0,5.0,626.0,4.5,1281.0,4.0,1208.0,3.5,504.0,3.0,170.0
2023-04-27 21:13:37.75,1682601217750000000,6.0,5.5,4.5,49574.0,2132.0,105680.0,5.5,282.0,6.0,580.0,6.5,165.0,7.0,184.0,7.5,132.0,5.0,626.0,4.5,1281.0,4.0,1208.0,3.5,504.0,3.0,170.0
2023-04-27 21:13:39.25,1682601219250000000,6.0,5.5,4.5,49574.0,2132.0,105680.0,5.5,282.0,6.0,580.0,6.5,165.0,7.0,184.0,7.5,82.0,5.0,626.0,4.5,1281.0,4.0,1208.0,3.5,504.0,3.0,170.0
2023-04-27 21:13:43.75,1682601223750000000,6.0,5.5,4.5,49574.0,2133.0,105735.0,5.5,281.0,6.0,580.0,6.5,165.0,7.0,184.0,7.5,82.0,5.0,626.0,4.5,1281.0,4.0,1208.0,3.5,504.0,3.0,170.0
2023-04-27 21:14:00.0,1682601240000000000,6.0,5.5,4.5,49574.0,2133.0,105735.0,5.5,281.0,6.0,580.0,6.5,165.0,7.0,184.0,7.5,82.0,5.0,646.0,4.5,1261.0,4.0,1208.0,3.5,504.0,3.0,170.0
2023-04-27 21:14:00.25,1682601240250000000,6.0,5.5,4.5,49574.0,2133.0,105735.0,5.5,281.0,6.0,580.0,6.5,165.0,7.0,184.0,7.5,82.0,5.0,651.0,4.5,1261.0,4.0,1208.0,3.5,504.0,3.0,170.0
2023-04-27 21:14:07.25,1682601247250000000,6.0,5.0,4.5,49580.0,2139.0,106035.0,5.5,281.0,6.0,600.0,6.5,145.0,7.0,184.0,7.5,82.0,5.0,645.0,4.5,1261.0,4.0,1208.0,3.5,504.0,3.0,170.0
2023-04-27 21:14:09.75,1682601249750000000,6.0,5.0,4.5,49580.0,2139.0,106035.0,5.5,281.0,6.0,600.0,6.5,145.0,7.0,184.0,7.5,82.0,5.0,646.0,4.5,1261.0,4.0,1208.0,3.5,504.0,3.0,170.0
2023-04-27 21:14:10.25,1682601250250000000,6.0,5.0,4.5,49580.0,2139.0,106035.0,5.5,281.0,6.0,600.0,6.5,145.0,7.0,184.0,7.5,82.0,5.0,626.0,4.5,1281.0,4.0,1208.0,3.5,504.0,3.0,170.0
2023-04-27 21:14:12.25,1682601252250000000,6.0,5.0,4.5,49580.0,2139.0,106035.0,5.5,331.0,6.0,600.0,6.5,145.0,7.0,184.0,7.5,82.0,5.0,626.0,4.5,1281.0,4.0,1208.0,3.5,504.0,3.0,170.0
2023-04-27 21:14:21.0,1682601261000000000,6.0,5.0,4.5,49580.0,2139.0,106035.0,5.5,331.0,6.0,580.0,6.5,165.0,7.0,184.0,7.5,82.0,5.0,626.0,4.5,1281.0,4.0,1208.0,3.5,504.0,3.0,170.0
2023-04-27 21:14:34.75,1682601274750000000,6.0,5.0,4.5,49580.0,2139.0,106035.0,5.5,331.0,6.0,600.0,6.5,145.0,7.0,184.0,7.5,82.0,5.0,646.0,4.5,1261.0,4.0,1208.0,3.5,504.0,3.0,170.0
2023-04-27 21:14:42.25,1682601282250000000,6.0,5.0,4.5,49582.0,2141.0,106135.0,5.5,331.0,6.0,600.0,6.5,145.0,7.0,184.0,7.5,82.0,5.0,644.0,4.5,1261.0,4.0,1208.0,3.5,504.0,3.0,170.0
2023-04-27 21:14:46.25,1682601286250000000,6.0,5.0,4.5,49582.0,2141.0,106135.0,5.5,331.0,6.0,600.0,6.5,145.0,7.0,184.0,7.5,82.0,5.0,644.0,4.5,1201.0,4.0,1208.0,3.5,504.0,3.0,170.0
2023-04-27 21:14:46.75,1682601286750000000,6.0,5.0,4.5,49582.0,2141.0,106135.0,5.5,331.0,6.0,600.0,6.5,145.0,7.0,184.0,7.5,82.0,5.0,624.0,4.5,1221.0,4.0,1208.0,3.5,504.0,3.0,170.0
2023-04-27 21:14:49.0,1682601289000000000,6.0,5.0,4.5,49583.0,2142.0,106185.0,5.5,331.0,6.0,600.0,6.5,145.0,7.0,184.0,7.5,82.0,5.0,623.0,4.5,1221.0,4.0,1208.0,3.5,504.0,3.0,170.0
2023-04-27 21:14:51.25,1682601291250000000,6.0,5.0,4.5,49583.0,2142.0,106185.0,5.5,331.0,6.0,600.0,6.5,145.0,7.0,184.0,7.5,82.0,5.0,623.0,4.5,1121.0,4.0,1208.0,3.5,504.0,3.0,170.0
2023-04-27 21:14:58.75,1682601298750000000,6.0,5.0,4.5,49583.0,2142.0,106185.0,5.5,331.0,6.0,600.0,6.5,145.0,7.0,191.0,7.5,82.0,5.0,623.0,4.5,1121.0,4.0,1208.0,3.5,504.0,3.0,170.0
2023-04-27 21:15:02.0,1682601302000000000,6.0,5.0,4.5,49583.0,2142.0,106185.0,5.5,331.0,6.0,600.0,6.5,145.0,7.0,191.0,7.5,82.0,5.0,623.0,4.5,1116.0,4.0,1208.0,3.5,504.0,3.0,170.0
2023-04-27 21:15:04.5,1682601304500000000,6.0,5.0,4.5,49584.0,2143.0,106235.0,5.5,331.0,6.0,600.0,6.5,145.0,7.0,191.0,7.5,82.0,5.0,622.0,4.5,1116.0,4.0,1208.0,3.5,504.0,3.0,170.0
2023-04-27 21:15:05.0,1682601305000000000,6.0,5.0,4.5,49585.0,2144.0,106285.0,5.5,331.0,6.0,600.0,6.5,145.0,7.0,191.0,7.5,82.0,5.0,621.0,4.5,1116.0,4.0,1208.0,3.5,504.0,3.0,170.0
2023-04-27 21:15:05.5,1682601305500000000,6.0,5.0,4.5,49586.0,2145.0,106335.0,5.5,331.0,6.0,600.0,6.5,145.0,7.0,191.0,7.5,82.0,5.0,621.0,4.5,1116.0,4.0,1208.0,3.5,504.0,3.0,170.0
2023-04-27 21:15:12.0,1682601312000000000,6.0,5.0,4.5,49587.0,2146.0,106385.0,5.5,331.0,6.0,600.0,6.5,145.0,7.0,191.0,7.5,82.0,5.0,620.0,4.5,1116.0,4.0,1208.0,3.5,504.0,3.0,170.0
2023-04-27 21:15:19.75,1682601319750000000,6.0,5.0,4.5,49587.0,2146.0,106385.0,5.5,331.0,6.0,580.0,6.5,165.0,7.0,191.0,7.5,82.0,5.0,640.0,4.5,1096.0,4.0,1208.0,3.5,504.0,3.0,170.0
2023-04-27 21:15:23.5,1682601323500000000,6.0,5.0,4.5,49587.0,2146.0,106385.0,5.5,331.0,6.0,580.0,6.5,165.0,7.0,191.0,7.5,82.0,5.0,620.0,4.5,1096.0,4.0,1208.0,3.5,504.0,3.0,170.0
2023-04-27 21:15:25.5,1682601325500000000,6.0,5.0,4.5,49587.0,2146.0,106385.0,5.5,331.0,6.0,600.0,6.5,145.0,7.0,191.0,7.5,82.0,5.0,620.0,4.5,1096.0,4.0,1208.0,3.5,504.0,3.0,170.0
2023-04-27 21:15:30.0,1682601330000000000,6.0,5.0,4.5,49587.0,2146.0,106385.0,5.5,331.0,6.0,580.0,6.5,165.0,7.0,191.0,7.5,82.0,5.0,638.0,4.5,1078.0,4.0,1208.0,3.5,504.0,3.0,170.0
2023-04-27 21:15:30.5,1682601330500000000,6.0,5.0,4.5,49587.0,2146.0,106385.0,5.5,331.0,6.0,600.0,6.5,145.0,7.0,191.0,7.5,82.0,5.0,638.0,4.5,1078.0,4.0,1208.0,3.5,504.0,3.0,170.0
2023-04-27 21:15:31.5,1682601331500000000,6.0,5.0,4.5,49587.0,2146.0,106385.0,5.5,331.0,6.0,600.0,6.5,145.0,7.0,191.0,7.5,82.0,5.0,638.0,4.5,1078.0,4.0,1188.0,3.5,504.0,3.0,170.0
2023-04-27 21:15:31.75,1682601331750000000,6.0,5.0,4.5,49587.0,2146.0,106385.0,5.5,331.0,6.0,580.0,6.5,165.0,7.0,191.0,7.5,82.0,5.0,638.0,4.5,1098.0,4.0,1188.0,3.5,504.0,3.0,170.0
2023-04-27 21:15:34.5,1682601334500000000,6.0,5.5,4.5,49587.0,2147.0,106440.0,5.5,330.0,6.0,580.0,6.5,165.0,7.0,191.0,7.5,82.0,5.0,638.0,4.5,1098.0,4.0,1188.0,3.5,504.0,3.0,170.0
2023-04-27 21:15:39.5,1682601339500000000,6.0,5.5,4.5,49542.0,2192.0,108915.0,5.5,285.0,6.0,589.0,6.5,165.0,7.0,191.0,7.5,82.0,5.0,638.0,4.5,1098.0,4.0,1188.0,3.5,504.0,3.0,170.0
2023-04-27 21:15:40.25,1682601340250000000,6.0,5.5,4.5,49542.0,2192.0,108915.0,5.5,285.0,6.0,609.0,6.5,145.0,7.0,191.0,7.5,82.0,5.0,638.0,4.5,1098.0,4.0,1188.0,3.5,504.0,3.0,170.0
2023-04-27 21:15:40.5,1682601340500000000,6.0,5.5,4.5,49542.0,2192.0,108915.0,5.5,285.0,6.0,589.0,6.5,165.0,7.0,191.0,7.5,82.0,5.0,638.0,4.5,1098.0,4.0,1188.0,3.5,504.0,3.0,170.0
2023-04-27 21:15:40.75,1682601340750000000,6.0,5.5,4.5,49542.0,2192.0,108915.0,5.5,285.0,6.0,609.0,6.5,145.0,7.0,191.0,7.5,82.0,5.0,638.0,4.5,1098.0,4.0,1188.0,3.5,504.0,3.0,170.0
2023-04-27 21:15:46.5,1682601346500000000,6.0,5.5,4.5,49542.0,2192.0,108915.0,5.5,285.0,6.0,609.0,6.5,145.0,7.0,191.0,7.5,82.0,5.0,668.0,4.5,1098.0,4.0,1188.0,3.5,504.0,3.0,170.0
2023-04-27 21:15:47.5,1682601347500000000,6.0,5.5,4.5,49546.0,2197.0,109190.0,5.5,280.0,6.0,609.0,6.5,145.0,7.0,191.0,7.5,82.0,5.0,668.0,4.5,1093.0,4.0,1188.0,3.5,504.0,3.0,170.0
2023-04-27 21:15:49.25,1682601349250000000,6.0,5.5,4.5,49546.0,2197.0,109190.0,5.5,280.0,6.0,589.0,6.5,165.0,7.0,191.0,7.5,82.0,5.0,668.0,4.5,1093.0,4.0,1188.0,3.5,504.0,3.0,170.0
2023-04-27 21:15:49.5,1682601349500000000,6.0,5.5,4.5,49546.0,2197.0,109190.0,5.5,280.0,6.0,609.0,6.5,145.0,7.0,191.0,7.5,82.0,5.0,668.0,4.5,1083.0,4.0,1188.0,3.5,504.0,3.0,170.0
2023-04-27 21:15:59.25,1682601359250000000,6.0,5.5,4.5,49546.0,2197.0,109190.0,5.5,280.0,6.0,609.0,6.5,145.0,7.0,191.0,7.5,82.0,5.0,668.0,4.5,1083.0,4.0,1187.0,3.5,504.0,3.0,170.0
2023-04-27 21:16:00.0,1682601360000000000,6.0,5.5,4.5,49546.0,2197.0,109190.0,5.5,280.0,6.0,589.0,6.5,165.0,7.0,191.0,7.5,82.0,5.0,668.0,4.5,1083.0,4.0,1187.0,3.5,504.0,3.0,170.0
2023-04-27 21:16:01.0,1682601361000000000,6.0,5.5,4.5,49546.0,2197.0,109190.0,5.5,380.0,6.0,589.0,6.5,165.0,7.0,191.0,7.5,82.0,5.0,668.0,4.5,1083.0,4.0,1187.0,3.5,504.0,3.0,170.0
2023-04-27 21:16:02.75,1682601362750000000,6.0,5.5,4.5,49546.0,2197.0,109190.0,5.5,380.0,6.0,609.0,6.5,145.0,7.0,191.0,7.5,82.0,5.0,668.0,4.5,1083.0,4.0,1187.0,3.5,504.0,3.0,170.0
2023-04-27 21:16:03.25,1682601363250000000,6.0,5.5,4.5,49546.0,2197.0,109190.0,5.5,480.0,6.0,609.0,6.5,145.0,7.0,191.0,7.5,82.0,5.0,668.0,4.5,1083.0,4.0,1187.0,3.5,504.0,3.0,170.0
2023-04-27 21:16:07.0,1682601367000000000,6.0,5.5,4.5,49546.0,2197.0,109190.0,5.5,480.0,6.0,589.0,6.5,165.0,7.0,191.0,7.5,82.0,5.0,668.0,4.5,1083.0,4.0,1187.0,3.5,504.0,3.0,170.0
2023-04-27 21:16:09.5,1682601369500000000,6.0,5.5,4.5,49546.0,2197.0,109190.0,5.5,480.0,6.0,689.0,6.5,165.0,7.0,191.0,7.5,82.0,5.0,668.0,4.5,1083.0,4.0,1187.0,3.5,504.0,3.0,170.0
2023-04-27 21:16:14.0,1682601374000000000,6.0,5.5,4.5,49546.0,2197.0,109190.0,5.5,480.0,6.0,789.0,6.5,165.0,7.0,191.0,7.5,82.0,5.0,668.0,4.5,1083.0,4.0,1187.0,3.5,504.0,3.0,170.0
2023-04-27 21:16:20.75,1682601380750000000,6.0,5.5,4.5,49546.0,2197.0,109190.0,5.5,480.0,6.0,809.0,6.5,145.0,7.0,191.0,7.5,82.0,5.0,668.0,4.5,1083.0,4.0,1187.0,3.5,504.0,3.0,170.0
2023-04-27 21:16:22.75,1682601382750000000,6.0,5.5,4.5,49546.0,2197.0,109190.0,5.5,480.0,6.0,789.0,6.5,165.0,7.0,191.0,7.5,82.0,5.0,668.0,4.5,1083.0,4.0,1187.0,3.5,504.0,3.0,170.0
2023-04-27 21:16:23.5,1682601383500000000,6.0,5.5,4.5,49546.0,2197.0,109190.0,5.5,480.0,6.0,809.0,6.5,145.0,7.0,191.0,7.5,82.0,5.0,668.0,4.5,1083.0,4.0,1187.0,3.5,504.0,3.0,170.0
2023-04-27 21:16:23.75,1682601383750000000,6.0,5.5,4.5,49546.0,2197.0,109190.0,5.5,480.0,6.0,789.0,6.5,165.0,7.0,191.0,7.5,82.0,5.0,668.0,4.5,1083.0,4.0,1187.0,3.5,504.0,3.0,170.0
2023-04-27 21:16:24.5,1682601384500000000,6.0,5.5,4.5,49546.0,2197.0,109190.0,5.5,480.0,6.0,809.0,6.5,145.0,7.0,191.0,7.5,82.0,5.0,668.0,4.5,1083.0,4.0,1187.0,3.5,504.0,3.0,170.0
2023-04-27 21:16:24.75,1682601384750000000,6.0,5.5,4.5,49546.0,2197.0,109190.0,5.5,480.0,6.0,789.0,6.5,165.0,7.0,191.0,7.5,82.0,5.0,668.0,4.5,1083.0,4.0,1187.0,3.5,504.0,3.0,170.0
2023-04-27 21:16:25.5,1682601385500000000,6.0,5.5,4.5,49546.0,2197.0,109190.0,5.5,480.0,6.0,809.0,6.5,145.0,7.0,191.0,7.5,82.0,5.0,668.0,4.5,1083.0,4.0,1187.0,3.5,504.0,3.0,170.0
2023-04-27 21:16:26.25,1682601386250000000,6.0,5.5,4.5,49546.0,2197.0,109190.0,5.5,480.0,6.0,789.0,6.5,165.0,7.0,191.0,7.5,82.0,5.0,668.0,4.5,1083.0,4.0,1187.0,3.5,504.0,3.0,170.0
2023-04-27 21:16:26.5,1682601386500000000,6.0,5.5,4.5,49546.0,2197.0,109190.0,5.5,460.0,6.0,789.0,6.5,165.0,7.0,191.0,7.5,82.0,5.0,648.0,4.5,1083.0,4.0,1187.0,3.5,504.0,3.0,170.0
2023-04-27 21:16:28.0,1682601388000000000,6.0,5.5,4.5,49546.0,2197.0,109190.0,5.5,460.0,6.0,809.0,6.5,145.0,7.0,191.0,7.5,82.0,5.0,648.0,4.5,1083.0,4.0,1187.0,3.5,504.0,3.0,170.0
2023-04-27 21:16:29.75,1682601389750000000,6.0,5.5,4.5,49551.0,2202.0,109465.0,5.5,455.0,6.0,809.0,6.5,145.0,7.0,191.0,7.5,82.0,5.0,648.0,4.5,1083.0,4.0,1187.0,3.5,504.0,3.0,170.0
2023-04-27 21:16:30.25,1682601390250000000,6.0,5.5,4.5,49551.0,2202.0,109465.0,5.5,455.0,6.0,809.0,6.5,145.0,7.0,191.0,7.5,82.0,5.0,653.0,4.5,1083.0,4.0,1187.0,3.5,504.0,3.0,170.0
2023-04-27 21:16:30.75,1682601390750000000,6.0,5.5,4.5,49551.0,2202.0,109465.0,5.5,455.0,6.0,789.0,6.5,165.0,7.0,191.0,7.5,82.0,5.0,653.0,4.5,1083.0,4.0,1187.0,3.5,504.0,3.0,170.0
2023-04-27 21:16:34.5,1682601394500000000,6.0,5.5,4.5,49556.0,2207.0,109740.0,5.5,450.0,6.0,789.0,6.5,165.0,7.0,191.0,7.5,82.0,5.0,653.0,4.5,1083.0,4.0,1187.0,3.5,504.0,3.0,170.0
2023-04-27 21:16:35.0,1682601395000000000,6.0,5.5,4.5,49556.0,2207.0,109740.0,5.5,450.0,6.0,789.0,6.5,165.0,7.0,191.0,7.5,82.0,5.0,663.0,4.5,1083.0,4.0,1187.0,3.5,504.0,3.0,170.0
2023-04-27 21:16:37.75,1682601397750000000,6.0,5.5,4.5,49556.0,2217.0,110290.0,5.5,440.0,6.0,779.0,6.5,165.0,7.0,191.0,7.5,82.0,5.0,663.0,4.5,1083.0,4.0,1177.0,3.5,504.0,3.0,170.0
2023-04-27 21:16:38.5,1682601398500000000,6.0,5.5,4.5,49556.0,2227.0,110840.0,5.5,430.0,6.0,779.0,6.5,165.0,7.0,191.0,7.5,82.0,5.0,663.0,4.5,1083.0,4.0,1177.0,3.5,504.0,3.0,170.0
2023-04-27 21:16:39.0,1682601399000000000,6.0,5.5,4.5,49556.0,2237.0,111390.0,5.5,420.0,6.0,779.0,6.5,165.0,7.0,191.0,7.5,82.0,5.0,663.0,4.5,1083.0,4.0,1177.0,3.5,504.0,3.0,170.0
2023-04-27 21:16:39.5,1682601399500000000,6.0,5.5,4.5,49556.0,2247.0,111940.0,5.5,410.0,6.0,779.0,6.5,165.0,7.0,191.0,7.5,82.0,5.0,663.0,4.5,1083.0,4.0,1177.0,3.5,504.0,3.0,170.0
2023-04-27 21:16:39.75,1682601399750000000,6.0,5.5,4.5,49556.0,2247.0,111940.0,5.5,410.0,6.0,779.0,6.5,165.0,7.0,191.0,7.5,82.0,5.0,668.0,4.5,1083.0,4.0,1177.0,3.5,504.0,3.0,170.0
2023-04-27 21:16:40.0,1682601400000000000,6.0,5.5,4.5,49556.0,2257.0,112490.0,5.5,400.0,6.0,779.0,6.5,165.0,7.0,191.0,7.5,82.0,5.0,668.0,4.5,1083.0,4.0,1177.0,3.5,504.0,3.0,170.0
2023-04-27 21:16:40.25,1682601400250000000,6.0,5.5,4.5,49557.0,2258.0,112545.0,5.5,399.0,6.0,779.0,6.5,165.0,7.0,191.0,7.5,82.0,5.0,668.0,4.5,1083.0,4.0,1177.0,3.5,504.0,3.0,170.0
2023-04-27 21:16:41.0,1682601401000000000,6.0,5.5,4.5,49557.0,2258.0,112545.0,5.5,399.0,6.0,809.0,6.5,145.0,7.0,191.0,7.5,82.0,5.0,668.0,4.5,1083.0,4.0,1187.0,3.5,504.0,3.0,170.0
2023-04-27 21:16:45.5,1682601405500000000,6.0,5.5,4.5,49557.0,2258.0,112545.0,5.5,419.0,6.0,789.0,6.5,165.0,7.0,191.0,7.5,82.0,5.0,688.0,4.5,1083.0,4.0,1187.0,3.5,504.0,3.0,170.0
2023-04-27 21:16:46.5,1682601406500000000,6.0,5.5,4.5,49557.0,2258.0,112545.0,5.5,419.0,6.0,809.0,6.5,145.0,7.0,191.0,7.5,82.0,5.0,688.0,4.5,1083.0,4.0,1187.0,3.5,504.0,3.0,170.0
2023-04-27 21:16:46.75,1682601406750000000,6.0,5.5,4.5,49557.0,2258.0,112545.0,5.5,419.0,6.0,789.0,6.5,165.0,7.0,191.0,7.5,82.0,5.0,688.0,4.5,1083.0,4.0,1187.0,3.5,504.0,3.0,170.0
2023-04-27 21:16:49.75,1682601409750000000,6.0,5.5,4.5,49557.0,2258.0,112545.0,5.5,419.0,6.0,809.0,6.5,145.0,7.0,191.0,7.5,82.0,5.0,688.0,4.5,1083.0,4.0,1187.0,3.5,504.0,3.0,170.0
2023-04-27 21:16:50.5,1682601410500000000,6.0,5.5,4.5,49557.0,2258.0,112545.0,5.5,419.0,6.0,789.0,6.5,165.0,7.0,191.0,7.5,82.0,5.0,688.0,4.5,1083.0,4.0,1187.0,3.5,504.0,3.0,170.0
2023-04-27 21:16:50.75,1682601410750000000,6.0,5.5,4.5,49557.0,2258.0,112545.0,5.5,419.0,6.0,789.0,6.5,165.0,7.0,191.0,7.5,82.0,5.0,698.0,4.5,1083.0,4.0,1187.0,3.5,504.0,3.0,170.0
2023-04-27 21:16:51.25,1682601411250000000,6.0,5.5,4.5,49557.0,2258.0,112545.0,5.5,419.0,6.0,809.0,6.5,145.0,7.0,191.0,7.5,82.0,5.0,698.0,4.5,1083.0,4.0,1187.0,3.5,504.0,3.0,170.0
2023-04-27 21:16:51.5,1682601411500000000,6.0,5.5,4.5,49557.0,2258.0,112545.0,5.5,419.0,6.0,809.0,6.5,88.0,7.0,191.0,7.5,82.0,5.0,698.0,4.5,1083.0,4.0,1187.0,3.5,504.0,3.0,170.0
2023-04-27 21:16:51.75,1682601411750000000,6.0,5.5,4.5,49557.0,2258.0,112545.0,5.5,419.0,6.0,866.0,6.5,88.0,7.0,191.0,7.5,82.0,5.0,698.0,4.5,1083.0,4.0,1187.0,3.5,504.0,3.0,170.0
2023-04-27 21:16:52.0,1682601412000000000,6.0,5.5,4.5,49557.0,2258.0,112545.0,5.5,419.0,6.0,846.0,6.5,108.0,7.0,191.0,7.5,82.0,5.0,698.0,4.5,1083.0,4.0,1187.0,3.5,504.0,3.0,170.0
2023-04-27 21:16:52.25,1682601412250000000,6.0,5.5,4.5,49557.0,2258.0,112545.0,5.5,419.0,6.0,866.0,6.5,88.0,7.0,191.0,7.5,82.0,5.0,698.0,4.5,1083.0,4.0,1187.0,3.5,504.0,3.0,170.0
2023-04-27 21:16:52.5,1682601412500000000,6.0,5.5,4.5,49557.0,2258.0,112545.0,5.5,419.0,6.0,846.0,6.5,108.0,7.0,191.0,7.5,82.0,5.0,698.0,4.5,1083.0,4.0,1187.0,3.5,504.0,3.0,170.0
2023-04-27 21:16:53.5,1682601413500000000,6.0,5.5,4.5,49557.0,2258.0,112545.0,5.5,399.0,6.0,846.0,6.5,108.0,7.0,191.0,7.5,82.0,5.0,678.0,4.5,1083.0,4.0,1187.0,3.5,504.0,3.0,170.0
2023-04-27 21:16:55.5,1682601415500000000,6.0,5.5,4.5,49557.0,2258.0,112545.0,5.5,399.0,6.0,746.0,6.5,108.0,7.0,191.0,7.5,82.0,5.0,678.0,4.5,1083.0,4.0,1187.0,3.5,504.0,3.0,170.0
2023-04-27 21:16:56.25,1682601416250000000,6.0,5.5,4.5,49557.0,2258.0,112545.0,5.5,399.0,6.0,746.0,6.5,108.0,7.0,191.0,7.5,82.0,5.0,678.0,4.5,1083.0,4.0,1187.0,3.5,514.0,3.0,170.0
2023-04-27 21:16:58.25,1682601418250000000,6.0,5.5,4.5,49557.0,2258.0,112545.0,5.5,399.0,6.0,646.0,6.5,108.0,7.0,191.0,7.5,82.0,5.0,678.0,4.5,1083.0,4.0,1187.0,3.5,514.0,3.0,170.0
2023-04-27 21:16:59.5,1682601419500000000,6.0,5.5,4.5,49557.0,2258.0,112545.0,5.5,399.0,6.0,646.0,6.5,108.0,7.0,191.0,7.5,82.0,5.0,668.0,4.5,1103.0,4.0,1187.0,3.5,514.0,3.0,170.0
