datetime,datetime_nano,highest,last_price,lowest,open_interest,volume,amount,ask_price1,ask_volume1,ask_price2,ask_volume2,ask_price3,ask_volume3,ask_price4,ask_volume4,ask_price5,ask_volume5,bid_price1,bid_volume1,bid_price2,bid_volume2,bid_price3,bid_volume3,bid_price4,bid_volume4,bid_price5,bid_volume5
2023-04-27 20:55:58.75,1682600158750000000,,,,10503.0,0.0,0.0,,0.0,,0.0,,0.0,,0.0,,0.0,,0.0,,0.0,,0.0,,0.0,,0.0
2023-04-27 20:59:00.0,1682600340000000000,,,,10503.0,0.0,0.0,66.0,30.0,68.0,3.0,70.0,7.0,72.0,1.0,75.0,100.0,63.5,1.0,52.5,1.0,50.0,1.0,45.0,2.0,42.5,1.0
2023-04-27 21:00:00.0,1682600400000000000,63.5,63.5,63.5,10504.0,1.0,635.0,66.0,30.0,68.0,3.0,70.0,7.0,72.0,1.0,75.0,100.0,52.5,1.0,50.0,1.0,45.0,2.0,42.5,1.0,41.0,1.0
2023-04-27 21:00:00.25,1682600400250000000,63.5,63.5,63.5,10504.0,1.0,635.0,63.5,101.0,66.0,30.0,66.5,20.0,68.0,3.0,70.0,7.0,52.5,1.0,50.0,1.0,45.0,2.0,42.5,1.0,41.0,1.0
2023-04-27 21:00:01.0,1682600401000000000,63.5,52.5,52.5,10504.0,2.0,1160.0,52.5,32.0,63.5,101.0,66.0,30.0,66.5,20.0,68.0,3.0,50.0,1.0,45.0,2.0,42.5,1.0,41.0,1.0,40.0,1.0
2023-04-27 21:00:01.25,1682600401250000000,63.5,52.5,52.5,10504.0,2.0,1160.0,52.5,49.0,63.5,101.0,66.0,30.0,66.5,20.0,68.0,3.0,50.0,1.0,47.0,24.0,45.0,2.0,42.5,1.0,41.0,1.0
2023-04-27 21:00:02.25,1682600402250000000,63.5,50.0,50.0,10504.0,4.0,2185.0,50.0,2.0,52.5,48.0,63.5,101.0,66.0,30.0,66.5,20.0,47.0,24.0,45.0,2.0,42.5,1.0,41.0,1.0,40.0,1.0
2023-04-27 21:00:02.5,1682600402500000000,63.5,50.0,50.0,10504.0,4.0,2185.0,50.0,33.0,52.5,48.0,61.0,24.0,63.5,101.0,66.0,30.0,47.0,24.0,45.0,2.0,42.5,1.0,41.0,1.0,40.0,1.0
2023-04-27 21:00:02.75,1682600402750000000,63.5,50.0,50.0,10504.0,5.0,2685.0,50.0,32.0,52.5,48.0,61.0,24.0,63.5,101.0,66.0,30.0,47.0,24.0,45.0,2.0,42.5,1.0,41.0,1.0,40.0,1.0
2023-04-27 21:00:03.5,1682600403500000000,63.5,50.0,50.0,10502.0,7.0,3685.0,50.0,30.0,52.5,48.0,61.0,24.0,63.5,101.0,66.0,30.0,47.0,24.0,45.0,2.0,42.5,1.0,41.0,1.0,40.0,1.0
2023-04-27 21:00:04.25,1682600404250000000,63.5,50.0,50.0,10502.0,7.0,3685.0,50.0,36.0,52.5,48.0,61.0,24.0,63.5,101.0,66.0,30.0,47.0,24.0,45.0,2.0,42.5,1.0,41.0,1.0,40.0,1.0
2023-04-27 21:00:04.5,1682600404500000000,63.5,50.0,50.0,10502.0,7.0,3685.0,50.0,36.0,52.5,48.0,54.0,20.0,61.0,24.0,63.5,101.0,47.0,24.0,45.0,2.0,43.5,20.0,42.5,1.0,41.0,1.0
2023-04-27 21:00:04.75,1682600404750000000,63.5,50.0,50.0,10502.0,7.0,3685.0,50.0,36.0,52.5,48.0,61.0,24.0,63.5,101.0,67.0,20.0,47.0,24.0,45.0,2.0,42.5,1.0,41.0,1.0,40.0,1.0
2023-04-27 21:00:05.0,1682600405000000000,63.5,50.0,50.0,10466.0,43.0,21685.0,52.5,48.0,54.5,20.0,61.0,24.0,63.5,101.0,68.0,3.0,47.0,24.0,45.0,2.0,43.5,20.0,42.5,1.0,41.0,1.0
2023-04-27 21:00:05.25,1682600405250000000,63.5,50.0,50.0,10466.0,43.0,21685.0,52.5,48.0,61.0,24.0,63.5,101.0,67.5,20.0,68.0,3.0,47.0,24.0,45.0,2.0,42.5,1.0,41.0,1.0,40.0,1.0
2023-04-27 21:00:05.75,1682600405750000000,63.5,50.0,50.0,10466.0,43.0,21685.0,52.5,48.0,61.0,24.0,63.5,101.0,67.5,20.0,68.0,3.0,45.0,2.0,42.5,1.0,41.0,1.0,40.0,1.0,39.0,1.0
2023-04-27 21:00:06.0,1682600406000000000,63.5,50.0,50.0,10466.0,43.0,21685.0,52.5,48.0,61.0,24.0,63.5,101.0,67.5,20.0,68.0,3.0,45.0,3.0,42.5,1.0,41.0,1.0,40.0,1.0,39.0,1.0
2023-04-27 21:00:06.25,1682600406250000000,63.5,52.5,50.0,10466.0,44.0,22210.0,52.5,47.0,61.0,24.0,63.5,101.0,67.5,20.0,68.0,3.0,45.0,3.0,42.5,1.0,41.0,1.0,40.0,25.0,39.0,1.0
2023-04-27 21:00:08.75,1682600408750000000,63.5,52.5,50.0,10466.0,44.0,22210.0,52.5,47.0,56.0,20.0,61.0,24.0,63.5,101.0,68.0,3.0,45.5,20.0,45.0,3.0,42.5,1.0,41.0,1.0,40.0,25.0
2023-04-27 21:00:09.0,1682600409000000000,63.5,52.5,50.0,10466.0,44.0,22210.0,52.5,47.0,56.0,20.0,61.0,24.0,63.5,101.0,65.0,10.0,45.5,20.0,45.0,3.0,42.5,1.0,41.0,1.0,40.0,25.0
2023-04-27 21:00:09.25,1682600409250000000,63.5,52.5,50.0,10466.0,44.0,22210.0,52.5,47.0,61.0,24.0,63.5,101.0,65.0,10.0,68.0,3.0,45.0,3.0,42.5,1.0,41.0,1.0,40.0,25.0,39.0,21.0
2023-04-27 21:00:10.0,1682600410000000000,63.5,52.5,50.0,10466.0,44.0,22210.0,52.5,47.0,61.0,24.0,63.5,101.0,65.0,10.0,68.0,3.0,45.0,3.0,42.5,1.0,41.0,1.0,40.0,27.0,39.0,21.0
2023-04-27 21:00:10.25,1682600410250000000,63.5,52.5,50.0,10466.0,44.0,22210.0,52.5,47.0,57.0,16.0,63.5,101.0,65.0,10.0,68.0,3.0,45.0,3.0,42.5,1.0,42.0,16.0,41.0,1.0,40.0,3.0
2023-04-27 21:00:11.5,1682600411500000000,63.5,52.5,50.0,10466.0,44.0,22210.0,52.5,47.0,57.0,16.0,63.5,101.0,65.0,10.0,68.0,3.0,45.0,3.0,42.5,1.0,42.0,16.0,41.0,1.0,40.0,8.0
2023-04-27 21:00:12.5,1682600412500000000,63.5,52.5,50.0,10466.0,46.0,23260.0,52.5,45.0,57.0,16.0,63.5,101.0,65.0,10.0,68.0,3.0,45.0,3.0,42.5,1.0,42.0,16.0,41.0,1.0,40.0,8.0
2023-04-27 21:00:12.75,1682600412750000000,63.5,52.5,50.0,10466.0,46.0,23260.0,52.5,45.0,57.0,16.0,63.5,101.0,65.0,10.0,68.0,3.0,45.0,19.0,42.5,1.0,42.0,16.0,41.0,1.0,40.0,8.0
2023-04-27 21:00:15.5,1682600415500000000,63.5,52.5,50.0,10466.0,46.0,23260.0,52.5,45.0,57.0,16.0,63.5,101.0,65.0,10.0,68.0,3.0,45.0,19.0,42.5,1.0,42.0,16.0,41.0,1.0,40.0,9.0
2023-04-27 21:00:16.25,1682600416250000000,63.5,52.5,50.0,10466.0,46.0,23260.0,52.5,45.0,57.0,16.0,63.5,101.0,65.5,10.0,68.0,3.0,45.0,19.0,42.5,1.0,42.0,16.0,41.0,1.0,40.0,9.0
2023-04-27 21:00:16.75,1682600416750000000,63.5,52.5,50.0,10466.0,46.0,23260.0,52.5,45.0,57.0,16.0,63.5,101.0,66.0,10.0,68.0,3.0,45.0,19.0,42.5,1.0,42.0,16.0,41.0,1.0,40.0,9.0
2023-04-27 21:00:18.5,1682600418500000000,63.5,52.5,50.0,10466.0,46.0,23260.0,52.5,45.0,57.0,16.0,63.5,101.0,66.5,10.0,68.0,3.0,45.0,24.0,42.5,1.0,42.0,16.0,41.0,1.0,40.0,9.0
2023-04-27 21:00:20.0,1682600420000000000,63.5,52.5,50.0,10466.0,46.0,23260.0,52.5,46.0,57.0,16.0,63.5,101.0,66.5,10.0,68.0,3.0,45.0,24.0,42.5,1.0,42.0,16.0,41.0,1.0,40.0,9.0
2023-04-27 21:00:21.25,1682600421250000000,63.5,52.5,50.0,10466.0,46.0,23260.0,52.5,46.0,57.0,16.0,63.5,101.0,66.5,10.0,68.0,3.0,46.0,1.0,45.0,24.0,42.5,1.0,42.0,16.0,41.0,1.0
2023-04-27 21:00:21.5,1682600421500000000,63.5,52.5,50.0,10466.0,46.0,23260.0,52.5,46.0,57.0,16.0,63.5,101.0,66.5,10.0,68.0,3.0,46.0,4.0,45.0,24.0,42.5,1.0,42.0,16.0,41.0,1.0
2023-04-27 21:00:21.75,1682600421750000000,63.5,52.5,50.0,10466.0,46.0,23260.0,52.5,46.0,57.0,16.0,63.5,101.0,66.5,10.0,68.0,3.0,46.5,1.0,46.0,4.0,45.0,24.0,42.5,1.0,42.0,16.0
2023-04-27 21:00:23.5,1682600423500000000,63.5,52.5,50.0,10466.0,46.0,23260.0,52.5,46.0,55.0,1.0,57.0,16.0,63.5,101.0,66.5,10.0,46.5,1.0,46.0,4.0,45.0,24.0,42.5,1.0,42.0,16.0
2023-04-27 21:00:24.75,1682600424750000000,63.5,52.5,50.0,10466.0,46.0,23260.0,52.5,46.0,55.0,1.0,57.0,16.0,63.5,101.0,66.5,10.0,47.0,1.0,46.5,1.0,46.0,4.0,45.0,25.0,42.5,1.0
2023-04-27 21:00:25.0,1682600425000000000,63.5,52.5,50.0,10466.0,46.0,23260.0,52.5,46.0,55.0,1.0,57.0,16.0,63.5,111.0,68.0,3.0,47.0,1.0,46.5,1.0,46.0,4.0,45.0,25.0,42.5,1.0
2023-04-27 21:00:25.25,1682600425250000000,63.5,52.5,50.0,10466.0,46.0,23260.0,52.5,46.0,55.0,1.0,57.0,16.0,63.5,101.0,65.0,10.0,47.5,1.0,47.0,1.0,46.0,4.0,45.0,25.0,42.5,1.0
2023-04-27 21:00:26.0,1682600426000000000,63.5,52.5,50.0,10466.0,46.0,23260.0,52.5,46.0,55.0,1.0,57.0,16.0,63.5,101.0,65.0,10.0,47.5,1.0,47.0,1.0,46.0,3.0,45.0,25.0,42.5,1.0
2023-04-27 21:00:27.5,1682600427500000000,63.5,52.5,50.0,10466.0,46.0,23260.0,52.5,46.0,55.0,19.0,57.0,16.0,63.5,101.0,65.0,10.0,49.5,18.0,47.5,1.0,47.0,1.0,46.0,3.0,45.0,25.0
2023-04-27 21:00:27.75,1682600427750000000,63.5,52.5,50.0,10466.0,46.0,23260.0,52.5,46.0,55.0,19.0,57.0,16.0,63.5,101.0,65.0,10.0,50.0,1.0,49.5,18.0,47.0,1.0,46.0,3.0,45.0,25.0
2023-04-27 21:00:28.25,1682600428250000000,63.5,52.5,50.0,10466.0,46.0,23260.0,52.5,46.0,55.0,1.0,57.0,16.0,63.5,101.0,65.0,10.0,50.0,1.0,47.0,1.0,46.0,3.0,45.0,25.0,42.5,1.0
2023-04-27 21:00:29.5,1682600429500000000,63.5,52.5,50.0,10466.0,46.0,23260.0,52.5,46.0,55.0,1.0,57.0,16.0,63.5,101.0,68.0,3.0,50.0,1.0,48.0,3.0,47.0,1.0,45.0,25.0,42.5,1.0
2023-04-27 21:00:29.75,1682600429750000000,63.5,52.5,50.0,10466.0,46.0,23260.0,52.5,46.0,55.0,1.0,57.0,16.0,63.5,101.0,65.5,10.0,50.0,1.0,48.0,3.0,47.0,1.0,45.0,25.0,42.5,1.0
2023-04-27 21:00:30.0,1682600430000000000,63.5,52.5,50.0,10466.0,46.0,23260.0,52.5,29.0,55.0,1.0,57.0,16.0,63.5,101.0,65.5,10.0,50.0,1.0,48.0,3.0,47.0,1.0,45.0,25.0,42.5,1.0
2023-04-27 21:00:33.25,1682600433250000000,63.5,52.5,50.0,10466.0,46.0,23260.0,52.5,29.0,55.0,1.0,57.0,16.0,63.5,101.0,68.0,3.0,50.0,1.0,48.0,3.0,47.0,1.0,45.0,25.0,42.5,1.0
2023-04-27 21:00:33.5,1682600433500000000,63.5,52.5,50.0,10466.0,46.0,23260.0,52.5,29.0,55.0,1.0,57.0,16.0,63.5,101.0,66.0,10.0,50.0,1.0,48.0,3.0,47.0,1.0,46.0,1.0,45.0,25.0
2023-04-27 21:00:34.25,1682600434250000000,63.5,52.5,50.0,10466.0,46.0,23260.0,52.5,29.0,55.0,1.0,57.0,16.0,63.5,101.0,66.0,10.0,50.0,1.0,48.0,3.0,46.0,1.0,45.0,25.0,42.5,1.0
2023-04-27 21:00:36.5,1682600436500000000,63.5,52.5,50.0,10466.0,46.0,23260.0,52.5,29.0,55.0,1.0,57.0,16.0,63.5,101.0,66.0,10.0,50.0,1.0,46.0,1.0,45.0,25.0,42.5,1.0,42.0,16.0
2023-04-27 21:00:36.75,1682600436750000000,63.5,52.5,50.0,10466.0,46.0,23260.0,52.5,29.0,55.0,1.0,57.0,16.0,63.5,101.0,66.0,10.0,50.5,3.0,50.0,1.0,46.0,1.0,45.0,25.0,42.5,1.0
2023-04-27 21:00:37.25,1682600437250000000,63.5,52.5,50.0,10466.0,46.0,23260.0,52.5,29.0,55.0,1.0,57.0,16.0,63.5,101.0,66.0,10.0,51.0,1.0,50.5,3.0,46.0,1.0,45.0,25.0,42.5,1.0
2023-04-27 21:00:39.25,1682600439250000000,63.5,52.5,50.0,10466.0,46.0,23260.0,52.5,29.0,55.0,1.0,57.0,16.0,63.5,101.0,66.0,10.0,51.0,1.0,50.5,3.0,50.0,1.0,46.0,1.0,45.0,25.0
2023-04-27 21:00:39.5,1682600439500000000,63.5,51.0,50.0,10466.0,48.0,24285.0,52.5,29.0,55.0,1.0,57.0,16.0,63.5,101.0,66.0,10.0,50.5,3.0,50.0,1.0,46.0,1.0,45.0,25.0,42.5,1.0
2023-04-27 21:00:39.75,1682600439750000000,63.5,52.5,50.0,10466.0,49.0,24810.0,52.5,28.0,55.0,1.0,57.0,16.0,63.5,101.0,66.0,10.0,50.5,3.0,50.0,1.0,46.0,1.0,45.0,25.0,42.5,1.0
2023-04-27 21:00:40.0,1682600440000000000,63.5,52.5,50.0,10466.0,49.0,24810.0,52.5,28.0,55.0,1.0,57.0,16.0,63.5,101.0,68.0,3.0,50.5,3.0,50.0,1.0,46.0,1.0,45.0,25.0,42.5,1.0
2023-04-27 21:00:40.25,1682600440250000000,63.5,52.5,50.0,10466.0,49.0,24810.0,52.5,28.0,55.0,1.0,57.0,16.0,63.5,101.0,66.5,10.0,50.5,3.0,50.0,1.0,46.0,1.0,45.0,25.0,42.5,1.0
2023-04-27 21:00:44.25,1682600444250000000,63.5,52.5,50.0,10466.0,50.0,25335.0,52.5,27.0,55.0,1.0,57.0,16.0,63.5,101.0,66.5,10.0,50.5,3.0,50.0,1.0,46.0,1.0,45.0,25.0,42.5,1.0
2023-04-27 21:00:44.75,1682600444750000000,63.5,52.5,50.0,10466.0,50.0,25335.0,52.0,7.0,52.5,37.0,55.0,1.0,57.0,16.0,63.5,101.0,50.5,3.0,50.0,1.0,46.0,1.0,45.0,25.0,42.5,1.0
2023-04-27 21:00:45.25,1682600445250000000,63.5,52.5,50.0,10466.0,50.0,25335.0,52.0,7.0,52.5,37.0,55.0,1.0,57.0,16.0,63.5,101.0,50.5,4.0,50.0,2.0,46.0,1.0,45.0,25.0,42.5,1.0
2023-04-27 21:00:46.5,1682600446500000000,63.5,52.5,50.0,10466.0,51.0,25860.0,52.0,6.0,52.5,37.0,55.0,1.0,57.0,16.0,63.5,101.0,50.5,4.0,50.0,2.0,46.0,1.0,45.0,25.0,42.5,1.0
2023-04-27 21:00:47.75,1682600447750000000,63.5,52.5,50.0,10466.0,51.0,25860.0,52.0,6.0,52.5,37.0,55.0,1.0,57.0,16.0,63.5,101.0,50.5,4.0,50.0,7.0,46.0,1.0,45.0,25.0,42.5,1.0
2023-04-27 21:00:49.75,1682600449750000000,63.5,52.5,50.0,10466.0,51.0,25860.0,52.0,6.0,52.5,37.0,55.0,1.0,57.0,16.0,63.5,101.0,50.5,4.0,50.0,12.0,46.0,1.0,45.0,25.0,42.5,1.0
2023-04-27 21:00:50.0,1682600450000000000,63.5,52.0,50.0,10461.0,57.0,28980.0,52.5,37.0,55.0,1.0,57.0,16.0,63.5,101.0,68.0,3.0,50.5,4.0,50.0,12.0,46.0,1.0,45.0,25.0,42.5,1.0
2023-04-27 21:00:50.25,1682600450250000000,63.5,52.0,50.0,10461.0,57.0,28980.0,52.5,37.0,55.0,1.0,57.0,16.0,63.5,101.0,67.0,10.0,50.5,4.0,50.0,12.0,46.0,1.0,45.0,25.0,42.5,1.0
2023-04-27 21:00:52.75,1682600452750000000,63.5,52.5,50.0,10418.0,100.0,51525.0,55.0,1.0,57.0,16.0,63.5,101.0,67.0,10.0,68.0,3.0,50.5,4.0,50.0,12.0,46.0,1.0,45.0,25.0,42.5,1.0
2023-04-27 21:00:53.0,1682600453000000000,63.5,52.5,50.0,10418.0,100.0,51525.0,55.0,1.0,57.0,16.0,63.5,101.0,67.0,10.0,68.0,3.0,50.5,5.0,50.0,12.0,46.0,1.0,45.0,25.0,42.5,1.0
2023-04-27 21:00:53.5,1682600453500000000,63.5,52.5,50.0,10418.0,100.0,51525.0,55.0,1.0,57.0,16.0,63.5,101.0,67.0,10.0,68.0,3.0,50.5,5.0,50.0,12.0,49.5,1.0,46.0,1.0,45.0,25.0
2023-04-27 21:00:54.0,1682600454000000000,63.5,52.5,50.0,10418.0,100.0,51525.0,55.0,1.0,57.0,16.0,63.5,101.0,67.5,10.0,68.0,3.0,50.5,5.0,50.0,12.0,49.5,1.0,46.0,1.0,45.0,25.0
2023-04-27 21:00:54.25,1682600454250000000,63.5,52.5,50.0,10418.0,100.0,51525.0,55.0,1.0,57.0,16.0,63.5,101.0,67.5,10.0,68.0,3.0,51.5,2.0,50.5,5.0,50.0,12.0,49.5,1.0,46.0,1.0
2023-04-27 21:00:56.0,1682600456000000000,63.5,52.5,50.0,10418.0,100.0,51525.0,55.0,1.0,57.0,16.0,63.5,101.0,67.5,10.0,68.0,3.0,52.5,3.0,51.5,2.0,50.5,2.0,50.0,12.0,49.5,1.0
2023-04-27 21:00:56.25,1682600456250000000,63.5,52.5,50.0,10421.0,103.0,53100.0,55.0,1.0,57.0,16.0,63.5,101.0,67.5,10.0,68.0,3.0,51.5,2.0,50.5,2.0,50.0,12.0,49.5,1.0,46.0,1.0
2023-04-27 21:00:57.5,1682600457500000000,63.5,52.5,50.0,10421.0,103.0,53100.0,55.0,34.0,57.0,16.0,63.5,101.0,67.5,10.0,68.0,3.0,51.5,2.0,50.5,2.0,50.0,12.0,49.5,1.0,46.0,1.0
2023-04-27 21:00:58.0,1682600458000000000,63.5,52.5,50.0,10421.0,103.0,53100.0,55.0,34.0,57.0,16.0,63.5,101.0,67.5,10.0,68.0,3.0,52.0,1.0,51.5,2.0,50.5,2.0,50.0,12.0,49.5,1.0
2023-04-27 21:00:59.0,1682600459000000000,63.5,52.0,50.0,10422.0,104.0,53620.0,55.0,34.0,57.0,16.0,63.5,101.0,67.5,10.0,68.0,3.0,51.5,2.0,50.5,2.0,50.0,12.0,49.5,1.0,46.0,1.0
2023-04-27 21:00:59.25,1682600459250000000,63.5,52.0,50.0,10422.0,104.0,53620.0,55.0,34.0,57.0,16.0,63.5,101.0,68.0,13.0,70.0,27.0,51.5,2.0,50.5,2.0,50.0,12.0,49.5,1.0,46.0,1.0
2023-04-27 21:01:00.5,1682600460500000000,63.5,51.5,50.0,10424.0,106.0,54650.0,55.0,33.0,57.0,16.0,63.5,101.0,68.0,13.0,70.0,27.0,50.5,2.0,50.0,12.0,49.5,1.0,46.0,1.0,45.0,25.0
2023-04-27 21:01:02.25,1682600462250000000,63.5,55.0,50.0,10424.0,107.0,55200.0,55.0,32.0,57.0,16.0,63.5,101.0,68.0,13.0,70.0,27.0,50.5,2.0,50.0,12.0,49.5,1.0,46.0,1.0,45.0,25.0
2023-04-27 21:01:02.5,1682600462500000000,63.5,55.0,50.0,10424.0,107.0,55200.0,55.0,32.0,57.0,16.0,63.5,101.0,68.0,13.0,70.0,27.0,50.5,2.0,50.0,13.0,49.5,1.0,46.0,1.0,45.0,25.0
2023-04-27 21:01:03.5,1682600463500000000,63.5,55.0,50.0,10424.0,107.0,55200.0,55.0,32.0,57.0,16.0,63.5,101.0,68.0,13.0,70.0,27.0,51.0,1.0,50.5,2.0,50.0,13.0,49.5,1.0,46.0,1.0
2023-04-27 21:01:04.25,1682600464250000000,63.5,55.0,50.0,10424.0,107.0,55200.0,55.0,32.0,57.0,16.0,63.5,101.0,68.0,13.0,70.0,27.0,51.0,1.0,50.5,2.0,50.0,22.0,49.5,1.0,46.0,1.0
2023-04-27 21:01:05.5,1682600465500000000,63.5,55.0,50.0,10424.0,107.0,55200.0,54.5,9.0,55.0,32.0,57.0,16.0,63.5,101.0,68.0,13.0,51.0,1.0,50.5,2.0,50.0,22.0,49.5,1.0,46.0,1.0
2023-04-27 21:01:05.75,1682600465750000000,63.5,55.0,50.0,10424.0,107.0,55200.0,54.5,9.0,55.0,33.0,57.0,16.0,63.5,101.0,68.0,13.0,51.0,1.0,50.5,2.0,50.0,22.0,49.5,1.0,46.0,1.0
2023-04-27 21:01:07.0,1682600467000000000,63.5,55.0,50.0,10424.0,107.0,55200.0,54.5,10.0,55.0,66.0,57.0,16.0,63.5,101.0,68.0,13.0,51.0,1.0,50.5,2.0,50.0,22.0,49.5,1.0,46.0,1.0
2023-04-27 21:01:07.25,1682600467250000000,63.5,55.0,50.0,10424.0,107.0,55200.0,54.0,9.0,54.5,10.0,55.0,66.0,57.0,16.0,63.5,101.0,51.0,1.0,50.5,2.0,50.0,22.0,49.5,1.0,46.0,1.0
2023-04-27 21:01:08.0,1682600468000000000,63.5,55.0,50.0,10424.0,107.0,55200.0,54.0,9.0,54.5,10.0,55.0,84.0,57.0,16.0,63.5,101.0,51.0,19.0,50.5,2.0,50.0,22.0,49.5,1.0,46.0,1.0
2023-04-27 21:01:08.25,1682600468250000000,63.5,55.0,50.0,10424.0,107.0,55200.0,54.0,9.0,54.5,10.0,55.0,84.0,57.0,16.0,63.5,101.0,51.0,19.0,50.5,11.0,50.0,22.0,49.5,1.0,46.0,1.0
2023-04-27 21:01:08.5,1682600468500000000,63.5,55.0,50.0,10424.0,107.0,55200.0,54.0,9.0,54.5,10.0,55.0,84.0,57.0,16.0,63.5,101.0,51.0,28.0,50.5,11.0,50.0,13.0,49.5,1.0,46.0,1.0
2023-04-27 21:01:08.75,1682600468750000000,63.5,55.0,50.0,10424.0,107.0,55200.0,54.0,10.0,54.5,10.0,55.0,84.0,56.5,20.0,57.0,16.0,51.0,28.0,50.5,11.0,50.0,13.0,49.5,1.0,46.0,1.0
2023-04-27 21:01:09.25,1682600469250000000,63.5,55.0,50.0,10424.0,107.0,55200.0,54.0,10.0,54.5,10.0,55.0,84.0,57.0,16.0,63.5,101.0,51.0,28.0,50.5,11.0,50.0,13.0,49.5,1.0,46.0,1.0
2023-04-27 21:01:09.5,1682600469500000000,63.5,55.0,50.0,10424.0,107.0,55200.0,53.5,9.0,54.0,10.0,54.5,1.0,55.0,66.0,57.0,16.0,51.0,10.0,50.5,11.0,50.0,13.0,49.5,1.0,46.0,1.0
2023-04-27 21:01:09.75,1682600469750000000,63.5,55.0,50.0,10424.0,107.0,55200.0,53.5,9.0,54.0,10.0,54.5,1.0,55.0,66.0,57.0,16.0,51.5,9.0,51.0,10.0,50.5,2.0,50.0,13.0,49.5,1.0
2023-04-27 21:01:10.0,1682600470000000000,63.5,55.0,50.0,10424.0,107.0,55200.0,53.5,9.0,54.0,10.0,54.5,1.0,55.0,66.0,57.0,16.0,51.5,9.0,51.0,15.0,50.5,2.0,50.0,13.0,49.5,1.0
2023-04-27 21:01:10.25,1682600470250000000,63.5,55.0,50.0,10424.0,107.0,55200.0,53.5,10.0,54.0,10.0,54.5,1.0,55.0,66.0,57.0,16.0,51.5,9.0,51.0,15.0,50.5,2.0,50.0,13.0,49.5,1.0
2023-04-27 21:01:12.0,1682600472000000000,63.5,55.0,50.0,10424.0,107.0,55200.0,53.5,1.0,54.0,10.0,54.5,1.0,55.0,66.0,57.0,16.0,51.5,9.0,51.0,15.0,50.5,2.0,50.0,13.0,49.5,1.0
2023-04-27 21:01:12.25,1682600472250000000,63.5,55.0,50.0,10424.0,107.0,55200.0,53.0,10.0,53.5,10.0,54.0,1.0,54.5,1.0,55.0,66.0,51.0,15.0,50.5,2.0,50.0,13.0,49.5,1.0,46.5,16.0
2023-04-27 21:01:13.0,1682600473000000000,63.5,55.0,50.0,10424.0,107.0,55200.0,53.0,10.0,53.5,10.0,54.0,1.0,54.5,1.0,55.0,65.0,51.0,15.0,50.5,2.0,50.0,13.0,49.5,1.0,46.5,16.0
2023-04-27 21:01:13.25,1682600473250000000,63.5,55.0,50.0,10424.0,107.0,55200.0,53.0,10.0,53.5,10.0,54.0,1.0,54.5,1.0,55.0,65.0,51.5,1.0,51.0,15.0,50.5,2.0,50.0,13.0,49.5,1.0
2023-04-27 21:01:15.0,1682600475000000000,63.5,55.0,50.0,10424.0,107.0,55200.0,53.0,10.0,53.5,10.0,54.0,1.0,54.5,1.0,55.0,65.0,51.5,1.0,51.0,6.0,50.5,2.0,50.0,13.0,49.5,1.0
2023-04-27 21:01:15.75,1682600475750000000,63.5,55.0,50.0,10424.0,107.0,55200.0,53.0,10.0,53.5,10.0,54.0,1.0,54.5,1.0,55.0,65.0,51.5,1.0,51.0,6.0,50.5,11.0,50.0,13.0,49.5,1.0
2023-04-27 21:01:22.0,1682600482000000000,63.5,55.0,50.0,10424.0,107.0,55200.0,52.5,9.0,53.0,10.0,53.5,1.0,54.0,1.0,54.5,1.0,51.5,1.0,51.0,6.0,50.5,11.0,50.0,13.0,49.5,1.0
2023-04-27 21:01:22.25,1682600482250000000,63.5,51.5,50.0,10425.0,108.0,55715.0,52.5,9.0,53.0,10.0,53.5,1.0,54.0,1.0,54.5,1.0,51.0,6.0,50.5,11.0,50.0,13.0,49.5,1.0,46.5,16.0
2023-04-27 21:01:22.5,1682600482500000000,63.5,52.5,50.0,10426.0,109.0,56240.0,52.5,8.0,53.0,10.0,53.5,1.0,54.0,1.0,54.5,1.0,51.0,6.0,50.5,11.0,50.0,13.0,49.5,1.0,46.5,16.0
2023-04-27 21:01:23.0,1682600483000000000,63.5,52.5,50.0,10426.0,109.0,56240.0,52.5,8.0,53.0,10.0,53.5,1.0,54.0,1.0,54.5,8.0,51.0,6.0,50.5,11.0,50.0,13.0,49.5,1.0,46.5,16.0
2023-04-27 21:01:24.0,1682600484000000000,63.5,52.5,50.0,10428.0,111.0,57290.0,52.5,6.0,53.0,10.0,53.5,1.0,54.0,1.0,54.5,8.0,51.0,6.0,50.5,11.0,50.0,13.0,49.5,1.0,46.5,16.0
2023-04-27 21:01:24.5,1682600484500000000,63.5,52.5,50.0,10434.0,117.0,60440.0,53.0,10.0,53.5,1.0,54.0,1.0,54.5,8.0,55.0,65.0,52.5,4.0,51.0,6.0,50.5,11.0,50.0,13.0,49.5,1.0
2023-04-27 21:01:24.75,1682600484750000000,63.5,52.5,50.0,10434.0,121.0,62540.0,51.5,17.0,53.0,10.0,53.5,1.0,54.0,1.0,54.5,8.0,51.0,6.0,50.5,11.0,50.0,13.0,49.5,1.0,46.5,16.0
2023-04-27 21:01:26.0,1682600486000000000,63.5,52.5,50.0,10434.0,121.0,62540.0,51.5,17.0,53.0,10.0,53.5,1.0,54.0,1.0,54.5,8.0,51.0,15.0,50.5,11.0,50.0,13.0,49.5,1.0,46.5,16.0
2023-04-27 21:01:26.25,1682600486250000000,63.5,52.5,50.0,10434.0,121.0,62540.0,51.5,17.0,53.0,10.0,53.5,1.0,54.0,1.0,54.5,8.0,51.0,16.0,50.5,11.0,50.0,13.0,49.5,1.0,46.5,16.0
2023-04-27 21:01:26.5,1682600486500000000,63.5,51.5,50.0,10434.0,122.0,63055.0,51.5,16.0,53.0,10.0,53.5,1.0,54.0,1.0,54.5,8.0,51.0,16.0,50.5,11.0,50.0,13.0,49.5,1.0,46.5,16.0
2023-04-27 21:01:26.75,1682600486750000000,63.5,51.5,50.0,10418.0,138.0,71295.0,53.0,1.0,53.5,1.0,54.0,1.0,54.5,8.0,55.0,65.0,51.0,16.0,50.5,11.0,50.0,13.0,49.5,1.0,46.5,16.0
2023-04-27 21:01:27.0,1682600487000000000,63.5,51.5,50.0,10418.0,138.0,71295.0,53.0,1.0,53.5,10.0,54.0,1.0,54.5,8.0,55.0,65.0,51.0,16.0,50.5,11.0,50.0,13.0,49.5,1.0,46.5,16.0
2023-04-27 21:01:27.25,1682600487250000000,63.5,51.5,50.0,10418.0,138.0,71295.0,53.0,1.0,53.5,10.0,54.0,1.0,54.5,8.0,55.0,65.0,52.5,1.0,51.5,2.0,51.0,16.0,50.5,11.0,50.0,13.0
2023-04-27 21:01:28.75,1682600488750000000,63.5,53.0,50.0,10418.0,139.0,71825.0,53.5,10.0,54.0,1.0,54.5,8.0,55.0,65.0,56.0,1.0,53.0,1.0,52.5,1.0,51.5,2.0,51.0,16.0,50.5,11.0
2023-04-27 21:01:29.0,1682600489000000000,63.5,53.0,50.0,10419.0,140.0,72355.0,53.5,10.0,54.0,1.0,54.5,8.0,55.0,65.0,56.0,1.0,52.5,1.0,51.5,2.0,51.0,16.0,50.5,11.0,50.0,13.0
2023-04-27 21:01:29.75,1682600489750000000,63.5,53.5,50.0,10419.0,141.0,72890.0,53.5,9.0,54.0,1.0,54.5,8.0,55.0,65.0,56.0,1.0,52.5,1.0,51.5,2.0,51.0,16.0,50.5,11.0,50.0,13.0
2023-04-27 21:01:30.25,1682600490250000000,63.5,52.5,50.0,10420.0,142.0,73415.0,53.5,9.0,54.0,1.0,54.5,8.0,55.0,65.0,56.0,1.0,51.5,2.0,51.0,16.0,50.5,11.0,50.0,13.0,49.5,1.0
2023-04-27 21:01:31.5,1682600491500000000,63.5,53.5,50.0,10423.0,145.0,75020.0,53.5,6.0,54.0,1.0,54.5,8.0,55.0,65.0,56.0,1.0,51.5,2.0,51.0,16.0,50.5,11.0,50.0,13.0,49.5,1.0
2023-04-27 21:01:33.0,1682600493000000000,63.5,53.5,50.0,10423.0,145.0,75020.0,53.5,6.0,54.0,1.0,54.5,8.0,55.0,65.0,56.0,1.0,51.5,11.0,51.0,16.0,50.5,2.0,50.0,13.0,49.5,1.0
2023-04-27 21:01:34.25,1682600494250000000,63.5,53.5,50.0,10423.0,145.0,75020.0,53.5,6.0,54.0,1.0,54.5,8.0,55.0,83.0,56.0,1.0,52.0,18.0,51.5,11.0,51.0,16.0,50.5,2.0,50.0,13.0
2023-04-27 21:01:34.5,1682600494500000000,63.5,53.5,50.0,10423.0,145.0,75020.0,53.5,6.0,54.0,1.0,54.5,8.0,55.0,65.0,56.0,1.0,51.5,2.0,51.0,16.0,50.5,2.0,50.0,13.0,49.5,1.0
2023-04-27 21:01:36.5,1682600496500000000,63.5,53.5,50.0,10423.0,145.0,75020.0,53.5,6.0,54.0,1.0,54.5,8.0,55.0,65.0,56.0,1.0,52.0,6.0,51.5,2.0,51.0,16.0,50.5,2.0,50.0,13.0
2023-04-27 21:01:36.75,1682600496750000000,63.5,53.5,50.0,10423.0,145.0,75020.0,53.5,6.0,54.0,1.0,54.5,8.0,55.0,65.0,56.0,1.0,52.0,6.0,51.5,4.0,51.0,16.0,50.5,2.0,50.0,13.0
2023-04-27 21:01:37.75,1682600497750000000,63.5,53.5,50.0,10428.0,150.0,77695.0,53.5,1.0,54.0,1.0,54.5,8.0,55.0,65.0,56.0,1.0,52.0,6.0,51.5,4.0,51.0,16.0,50.5,2.0,50.0,13.0
2023-04-27 21:01:38.5,1682600498500000000,63.5,53.5,50.0,10428.0,150.0,77695.0,53.5,1.0,54.0,1.0,54.5,8.0,55.0,65.0,56.0,1.0,52.0,6.0,51.5,13.0,51.0,16.0,50.5,2.0,50.0,13.0
2023-04-27 21:01:40.0,1682600500000000000,63.5,52.0,50.0,10428.0,155.0,80295.0,53.5,1.0,54.0,1.0,54.5,8.0,55.0,65.0,56.0,1.0,52.0,1.0,51.5,13.0,51.0,16.0,50.5,2.0,50.0,13.0
2023-04-27 21:01:41.25,1682600501250000000,63.5,52.0,50.0,10428.0,155.0,80295.0,54.0,1.0,54.5,17.0,55.0,65.0,56.0,1.0,57.0,16.0,52.0,1.0,51.5,13.0,51.0,16.0,50.5,2.0,50.0,13.0
2023-04-27 21:01:42.5,1682600502500000000,63.5,54.0,50.0,10428.0,156.0,80835.0,54.5,17.0,55.0,65.0,56.0,1.0,57.0,16.0,63.0,3.0,54.0,4.0,52.0,1.0,51.5,13.0,51.0,16.0,50.5,2.0
2023-04-27 21:01:42.75,1682600502750000000,63.5,54.0,50.0,10432.0,160.0,82995.0,54.5,17.0,55.0,65.0,56.0,1.0,57.0,16.0,63.0,3.0,52.0,1.0,51.5,13.0,51.0,16.0,50.5,2.0,50.0,13.0
2023-04-27 21:01:43.0,1682600503000000000,63.5,54.5,50.0,10432.0,165.0,85720.0,54.5,12.0,55.0,65.0,56.0,1.0,57.0,16.0,63.0,3.0,52.0,10.0,51.5,13.0,51.0,7.0,50.5,2.0,50.0,13.0
2023-04-27 21:01:44.75,1682600504750000000,63.5,54.5,50.0,10432.0,165.0,85720.0,54.5,12.0,55.0,65.0,56.0,1.0,57.0,16.0,63.0,3.0,52.0,11.0,51.5,13.0,51.0,7.0,50.5,2.0,50.0,13.0
2023-04-27 21:01:45.25,1682600505250000000,63.5,54.5,50.0,10432.0,165.0,85720.0,54.5,12.0,55.0,65.0,56.0,1.0,57.0,16.0,63.0,3.0,52.5,9.0,52.0,12.0,51.5,4.0,51.0,7.0,50.5,2.0
2023-04-27 21:01:46.25,1682600506250000000,63.5,54.5,50.0,10432.0,165.0,85720.0,53.5,1.0,54.5,12.0,55.0,65.0,56.0,1.0,57.0,16.0,52.5,9.0,52.0,12.0,51.5,4.0,51.0,7.0,50.5,2.0
2023-04-27 21:01:46.5,1682600506500000000,63.5,54.5,50.0,10429.0,178.0,92805.0,55.0,65.0,56.0,1.0,57.0,16.0,63.0,3.0,63.5,101.0,52.5,9.0,52.0,12.0,51.5,4.0,51.0,7.0,50.5,2.0
2023-04-27 21:01:46.75,1682600506750000000,63.5,54.5,50.0,10429.0,178.0,92805.0,55.0,65.0,55.5,9.0,56.0,1.0,57.0,16.0,63.0,3.0,52.5,9.0,52.0,12.0,51.5,4.0,51.0,7.0,50.5,2.0
2023-04-27 21:01:48.5,1682600508500000000,63.5,55.0,50.0,10429.0,179.0,93355.0,55.0,64.0,55.5,9.0,56.0,1.0,57.0,16.0,63.0,3.0,52.5,9.0,52.0,12.0,51.5,4.0,51.0,7.0,50.5,2.0
2023-04-27 21:01:49.5,1682600509500000000,63.5,55.0,50.0,10429.0,180.0,93905.0,55.0,63.0,55.5,9.0,56.0,1.0,57.0,16.0,63.5,101.0,53.0,2.0,52.5,9.0,52.0,12.0,51.5,4.0,51.0,7.0
2023-04-27 21:01:50.75,1682600510750000000,63.5,55.0,50.0,10429.0,180.0,93905.0,55.0,63.0,55.5,9.0,56.0,1.0,57.0,16.0,63.5,101.0,53.0,11.0,52.5,9.0,52.0,3.0,51.5,4.0,51.0,7.0
2023-04-27 21:01:53.25,1682600513250000000,63.5,55.0,50.0,10429.0,180.0,93905.0,55.0,63.0,55.5,9.0,56.0,1.0,57.0,16.0,63.5,101.0,53.0,11.0,52.5,23.0,52.0,3.0,51.5,4.0,51.0,7.0
2023-04-27 21:01:53.5,1682600513500000000,63.5,55.0,50.0,10429.0,180.0,93905.0,55.0,63.0,55.5,9.0,56.0,1.0,57.0,16.0,63.5,101.0,53.5,9.0,53.0,11.0,52.5,14.0,52.0,3.0,51.5,4.0
2023-04-27 21:01:53.75,1682600513750000000,63.5,55.0,50.0,10429.0,180.0,93905.0,55.0,63.0,56.0,1.0,63.5,101.0,66.0,3.0,66.5,16.0,53.5,9.0,53.0,11.0,52.5,14.0,52.0,3.0,51.5,4.0
2023-04-27 21:01:54.5,1682600514500000000,63.5,55.0,50.0,10429.0,180.0,93905.0,55.0,63.0,56.0,1.0,63.5,101.0,66.0,3.0,66.5,16.0,53.5,9.0,53.0,12.0,52.5,14.0,52.0,3.0,51.5,4.0
2023-04-27 21:01:56.5,1682600516500000000,63.5,55.0,50.0,10429.0,180.0,93905.0,55.0,63.0,56.0,1.0,62.0,16.0,63.5,101.0,66.0,3.0,53.5,9.0,53.0,12.0,52.5,14.0,52.0,3.0,51.5,4.0
2023-04-27 21:01:58.25,1682600518250000000,63.5,55.0,50.0,10429.0,180.0,93905.0,55.0,63.0,56.0,1.0,56.5,1.0,62.0,16.0,63.5,101.0,53.5,9.0,53.0,12.0,52.5,14.0,52.0,3.0,51.5,4.0
2023-04-27 21:02:00.0,1682600520000000000,63.5,55.0,50.0,10379.0,230.0,121405.0,55.0,13.0,56.0,1.0,56.5,1.0,62.0,16.0,63.5,101.0,53.5,9.0,53.0,12.0,52.5,14.0,52.0,3.0,51.5,4.0
2023-04-27 21:02:00.25,1682600520250000000,63.5,55.0,50.0,10379.0,230.0,121405.0,55.0,13.0,56.0,10.0,56.5,1.0,62.0,16.0,63.5,101.0,53.5,9.0,53.0,12.0,52.5,14.0,52.0,3.0,51.5,4.0
2023-04-27 21:02:02.75,1682600522750000000,63.5,55.0,50.0,10379.0,230.0,121405.0,55.0,13.0,55.5,9.0,56.0,10.0,56.5,1.0,62.0,16.0,53.5,9.0,53.0,12.0,52.5,14.0,52.0,3.0,51.5,4.0
2023-04-27 21:02:04.25,1682600524250000000,63.5,55.0,50.0,10379.0,230.0,121405.0,55.0,13.0,55.5,9.0,56.0,10.0,56.5,1.0,62.0,16.0,53.0,12.0,52.5,14.0,52.0,3.0,51.5,4.0,51.0,7.0
2023-04-27 21:02:05.25,1682600525250000000,63.5,55.0,50.0,10379.0,230.0,121405.0,54.5,1.0,55.0,13.0,55.5,9.0,56.0,10.0,56.5,1.0,53.0,12.0,52.5,14.0,52.0,3.0,51.5,4.0,51.0,7.0
2023-04-27 21:02:06.25,1682600526250000000,63.5,55.0,50.0,10379.0,240.0,126905.0,55.0,4.0,55.5,9.0,56.0,10.0,56.5,1.0,57.0,18.0,54.0,18.0,53.0,12.0,52.5,14.0,52.0,3.0,51.5,4.0
2023-04-27 21:02:06.5,1682600526500000000,63.5,55.0,50.0,10379.0,240.0,126905.0,55.0,4.0,55.5,9.0,56.0,10.0,56.5,1.0,62.0,16.0,53.0,12.0,52.5,14.0,52.0,3.0,51.5,4.0,51.0,7.0
2023-04-27 21:02:07.0,1682600527000000000,63.5,55.0,50.0,10375.0,244.0,129105.0,55.5,9.0,56.0,10.0,56.5,1.0,62.0,16.0,63.5,101.0,53.0,12.0,52.5,14.0,52.0,3.0,51.5,4.0,51.0,7.0
2023-04-27 21:02:08.0,1682600528000000000,63.5,55.0,50.0,10375.0,244.0,129105.0,55.5,9.0,56.0,10.0,56.5,1.0,62.0,16.0,63.5,101.0,53.0,12.0,52.5,14.0,52.0,4.0,51.5,4.0,51.0,7.0
2023-04-27 21:02:09.25,1682600529250000000,63.5,55.0,50.0,10375.0,244.0,129105.0,55.5,9.0,56.0,10.0,56.5,1.0,62.0,16.0,63.5,101.0,53.5,9.0,53.0,12.0,52.5,14.0,52.0,4.0,51.5,4.0
2023-04-27 21:02:11.25,1682600531250000000,63.5,53.0,50.0,10357.0,265.0,140280.0,53.0,79.0,55.5,9.0,56.0,10.0,56.5,1.0,62.0,16.0,52.5,23.0,52.0,4.0,51.5,4.0,51.0,7.0,50.5,2.0
2023-04-27 21:02:11.5,1682600531500000000,63.5,53.0,50.0,10357.0,265.0,140280.0,53.0,129.0,55.5,9.0,56.0,10.0,56.5,1.0,62.0,16.0,52.5,23.0,52.0,4.0,51.5,4.0,51.0,7.0,50.5,1.0
2023-04-27 21:02:14.25,1682600534250000000,63.5,53.0,50.0,10357.0,266.0,140810.0,53.0,128.0,55.5,9.0,56.0,10.0,56.5,1.0,62.0,16.0,52.5,23.0,52.0,4.0,51.5,4.0,51.0,7.0,50.5,1.0
2023-04-27 21:02:17.25,1682600537250000000,63.5,53.0,50.0,10357.0,267.0,141340.0,53.0,127.0,55.5,9.0,56.0,10.0,56.5,1.0,62.0,16.0,52.5,23.0,52.0,4.0,51.5,4.0,51.0,7.0,50.5,1.0
2023-04-27 21:02:22.5,1682600542500000000,63.5,53.0,50.0,10357.0,268.0,141870.0,53.0,126.0,55.5,9.0,56.0,10.0,56.5,1.0,62.0,16.0,52.5,23.0,52.0,4.0,51.5,4.0,51.0,7.0,50.5,1.0
2023-04-27 21:02:23.25,1682600543250000000,63.5,53.0,50.0,10357.0,269.0,142400.0,53.0,125.0,55.5,9.0,56.0,10.0,56.5,1.0,62.0,16.0,52.5,23.0,52.0,4.0,51.5,4.0,51.0,7.0,50.5,1.0
2023-04-27 21:02:23.75,1682600543750000000,63.5,52.5,50.0,10357.0,271.0,143450.0,53.0,125.0,55.5,9.0,56.0,10.0,56.5,1.0,62.0,16.0,52.5,21.0,52.0,4.0,51.5,4.0,51.0,7.0,50.5,1.0
2023-04-27 21:02:24.5,1682600544500000000,63.5,52.5,50.0,10357.0,271.0,143450.0,53.0,125.0,55.5,9.0,56.0,10.0,56.5,1.0,62.0,16.0,52.5,21.0,52.0,5.0,51.5,4.0,51.0,7.0,50.5,1.0
2023-04-27 21:02:25.0,1682600545000000000,63.5,52.5,50.0,10357.0,271.0,143450.0,53.0,125.0,55.5,9.0,56.0,28.0,56.5,1.0,62.0,16.0,52.5,21.0,52.0,5.0,51.5,22.0,51.0,7.0,50.5,1.0
2023-04-27 21:02:26.25,1682600546250000000,63.5,52.5,50.0,10357.0,271.0,143450.0,53.0,125.0,55.5,9.0,56.0,28.0,56.5,1.0,62.0,16.0,52.5,21.0,52.0,4.0,51.5,22.0,51.0,7.0,50.5,1.0
2023-04-27 21:02:27.5,1682600547500000000,63.5,52.5,50.0,10358.0,272.0,143975.0,53.0,125.0,55.5,9.0,56.0,28.0,56.5,1.0,62.0,16.0,52.5,20.0,52.0,4.0,51.5,22.0,51.0,7.0,50.5,1.0
2023-04-27 21:02:27.75,1682600547750000000,63.5,52.5,50.0,10358.0,272.0,143975.0,53.0,125.0,55.5,9.0,56.0,28.0,56.5,1.0,62.0,16.0,52.5,38.0,52.0,4.0,51.5,22.0,51.0,7.0,50.5,1.0
2023-04-27 21:02:31.0,1682600551000000000,63.5,53.0,50.0,10358.0,276.0,146095.0,53.0,121.0,55.5,9.0,56.0,28.0,56.5,1.0,62.0,16.0,52.5,38.0,52.0,4.0,51.5,22.0,51.0,7.0,50.5,1.0
2023-04-27 21:02:31.25,1682600551250000000,63.5,53.0,50.0,10352.0,282.0,149275.0,53.0,115.0,55.5,9.0,56.0,28.0,56.5,1.0,62.0,16.0,52.5,38.0,52.0,4.0,51.5,22.0,51.0,7.0,50.5,1.0
2023-04-27 21:02:31.5,1682600551500000000,63.5,53.0,50.0,10346.0,288.0,152455.0,53.0,109.0,55.5,9.0,56.0,28.0,56.5,1.0,62.0,16.0,52.5,38.0,52.0,4.0,51.5,22.0,51.0,7.0,50.5,1.0
2023-04-27 21:02:31.75,1682600551750000000,63.5,53.0,50.0,10340.0,294.0,155635.0,53.0,103.0,55.5,9.0,56.0,28.0,56.5,1.0,62.0,16.0,52.5,38.0,52.0,4.0,51.5,22.0,51.0,7.0,50.5,1.0
2023-04-27 21:02:32.0,1682600552000000000,63.5,53.0,50.0,10334.0,300.0,158815.0,53.0,97.0,55.5,9.0,56.0,28.0,56.5,1.0,62.0,16.0,52.5,38.0,52.0,4.0,51.5,22.0,51.0,7.0,50.5,1.0
2023-04-27 21:02:35.25,1682600555250000000,63.5,53.0,50.0,10334.0,300.0,158815.0,53.0,97.0,55.5,27.0,56.0,10.0,56.5,1.0,62.0,16.0,52.5,56.0,52.0,4.0,51.5,4.0,51.0,7.0,50.5,1.0
2023-04-27 21:02:38.5,1682600558500000000,63.5,53.0,50.0,10328.0,306.0,161995.0,53.0,91.0,55.5,27.0,56.0,10.0,56.5,1.0,62.0,16.0,52.5,56.0,52.0,4.0,51.5,4.0,51.0,7.0,50.5,1.0
2023-04-27 21:02:38.75,1682600558750000000,63.5,53.0,50.0,10328.0,312.0,165175.0,53.0,85.0,55.5,27.0,56.0,10.0,56.5,1.0,62.0,16.0,52.5,56.0,52.0,4.0,51.5,4.0,51.0,7.0,50.5,1.0
2023-04-27 21:02:39.0,1682600559000000000,63.5,53.0,50.0,10328.0,322.0,170475.0,53.0,75.0,55.5,27.0,56.0,10.0,56.5,1.0,62.0,16.0,52.5,56.0,52.0,4.0,51.5,4.0,51.0,7.0,50.5,1.0
2023-04-27 21:02:39.5,1682600559500000000,63.5,53.0,50.0,10328.0,323.0,171005.0,53.0,74.0,55.5,27.0,56.0,10.0,56.5,1.0,62.0,16.0,52.5,56.0,52.0,4.0,51.5,4.0,51.0,7.0,50.5,1.0
2023-04-27 21:02:40.75,1682600560750000000,63.5,52.5,50.0,10328.0,328.0,173630.0,53.0,74.0,55.5,27.0,56.0,10.0,56.5,1.0,62.0,16.0,52.5,51.0,52.0,4.0,51.5,4.0,51.0,7.0,50.5,1.0
2023-04-27 21:02:42.0,1682600562000000000,63.5,53.0,50.0,10328.0,334.0,176810.0,53.0,68.0,55.5,27.0,56.0,10.0,56.5,1.0,62.0,16.0,52.5,51.0,52.0,4.0,51.5,4.0,51.0,7.0,50.5,1.0
2023-04-27 21:02:42.25,1682600562250000000,63.5,53.0,50.0,10328.0,340.0,179990.0,53.0,62.0,55.5,27.0,56.0,10.0,56.5,1.0,62.0,16.0,52.5,51.0,52.0,4.0,51.5,4.0,51.0,7.0,50.5,1.0
2023-04-27 21:02:42.5,1682600562500000000,63.5,53.0,50.0,10328.0,346.0,183170.0,53.0,56.0,55.5,27.0,56.0,10.0,56.5,1.0,62.0,16.0,52.5,51.0,52.0,4.0,51.5,4.0,51.0,7.0,50.5,1.0
2023-04-27 21:02:42.75,1682600562750000000,63.5,53.0,50.0,10328.0,402.0,212850.0,55.0,9.0,55.5,27.0,56.0,1.0,56.5,1.0,62.0,16.0,52.5,33.0,52.0,4.0,51.5,4.0,51.0,7.0,50.5,1.0
2023-04-27 21:02:43.0,1682600563000000000,63.5,53.0,50.0,10328.0,402.0,212850.0,55.0,9.0,55.5,9.0,56.0,19.0,56.5,1.0,62.0,16.0,52.5,33.0,52.0,4.0,51.5,4.0,51.0,7.0,50.5,1.0
2023-04-27 21:02:44.75,1682600564750000000,63.5,53.0,50.0,10328.0,402.0,212850.0,55.0,9.0,55.5,9.0,56.0,1.0,56.5,19.0,62.0,16.0,52.5,33.0,52.0,4.0,51.5,4.0,51.0,7.0,50.5,1.0
2023-04-27 21:02:45.5,1682600565500000000,63.5,53.0,50.0,10328.0,402.0,212850.0,54.0,1.0,55.0,9.0,55.5,9.0,56.0,19.0,56.5,1.0,52.5,33.0,52.0,4.0,51.5,4.0,51.0,7.0,50.5,1.0
2023-04-27 21:02:45.75,1682600565750000000,63.5,52.5,50.0,10328.0,404.0,213900.0,54.0,1.0,54.5,9.0,55.0,9.0,56.0,1.0,56.5,19.0,52.5,31.0,52.0,4.0,51.5,4.0,51.0,7.0,50.5,1.0
2023-04-27 21:02:46.0,1682600566000000000,63.5,52.5,50.0,10328.0,404.0,213900.0,54.0,1.0,54.5,9.0,55.0,9.0,56.0,19.0,56.5,1.0,52.5,31.0,52.0,4.0,51.5,4.0,51.0,7.0,50.5,1.0
2023-04-27 21:02:46.5,1682600566500000000,63.5,52.5,50.0,10328.0,404.0,213900.0,53.5,1.0,54.0,1.0,54.5,9.0,55.0,9.0,55.5,18.0,52.5,22.0,52.0,4.0,51.5,13.0,51.0,7.0,50.5,1.0
2023-04-27 21:02:46.75,1682600566750000000,63.5,52.5,50.0,10328.0,404.0,213900.0,53.5,1.0,54.0,1.0,54.5,9.0,55.0,9.0,55.5,18.0,52.5,4.0,52.0,13.0,51.5,31.0,51.0,7.0,50.5,1.0
2023-04-27 21:02:47.0,1682600567000000000,63.5,53.5,50.0,10329.0,405.0,214435.0,54.0,1.0,54.5,9.0,55.0,9.0,55.5,18.0,56.0,1.0,52.5,4.0,52.0,13.0,51.5,31.0,51.0,7.0,50.5,1.0
2023-04-27 21:02:47.5,1682600567500000000,63.5,53.5,50.0,10329.0,405.0,214435.0,54.0,1.0,54.5,12.0,55.0,9.0,55.5,18.0,56.0,1.0,52.5,4.0,52.0,13.0,51.5,31.0,51.0,7.0,50.5,1.0
2023-04-27 21:02:48.5,1682600568500000000,63.5,53.5,50.0,10329.0,405.0,214435.0,54.0,1.0,54.5,12.0,55.0,9.0,56.0,19.0,56.5,1.0,52.5,4.0,52.0,31.0,51.5,13.0,51.0,7.0,50.5,1.0
2023-04-27 21:02:48.75,1682600568750000000,63.5,53.5,50.0,10329.0,405.0,214435.0,54.0,1.0,54.5,12.0,55.0,9.0,55.5,18.0,56.0,1.0,52.5,4.0,52.0,31.0,51.5,13.0,51.0,7.0,50.5,1.0
2023-04-27 21:02:49.25,1682600569250000000,63.5,53.5,50.0,10329.0,405.0,214435.0,54.0,1.0,54.5,12.0,55.0,9.0,55.5,18.0,56.0,1.0,53.0,1.0,52.5,5.0,52.0,31.0,51.5,13.0,51.0,7.0
2023-04-27 21:02:49.75,1682600569750000000,63.5,53.5,50.0,10329.0,405.0,214435.0,54.0,1.0,54.5,22.0,55.0,9.0,55.5,18.0,56.0,1.0,53.0,11.0,52.5,5.0,52.0,31.0,51.5,13.0,51.0,7.0
2023-04-27 21:02:50.0,1682600570000000000,63.5,53.5,50.0,10329.0,405.0,214435.0,54.0,1.0,54.5,22.0,55.0,9.0,56.0,19.0,56.5,1.0,53.0,29.0,52.5,5.0,52.0,13.0,51.5,13.0,51.0,7.0
2023-04-27 21:02:50.25,1682600570250000000,63.5,53.5,50.0,10329.0,405.0,214435.0,54.0,1.0,54.5,22.0,55.0,9.0,56.0,19.0,56.5,1.0,53.0,29.0,52.5,15.0,52.0,13.0,51.5,13.0,51.0,7.0
2023-04-27 21:02:51.0,1682600571000000000,63.5,54.0,50.0,10330.0,406.0,214975.0,54.5,22.0,55.0,9.0,56.0,19.0,56.5,1.0,60.5,10.0,53.0,29.0,52.5,15.0,52.0,13.0,51.5,13.0,51.0,7.0
2023-04-27 21:02:51.25,1682600571250000000,63.5,54.0,50.0,10330.0,406.0,214975.0,54.5,12.0,55.0,19.0,56.0,19.0,56.5,1.0,60.5,10.0,53.0,29.0,52.5,15.0,52.0,13.0,51.5,13.0,51.0,7.0
2023-04-27 21:02:51.5,1682600571500000000,63.5,54.0,50.0,10330.0,406.0,214975.0,54.5,12.0,55.0,19.0,56.0,19.0,56.5,1.0,60.5,10.0,53.0,29.0,52.5,24.0,52.0,13.0,51.5,4.0,51.0,7.0
2023-04-27 21:02:52.5,1682600572500000000,63.5,54.0,50.0,10330.0,406.0,214975.0,54.5,12.0,55.0,19.0,56.0,1.0,56.5,19.0,60.5,10.0,53.0,29.0,52.5,24.0,52.0,13.0,51.5,4.0,51.0,7.0
2023-04-27 21:02:54.0,1682600574000000000,63.5,54.0,50.0,10330.0,406.0,214975.0,54.5,12.0,55.0,19.0,56.0,19.0,56.5,1.0,60.5,10.0,53.0,30.0,52.5,24.0,52.0,13.0,51.5,4.0,51.0,7.0
2023-04-27 21:02:54.5,1682600574500000000,63.5,54.0,50.0,10330.0,406.0,214975.0,54.5,12.0,55.0,19.0,56.0,19.0,56.5,1.0,60.5,10.0,53.0,31.0,52.5,24.0,52.0,13.0,51.5,4.0,51.0,7.0
2023-04-27 21:02:54.75,1682600574750000000,63.5,54.0,50.0,10330.0,406.0,214975.0,54.5,12.0,55.0,19.0,56.0,1.0,56.5,19.0,60.5,10.0,53.0,31.0,52.5,24.0,52.0,13.0,51.5,4.0,51.0,7.0
2023-04-27 21:02:55.0,1682600575000000000,63.5,54.0,50.0,10330.0,406.0,214975.0,54.5,12.0,55.0,19.0,56.0,19.0,56.5,1.0,60.5,10.0,53.0,31.0,52.5,24.0,52.0,13.0,51.5,4.0,51.0,7.0
2023-04-27 21:02:55.25,1682600575250000000,63.5,54.0,50.0,10330.0,406.0,214975.0,54.5,12.0,55.0,19.0,56.0,1.0,56.5,19.0,60.5,10.0,53.0,31.0,52.5,24.0,52.0,13.0,51.5,4.0,51.0,7.0
2023-04-27 21:02:55.5,1682600575500000000,63.5,54.0,50.0,10330.0,406.0,214975.0,54.5,12.0,55.0,19.0,56.0,19.0,56.5,1.0,60.5,10.0,54.0,1.0,53.0,30.0,52.5,24.0,52.0,13.0,51.5,4.0
2023-04-27 21:02:56.5,1682600576500000000,63.5,54.0,50.0,10330.0,407.0,215515.0,54.5,12.0,55.0,19.0,56.0,19.0,56.5,1.0,60.5,10.0,53.0,31.0,52.5,24.0,52.0,13.0,51.5,4.0,51.0,7.0
2023-04-27 21:02:58.0,1682600578000000000,63.5,54.0,50.0,10330.0,407.0,215515.0,54.5,12.0,55.0,19.0,56.0,1.0,56.5,1.0,60.5,10.0,53.0,13.0,52.5,24.0,52.0,13.0,51.5,4.0,51.0,7.0
2023-04-27 21:02:58.25,1682600578250000000,63.5,54.0,50.0,10330.0,407.0,215515.0,54.5,12.0,55.0,19.0,56.0,1.0,56.5,11.0,60.5,10.0,53.0,23.0,52.5,24.0,52.0,13.0,51.5,4.0,51.0,7.0
2023-04-27 21:02:59.5,1682600579500000000,63.5,54.0,50.0,10330.0,407.0,215515.0,54.5,12.0,55.0,37.0,56.0,1.0,56.5,11.0,60.5,10.0,53.0,41.0,52.5,24.0,52.0,13.0,51.5,4.0,51.0,7.0
2023-04-27 21:02:59.75,1682600579750000000,63.5,54.0,50.0,10330.0,407.0,215515.0,54.5,12.0,55.0,37.0,56.0,1.0,56.5,1.0,57.5,10.0,53.0,31.0,52.5,24.0,52.0,13.0,51.5,14.0,51.0,7.0
2023-04-27 21:03:00.25,1682600580250000000,63.5,54.0,50.0,10330.0,407.0,215515.0,54.5,12.0,55.0,19.0,56.0,1.0,56.5,1.0,57.5,10.0,53.0,13.0,52.5,24.0,52.0,13.0,51.5,14.0,51.0,7.0
2023-04-27 21:03:00.75,1682600580750000000,63.5,54.0,50.0,10330.0,407.0,215515.0,54.5,12.0,55.0,37.0,56.0,1.0,56.5,1.0,57.5,10.0,53.0,31.0,52.5,24.0,52.0,13.0,51.5,14.0,51.0,7.0
2023-04-27 21:03:01.25,1682600581250000000,63.5,54.0,50.0,10330.0,407.0,215515.0,54.5,12.0,55.0,37.0,56.0,1.0,56.5,1.0,57.5,10.0,53.0,32.0,52.5,24.0,52.0,13.0,51.5,14.0,51.0,7.0
2023-04-27 21:03:02.75,1682600582750000000,63.5,54.0,50.0,10330.0,407.0,215515.0,54.5,12.0,55.0,19.0,56.0,1.0,56.5,1.0,57.5,10.0,53.0,14.0,52.5,24.0,52.0,13.0,51.5,14.0,51.0,7.0
2023-04-27 21:03:03.75,1682600583750000000,63.5,54.0,50.0,10330.0,407.0,215515.0,54.5,12.0,55.0,9.0,56.0,1.0,56.5,1.0,57.5,10.0,53.0,4.0,52.5,24.0,52.0,13.0,51.5,14.0,51.0,7.0
2023-04-27 21:03:04.0,1682600584000000000,63.5,54.0,50.0,10330.0,407.0,215515.0,54.5,12.0,55.0,27.0,56.0,1.0,56.5,1.0,57.5,10.0,53.0,4.0,52.5,42.0,52.0,13.0,51.5,14.0,51.0,7.0
2023-04-27 21:03:04.5,1682600584500000000,63.5,54.0,50.0,10330.0,407.0,215515.0,54.5,12.0,55.0,9.0,55.5,18.0,56.0,1.0,56.5,1.0,53.0,4.0,52.5,42.0,52.0,13.0,51.5,14.0,51.0,7.0
2023-04-27 21:03:05.0,1682600585000000000,63.5,54.0,50.0,10330.0,407.0,215515.0,54.5,12.0,55.0,27.0,56.0,1.0,56.5,1.0,57.5,10.0,53.0,4.0,52.5,42.0,52.0,13.0,51.5,14.0,51.0,7.0
2023-04-27 21:03:06.0,1682600586000000000,63.5,54.0,50.0,10330.0,407.0,215515.0,54.5,30.0,55.0,9.0,56.0,1.0,56.5,1.0,57.5,10.0,53.0,4.0,52.5,42.0,52.0,13.0,51.5,14.0,51.0,7.0
2023-04-27 21:03:06.75,1682600586750000000,63.5,54.0,50.0,10330.0,407.0,215515.0,54.5,21.0,55.0,9.0,56.0,1.0,56.5,1.0,57.5,10.0,53.0,4.0,52.5,42.0,52.0,13.0,51.5,14.0,51.0,7.0
2023-04-27 21:03:07.0,1682600587000000000,63.5,54.0,50.0,10330.0,407.0,215515.0,54.5,3.0,55.0,27.0,56.0,1.0,56.5,1.0,57.5,10.0,53.0,6.0,52.5,42.0,52.0,13.0,51.5,14.0,51.0,7.0
2023-04-27 21:03:07.25,1682600587250000000,63.5,54.0,50.0,10330.0,407.0,215515.0,54.5,3.0,55.0,27.0,56.0,1.0,56.5,1.0,57.5,10.0,53.0,15.0,52.5,42.0,52.0,4.0,51.5,14.0,51.0,7.0
2023-04-27 21:03:07.5,1682600587500000000,63.5,54.0,50.0,10330.0,407.0,215515.0,54.5,3.0,55.0,27.0,56.0,1.0,56.5,1.0,57.5,10.0,53.0,33.0,52.5,24.0,52.0,4.0,51.5,14.0,51.0,7.0
2023-04-27 21:03:08.0,1682600588000000000,63.5,54.0,50.0,10330.0,407.0,215515.0,54.5,3.0,55.0,9.0,55.5,18.0,56.0,1.0,56.5,1.0,53.0,33.0,52.5,24.0,52.0,4.0,51.5,14.0,51.0,7.0
2023-04-27 21:03:08.25,1682600588250000000,63.5,54.0,50.0,10330.0,407.0,215515.0,54.5,3.0,55.0,9.0,55.5,18.0,56.0,1.0,56.5,1.0,53.5,1.0,53.0,33.0,52.5,24.0,52.0,4.0,51.5,14.0
2023-04-27 21:03:09.0,1682600589000000000,63.5,54.5,50.0,10330.0,410.0,217150.0,55.0,9.0,55.5,18.0,56.0,1.0,56.5,1.0,57.5,10.0,54.5,24.0,53.5,1.0,53.0,33.0,52.5,24.0,52.0,4.0
2023-04-27 21:03:09.25,1682600589250000000,63.5,54.5,50.0,10330.0,410.0,217150.0,55.0,9.0,56.0,19.0,56.5,1.0,57.5,10.0,60.5,10.0,54.5,42.0,53.5,1.0,53.0,15.0,52.5,24.0,52.0,4.0
2023-04-27 21:03:10.75,1682600590750000000,63.5,54.5,50.0,10330.0,410.0,217150.0,56.0,19.0,56.5,10.0,57.5,10.0,60.5,10.0,62.0,16.0,54.5,42.0,53.5,10.0,53.0,15.0,52.5,15.0,52.0,4.0
2023-04-27 21:03:11.0,1682600591000000000,63.5,54.5,50.0,10330.0,410.0,217150.0,56.0,1.0,56.5,28.0,57.5,10.0,60.5,10.0,62.0,16.0,54.5,42.0,53.5,10.0,53.0,15.0,52.5,15.0,52.0,4.0
2023-04-27 21:03:12.0,1682600592000000000,63.5,56.0,50.0,10330.0,411.0,217710.0,56.5,28.0,57.5,10.0,60.5,10.0,62.0,16.0,63.5,101.0,56.0,4.0,54.5,42.0,53.5,10.0,53.0,15.0,52.5,15.0
2023-04-27 21:03:12.25,1682600592250000000,63.5,56.0,50.0,10330.0,415.0,219950.0,56.5,28.0,57.5,10.0,60.5,10.0,62.0,16.0,63.5,101.0,54.5,42.0,53.5,10.0,53.0,15.0,52.5,15.0,52.0,4.0
2023-04-27 21:03:13.25,1682600593250000000,63.5,56.0,50.0,10330.0,415.0,219950.0,56.5,10.0,57.0,18.0,57.5,10.0,60.5,10.0,62.0,16.0,54.5,42.0,53.5,10.0,53.0,15.0,52.5,15.0,52.0,4.0
2023-04-27 21:03:13.5,1682600593500000000,63.5,56.0,50.0,10330.0,415.0,219950.0,56.5,28.0,57.5,10.0,60.5,10.0,62.0,16.0,63.5,101.0,54.5,42.0,53.5,10.0,53.0,15.0,52.5,15.0,52.0,4.0
2023-04-27 21:03:14.25,1682600594250000000,63.5,56.0,50.0,10330.0,415.0,219950.0,56.5,28.0,57.5,10.0,60.5,10.0,62.0,16.0,63.5,101.0,54.5,42.0,53.5,10.0,53.0,15.0,52.5,15.0,52.0,6.0
2023-04-27 21:03:15.25,1682600595250000000,63.5,56.0,50.0,10330.0,415.0,219950.0,56.5,28.0,57.5,10.0,60.5,10.0,62.0,16.0,63.5,101.0,54.5,42.0,54.0,9.0,53.5,10.0,53.0,6.0,52.5,15.0
2023-04-27 21:03:15.75,1682600595750000000,63.5,56.0,50.0,10330.0,415.0,219950.0,56.5,10.0,57.0,18.0,57.5,10.0,60.5,10.0,62.0,16.0,54.5,42.0,54.0,9.0,53.5,10.0,53.0,6.0,52.5,15.0
2023-04-27 21:03:16.25,1682600596250000000,63.5,56.0,50.0,10330.0,415.0,219950.0,56.0,2.0,56.5,28.0,57.5,10.0,60.5,10.0,62.0,16.0,54.5,42.0,54.0,9.0,53.5,10.0,53.0,6.0,52.5,15.0
2023-04-27 21:03:17.0,1682600597000000000,63.5,56.0,50.0,10330.0,415.0,219950.0,56.0,2.0,56.5,10.0,57.5,10.0,60.5,10.0,62.0,16.0,54.5,24.0,54.0,9.0,53.5,10.0,53.0,6.0,52.5,15.0
2023-04-27 21:03:17.25,1682600597250000000,63.5,56.0,50.0,10330.0,415.0,219950.0,56.0,2.0,56.5,10.0,57.0,18.0,57.5,10.0,60.5,10.0,54.5,24.0,54.0,27.0,53.5,10.0,53.0,6.0,52.5,15.0
2023-04-27 21:03:22.0,1682600602000000000,63.5,56.0,50.0,10330.0,415.0,219950.0,56.0,2.0,56.5,10.0,57.5,28.0,62.0,26.0,63.5,101.0,54.5,42.0,54.0,9.0,53.5,20.0,53.0,6.0,52.5,5.0
2023-04-27 21:03:22.5,1682600602500000000,63.5,56.0,50.0,10330.0,415.0,219950.0,56.0,2.0,56.5,10.0,57.0,18.0,57.5,10.0,62.0,26.0,54.5,42.0,54.0,9.0,53.5,20.0,53.0,6.0,52.5,5.0
2023-04-27 21:03:23.25,1682600603250000000,63.5,56.0,50.0,10330.0,415.0,219950.0,56.0,2.0,56.5,10.0,57.5,28.0,62.0,26.0,63.5,101.0,54.5,42.0,54.0,9.0,53.5,20.0,53.0,6.0,52.5,5.0
2023-04-27 21:03:25.0,1682600605000000000,63.5,56.0,50.0,10330.0,415.0,219950.0,56.0,2.0,56.5,10.0,57.5,28.0,62.0,26.0,63.5,101.0,54.5,18.0,54.0,9.0,53.5,20.0,53.0,6.0,52.5,5.0
2023-04-27 21:03:25.25,1682600605250000000,63.5,56.0,50.0,10330.0,415.0,219950.0,56.0,2.0,56.5,10.0,57.5,28.0,62.0,26.0,63.5,101.0,54.0,9.0,53.5,38.0,53.0,6.0,52.5,5.0,52.0,6.0
2023-04-27 21:03:25.75,1682600605750000000,63.5,56.0,50.0,10330.0,415.0,219950.0,56.0,2.0,56.5,10.0,57.0,18.0,57.5,10.0,62.0,26.0,54.0,9.0,53.5,38.0,53.0,6.0,52.5,5.0,52.0,6.0
2023-04-27 21:03:26.25,1682600606250000000,63.5,56.0,50.0,10330.0,415.0,219950.0,56.0,2.0,56.5,10.0,57.0,18.0,57.5,10.0,62.0,26.0,55.0,1.0,54.0,9.0,53.5,38.0,53.0,6.0,52.5,5.0
2023-04-27 21:03:27.5,1682600607500000000,63.5,56.0,50.0,10330.0,415.0,219950.0,56.0,2.0,56.5,10.0,57.0,18.0,57.5,10.0,62.0,26.0,55.0,1.0,54.0,9.0,53.5,38.0,53.0,6.0,52.5,4.0
2023-04-27 21:03:29.25,1682600609250000000,63.5,56.0,50.0,10330.0,415.0,219950.0,56.0,2.0,56.5,10.0,57.0,18.0,57.5,10.0,62.0,26.0,55.0,1.0,54.5,1.0,54.0,9.0,53.5,38.0,53.0,6.0
2023-04-27 21:03:30.5,1682600610500000000,63.5,56.0,50.0,10330.0,415.0,219950.0,56.0,2.0,56.5,28.0,57.5,10.0,62.0,26.0,63.5,101.0,55.0,1.0,54.5,1.0,54.0,27.0,53.5,20.0,53.0,6.0
2023-04-27 21:03:31.5,1682600611500000000,63.5,56.0,50.0,10330.0,415.0,219950.0,56.0,2.0,56.5,10.0,57.0,18.0,57.5,10.0,62.0,26.0,55.0,1.0,54.5,1.0,54.0,27.0,53.5,20.0,53.0,6.0
2023-04-27 21:03:33.25,1682600613250000000,63.5,56.0,50.0,10330.0,417.0,221070.0,56.5,10.0,57.0,18.0,57.5,10.0,62.0,26.0,63.5,101.0,56.0,3.0,55.0,1.0,54.5,1.0,54.0,27.0,53.5,20.0
2023-04-27 21:03:33.5,1682600613500000000,63.5,56.0,50.0,10330.0,420.0,222750.0,56.5,10.0,57.0,18.0,57.5,10.0,62.0,26.0,63.5,101.0,55.0,1.0,54.5,1.0,54.0,27.0,53.5,20.0,53.0,6.0
2023-04-27 21:03:36.0,1682600616000000000,63.5,56.0,50.0,10330.0,420.0,222750.0,56.5,10.0,57.0,18.0,57.5,10.0,62.0,26.0,63.5,101.0,55.0,1.0,54.5,2.0,54.0,27.0,53.5,20.0,53.0,6.0
2023-04-27 21:03:36.25,1682600616250000000,63.5,56.5,50.0,10330.0,421.0,223315.0,56.5,9.0,57.0,18.0,57.5,10.0,62.0,26.0,63.5,101.0,55.0,1.0,54.5,2.0,54.0,27.0,53.5,20.0,53.0,6.0
2023-04-27 21:03:36.5,1682600616500000000,63.5,56.5,50.0,10330.0,421.0,223315.0,56.5,9.0,57.5,28.0,62.0,26.0,63.5,101.0,66.0,6.0,55.0,1.0,54.5,2.0,54.0,27.0,53.5,20.0,53.0,6.0
2023-04-27 21:03:37.25,1682600617250000000,63.5,56.5,50.0,10330.0,421.0,223315.0,56.5,9.0,57.5,28.0,62.0,27.0,63.5,101.0,66.0,6.0,55.0,1.0,54.5,2.0,54.0,27.0,53.5,20.0,53.0,6.0
2023-04-27 21:03:44.0,1682600624000000000,63.5,56.5,50.0,10330.0,421.0,223315.0,57.5,28.0,58.0,9.0,58.5,9.0,62.0,27.0,63.5,101.0,55.0,10.0,54.5,2.0,54.0,27.0,53.5,11.0,53.0,6.0
2023-04-27 21:03:44.25,1682600624250000000,63.5,56.5,50.0,10330.0,421.0,223315.0,57.0,5.0,57.5,27.0,58.0,9.0,58.5,10.0,62.0,27.0,55.0,28.0,54.5,2.0,54.0,9.0,53.5,11.0,53.0,6.0
2023-04-27 21:03:47.25,1682600627250000000,63.5,56.5,50.0,10330.0,421.0,223315.0,57.0,23.0,57.5,9.0,58.0,9.0,58.5,10.0,62.0,27.0,55.5,18.0,55.0,10.0,54.5,2.0,54.0,9.0,53.5,11.0
2023-04-27 21:03:47.5,1682600627500000000,63.5,56.5,50.0,10330.0,421.0,223315.0,56.5,9.0,57.0,14.0,58.5,10.0,62.0,27.0,63.5,101.0,55.0,1.0,54.5,2.0,54.0,9.0,53.5,11.0,53.0,6.0
2023-04-27 21:03:49.0,1682600629000000000,63.5,56.5,50.0,10330.0,421.0,223315.0,56.5,9.0,57.0,14.0,58.5,10.0,62.0,27.0,63.5,101.0,55.5,5.0,55.0,1.0,54.5,2.0,54.0,9.0,53.5,11.0
2023-04-27 21:03:52.75,1682600632750000000,63.5,55.5,50.0,10330.0,422.0,223870.0,56.5,9.0,57.0,14.0,58.5,10.0,62.0,27.0,63.5,101.0,55.5,4.0,55.0,1.0,54.5,2.0,54.0,9.0,53.5,11.0
2023-04-27 21:03:53.25,1682600633250000000,63.5,55.5,50.0,10330.0,422.0,223870.0,56.5,9.0,57.0,9.0,58.5,10.0,62.0,27.0,63.5,101.0,55.5,4.0,55.0,1.0,54.5,2.0,54.0,9.0,53.5,11.0
2023-04-27 21:03:53.5,1682600633500000000,63.5,56.5,50.0,10330.0,423.0,224435.0,56.5,8.0,57.0,9.0,58.5,10.0,62.0,27.0,63.5,101.0,55.5,4.0,55.0,1.0,54.5,2.0,54.0,9.0,53.5,11.0
2023-04-27 21:03:55.0,1682600635000000000,63.5,56.5,50.0,10330.0,423.0,224435.0,56.5,8.0,57.0,9.0,58.5,10.0,62.0,27.0,63.5,101.0,55.5,4.0,55.0,1.0,54.5,11.0,54.0,9.0,53.5,11.0
2023-04-27 21:03:55.25,1682600635250000000,63.5,55.5,50.0,10331.0,424.0,224990.0,56.5,8.0,57.0,9.0,58.5,10.0,62.0,27.0,63.5,101.0,55.5,3.0,55.0,1.0,54.5,11.0,54.0,9.0,53.5,11.0
2023-04-27 21:04:00.0,1682600640000000000,63.5,55.5,50.0,10331.0,424.0,224990.0,56.5,8.0,57.0,9.0,58.5,10.0,59.0,18.0,62.0,27.0,55.5,3.0,55.0,1.0,54.5,29.0,54.0,9.0,53.5,11.0
2023-04-27 21:04:02.25,1682600642250000000,63.5,55.5,50.0,10331.0,424.0,224990.0,56.5,8.0,57.0,9.0,58.5,10.0,59.5,18.0,62.0,27.0,55.5,3.0,55.0,19.0,54.5,11.0,54.0,9.0,53.5,11.0
2023-04-27 21:04:02.5,1682600642500000000,63.5,55.5,50.0,10331.0,424.0,224990.0,57.0,9.0,58.5,10.0,62.0,27.0,63.5,101.0,66.0,6.0,55.5,3.0,55.0,1.0,54.5,11.0,54.0,9.0,53.5,11.0
2023-04-27 21:04:04.5,1682600644500000000,63.5,57.0,50.0,10331.0,433.0,230120.0,58.0,9.0,58.5,10.0,62.0,27.0,63.5,101.0,66.0,6.0,55.5,3.0,55.0,10.0,54.5,11.0,53.5,11.0,53.0,6.0
2023-04-27 21:04:04.75,1682600644750000000,63.5,57.0,50.0,10331.0,433.0,230120.0,58.0,9.0,59.5,10.0,62.0,27.0,63.5,101.0,66.0,6.0,55.5,3.0,55.0,10.0,54.5,11.0,53.5,21.0,53.0,6.0
2023-04-27 21:04:08.0,1682600648000000000,63.5,57.0,50.0,10331.0,433.0,230120.0,58.0,19.0,59.5,10.0,62.0,27.0,63.5,101.0,66.0,6.0,55.5,3.0,55.0,10.0,54.5,11.0,53.5,21.0,53.0,6.0
2023-04-27 21:04:08.25,1682600648250000000,63.5,57.0,50.0,10331.0,433.0,230120.0,57.5,9.0,58.0,19.0,59.5,10.0,62.0,27.0,63.5,101.0,55.5,3.0,55.0,10.0,54.5,11.0,53.5,21.0,53.0,6.0
2023-04-27 21:04:08.5,1682600648500000000,63.5,57.0,50.0,10331.0,433.0,230120.0,57.5,9.0,58.0,19.0,59.5,10.0,62.0,27.0,63.5,101.0,55.5,3.0,55.0,10.0,54.5,11.0,53.5,21.0,53.0,6.0
2023-04-27 21:04:12.0,1682600652000000000,63.5,57.0,50.0,10331.0,433.0,230120.0,57.5,9.0,58.0,19.0,59.5,10.0,60.0,10.0,62.0,17.0,55.5,3.0,55.0,10.0,54.5,21.0,53.5,11.0,53.0,6.0
2023-04-27 21:04:12.25,1682600652250000000,63.5,57.0,50.0,10331.0,433.0,230120.0,57.5,9.0,58.0,19.0,59.5,10.0,60.0,10.0,62.0,17.0,55.5,3.0,55.0,1.0,54.5,21.0,53.5,11.0,53.0,6.0
2023-04-27 21:04:12.5,1682600652500000000,63.5,57.0,50.0,10331.0,433.0,230120.0,57.5,9.0,58.0,19.0,58.5,18.0,59.5,10.0,60.0,10.0,55.5,3.0,55.0,1.0,54.5,39.0,53.5,11.0,53.0,6.0
2023-04-27 21:04:13.5,1682600653500000000,63.5,57.0,50.0,10331.0,433.0,230120.0,57.5,9.0,58.0,19.0,59.5,10.0,60.0,10.0,62.0,17.0,55.5,3.0,55.0,1.0,54.5,21.0,53.5,11.0,53.0,6.0
2023-04-27 21:04:13.75,1682600653750000000,63.5,57.0,50.0,10331.0,433.0,230120.0,57.5,9.0,58.0,37.0,59.5,10.0,60.0,10.0,62.0,17.0,55.5,3.0,55.0,1.0,54.5,21.0,53.5,29.0,53.0,6.0
2023-04-27 21:04:14.0,1682600654000000000,63.5,57.0,50.0,10331.0,433.0,230120.0,57.5,9.0,58.0,19.0,59.5,10.0,60.0,10.0,62.0,17.0,55.5,3.0,55.0,1.0,54.5,21.0,53.5,11.0,53.0,6.0
2023-04-27 21:04:16.0,1682600656000000000,63.5,57.0,50.0,10331.0,433.0,230120.0,57.5,9.0,58.0,37.0,59.5,10.0,60.0,10.0,62.0,17.0,55.5,3.0,55.0,1.0,54.5,39.0,53.5,11.0,53.0,6.0
2023-04-27 21:04:19.25,1682600659250000000,63.5,57.0,50.0,10331.0,433.0,230120.0,57.5,9.0,58.0,37.0,59.5,10.0,60.0,10.0,62.0,17.0,56.0,1.0,55.5,3.0,55.0,1.0,54.5,39.0,53.5,11.0
2023-04-27 21:04:21.0,1682600661000000000,63.5,57.0,50.0,10331.0,433.0,230120.0,57.5,9.0,58.0,37.0,59.5,10.0,61.0,10.0,62.0,17.0,56.0,1.0,55.5,13.0,55.0,1.0,54.5,29.0,53.5,11.0
2023-04-27 21:04:21.25,1682600661250000000,63.5,57.0,50.0,10331.0,433.0,230120.0,57.5,9.0,58.0,19.0,58.5,18.0,59.5,10.0,61.0,10.0,56.0,1.0,55.5,31.0,55.0,1.0,54.5,11.0,53.5,11.0
2023-04-27 21:04:22.5,1682600662500000000,63.5,57.0,50.0,10331.0,433.0,230120.0,57.0,1.0,57.5,9.0,58.0,19.0,58.5,18.0,59.5,10.0,56.0,1.0,55.5,31.0,55.0,1.0,54.5,11.0,53.5,11.0
2023-04-27 21:04:22.75,1682600662750000000,63.5,57.0,50.0,10331.0,433.0,230120.0,57.0,1.0,57.5,9.0,58.0,37.0,59.5,10.0,61.0,10.0,56.0,1.0,55.5,31.0,55.0,1.0,54.5,11.0,53.5,11.0
2023-04-27 21:04:23.0,1682600663000000000,63.5,56.0,50.0,10331.0,434.0,230680.0,57.0,10.0,57.5,9.0,58.0,28.0,59.5,10.0,61.0,10.0,55.5,31.0,55.0,1.0,54.5,11.0,53.5,11.0,53.0,6.0
2023-04-27 21:04:23.5,1682600663500000000,63.5,56.0,50.0,10331.0,434.0,230680.0,56.5,9.0,57.0,10.0,57.5,18.0,58.0,10.0,59.0,5.0,55.5,21.0,55.0,1.0,54.5,12.0,53.5,11.0,53.0,6.0
2023-04-27 21:04:23.75,1682600663750000000,63.5,56.0,50.0,10331.0,434.0,230680.0,56.5,9.0,57.0,10.0,58.0,10.0,59.0,5.0,59.5,10.0,55.5,3.0,55.0,1.0,54.5,12.0,53.5,11.0,53.0,6.0
2023-04-27 21:04:24.25,1682600664250000000,63.5,56.0,50.0,10331.0,434.0,230680.0,56.5,9.0,57.0,10.0,58.0,28.0,59.0,5.0,59.5,10.0,55.5,3.0,55.0,1.0,54.5,30.0,53.5,11.0,53.0,6.0
2023-04-27 21:04:24.5,1682600664500000000,63.5,55.5,50.0,10331.0,437.0,232345.0,56.5,9.0,57.0,10.0,58.0,28.0,59.0,5.0,59.5,10.0,55.0,1.0,54.5,30.0,53.5,11.0,53.0,6.0,52.0,4.0
2023-04-27 21:04:25.0,1682600665000000000,63.5,55.5,50.0,10331.0,437.0,232345.0,56.5,9.0,57.0,10.0,57.5,18.0,58.0,10.0,59.0,5.0,55.0,1.0,54.5,30.0,53.5,11.0,53.0,6.0,52.0,4.0
2023-04-27 21:04:27.5,1682600667500000000,63.5,55.0,50.0,10331.0,443.0,235720.0,56.5,4.0,57.0,10.0,57.5,18.0,58.0,10.0,59.0,5.0,54.5,30.0,53.5,11.0,53.0,6.0,52.0,4.0,51.5,2.0
2023-04-27 21:04:27.75,1682600667750000000,63.5,55.0,50.0,10331.0,443.0,235720.0,56.5,4.0,57.0,10.0,57.5,18.0,58.0,10.0,59.0,5.0,54.5,30.0,53.5,20.0,53.0,6.0,52.0,4.0,51.5,2.0
2023-04-27 21:04:30.75,1682600670750000000,63.5,55.0,50.0,10331.0,443.0,235720.0,56.5,4.0,57.0,10.0,57.5,18.0,58.0,10.0,59.0,5.0,55.0,1.0,54.5,30.0,53.5,20.0,53.0,6.0,52.0,4.0
2023-04-27 21:04:34.75,1682600674750000000,63.5,55.0,50.0,10331.0,443.0,235720.0,56.5,4.0,57.0,10.0,57.5,18.0,58.0,10.0,59.0,5.0,55.0,7.0,54.5,30.0,54.0,9.0,53.5,20.0,53.0,6.0
2023-04-27 21:04:35.25,1682600675250000000,63.5,55.0,50.0,10331.0,443.0,235720.0,56.5,4.0,57.0,10.0,58.0,28.0,59.0,5.0,59.5,10.0,55.0,7.0,54.5,30.0,54.0,9.0,53.5,20.0,53.0,6.0
2023-04-27 21:04:45.25,1682600685250000000,63.5,56.5,50.0,10331.0,447.0,237980.0,57.0,10.0,58.0,28.0,59.0,5.0,59.5,10.0,60.0,10.0,55.0,7.0,54.5,39.0,54.0,9.0,53.5,11.0,53.0,6.0
2023-04-27 21:04:45.75,1682600685750000000,63.5,56.5,50.0,10331.0,447.0,237980.0,55.5,82.0,57.0,10.0,58.0,28.0,59.0,5.0,59.5,10.0,55.0,7.0,54.5,39.0,54.0,9.0,53.5,11.0,53.0,6.0
2023-04-27 21:04:46.0,1682600686000000000,63.5,55.5,50.0,10321.0,457.0,243530.0,55.5,72.0,57.0,16.0,58.0,28.0,59.0,5.0,59.5,10.0,55.0,7.0,54.5,29.0,54.0,9.0,53.5,11.0,53.0,6.0
2023-04-27 21:04:46.25,1682600686250000000,63.5,55.5,50.0,10321.0,463.0,246860.0,55.5,66.0,57.0,16.0,58.0,28.0,59.0,5.0,59.5,10.0,55.0,7.0,54.5,29.0,54.0,9.0,53.5,11.0,53.0,6.0
2023-04-27 21:04:46.5,1682600686500000000,63.5,55.5,50.0,10321.0,469.0,250190.0,55.5,60.0,57.0,16.0,58.0,28.0,59.0,5.0,59.5,10.0,55.0,7.0,54.5,29.0,54.0,9.0,53.5,11.0,53.0,6.0
2023-04-27 21:04:46.75,1682600686750000000,63.5,55.5,50.0,10321.0,475.0,253520.0,55.5,54.0,57.0,16.0,58.0,28.0,59.0,5.0,59.5,10.0,55.0,7.0,54.5,29.0,54.0,9.0,53.5,11.0,53.0,6.0
2023-04-27 21:04:47.0,1682600687000000000,63.5,55.5,50.0,10321.0,481.0,256850.0,55.5,48.0,56.0,2.0,57.0,16.0,58.0,28.0,59.0,5.0,55.0,21.0,54.5,29.0,54.0,9.0,53.5,11.0,53.0,6.0
2023-04-27 21:04:47.25,1682600687250000000,63.5,55.5,50.0,10321.0,487.0,260180.0,55.5,42.0,56.0,2.0,57.0,16.0,58.0,10.0,58.5,18.0,55.0,39.0,54.5,11.0,54.0,9.0,53.5,11.0,53.0,6.0
2023-04-27 21:04:47.5,1682600687500000000,63.5,55.5,50.0,10321.0,493.0,263510.0,55.5,36.0,56.0,2.0,57.0,16.0,58.0,10.0,58.5,18.0,55.0,39.0,54.5,11.0,54.0,9.0,53.5,11.0,53.0,6.0
2023-04-27 21:04:47.75,1682600687750000000,63.5,55.5,50.0,10321.0,499.0,266840.0,55.5,30.0,56.0,2.0,57.0,16.0,58.0,10.0,58.5,18.0,55.0,39.0,54.5,11.0,54.0,9.0,53.5,11.0,53.0,6.0
2023-04-27 21:04:48.0,1682600688000000000,63.5,55.5,50.0,10321.0,505.0,270170.0,55.5,24.0,56.0,2.0,57.0,16.0,58.0,28.0,59.0,5.0,55.0,39.0,54.5,11.0,54.0,9.0,53.5,11.0,53.0,6.0
2023-04-27 21:04:48.25,1682600688250000000,63.5,55.5,50.0,10321.0,511.0,273500.0,55.5,18.0,56.0,2.0,57.0,16.0,58.0,28.0,59.0,5.0,55.0,39.0,54.5,11.0,54.0,9.0,53.5,11.0,53.0,6.0
2023-04-27 21:04:48.5,1682600688500000000,63.5,55.5,50.0,10321.0,517.0,276830.0,55.5,12.0,56.0,2.0,57.0,16.0,58.0,28.0,59.0,5.0,55.0,39.0,54.5,11.0,54.0,9.0,53.5,11.0,53.0,6.0
2023-04-27 21:04:48.75,1682600688750000000,63.5,55.5,50.0,10321.0,523.0,280160.0,55.5,6.0,56.0,2.0,57.0,16.0,58.0,28.0,59.0,5.0,55.0,39.0,54.5,11.0,54.0,9.0,53.5,11.0,53.0,6.0
2023-04-27 21:04:49.0,1682600689000000000,63.5,55.5,50.0,10321.0,529.0,283490.0,56.0,2.0,57.0,16.0,58.0,28.0,59.0,5.0,59.5,10.0,55.0,39.0,54.5,11.0,54.0,9.0,53.5,11.0,53.0,6.0
2023-04-27 21:04:49.25,1682600689250000000,63.5,56.0,50.0,10321.0,531.0,284610.0,56.0,2.0,57.0,10.0,58.0,28.0,59.0,5.0,59.5,10.0,55.0,39.0,54.5,11.0,54.0,9.0,53.5,11.0,53.0,6.0
2023-04-27 21:04:49.5,1682600689500000000,63.5,56.0,50.0,10323.0,533.0,285730.0,57.0,10.0,58.0,28.0,59.0,5.0,59.5,10.0,61.0,10.0,55.0,39.0,54.5,11.0,54.0,9.0,53.5,11.0,53.0,6.0
2023-04-27 21:04:52.75,1682600692750000000,63.5,56.0,50.0,10323.0,533.0,285730.0,57.0,10.0,58.0,10.0,59.0,23.0,59.5,10.0,61.0,10.0,55.0,39.0,54.5,11.0,54.0,9.0,53.5,11.0,53.0,6.0
2023-04-27 21:04:54.0,1682600694000000000,63.5,56.0,50.0,10323.0,533.0,285730.0,57.0,10.0,58.0,10.0,58.5,18.0,59.0,5.0,59.5,10.0,55.0,39.0,54.5,11.0,54.0,9.0,53.5,11.0,53.0,6.0
2023-04-27 21:04:54.5,1682600694500000000,63.5,56.0,50.0,10323.0,533.0,285730.0,57.0,10.0,58.0,10.0,58.5,18.0,59.0,5.0,59.5,10.0,55.5,1.0,55.0,39.0,54.5,11.0,54.0,9.0,53.5,11.0
2023-04-27 21:05:00.5,1682600700500000000,63.5,56.0,50.0,10323.0,533.0,285730.0,57.0,10.0,57.5,10.0,58.0,10.0,58.5,18.0,59.0,5.0,55.5,11.0,55.0,39.0,54.5,11.0,54.0,9.0,53.5,11.0
2023-04-27 21:05:00.75,1682600700750000000,63.5,56.0,50.0,10323.0,533.0,285730.0,57.0,10.0,57.5,10.0,58.0,10.0,59.0,23.0,59.5,10.0,55.5,29.0,55.0,21.0,54.5,11.0,54.0,9.0,53.5,11.0
2023-04-27 21:05:01.25,1682600701250000000,63.5,56.0,50.0,10323.0,533.0,285730.0,57.0,10.0,57.5,10.0,58.0,10.0,59.0,23.0,59.5,10.0,55.5,30.0,55.0,21.0,54.5,11.0,54.0,9.0,53.5,11.0
2023-04-27 21:05:02.25,1682600702250000000,63.5,56.0,50.0,10323.0,533.0,285730.0,57.0,10.0,57.5,10.0,58.0,10.0,59.0,23.0,59.5,10.0,55.5,31.0,55.0,30.0,54.5,11.0,53.5,11.0,53.0,6.0
2023-04-27 21:05:04.0,1682600704000000000,63.5,56.0,50.0,10323.0,533.0,285730.0,57.0,10.0,57.5,10.0,58.0,10.0,59.0,23.0,59.5,10.0,55.5,31.0,55.0,29.0,54.5,11.0,53.5,11.0,53.0,6.0
2023-04-27 21:05:07.25,1682600707250000000,63.5,56.0,50.0,10323.0,533.0,285730.0,57.0,10.0,57.5,10.0,58.0,10.0,58.5,18.0,59.0,5.0,55.5,31.0,55.0,29.0,54.5,11.0,53.5,11.0,53.0,6.0
2023-04-27 21:05:20.75,1682600720750000000,63.5,56.0,50.0,10323.0,533.0,285730.0,57.0,1.0,57.5,10.0,58.0,10.0,59.0,5.0,59.5,28.0,55.5,31.0,55.0,29.0,54.5,11.0,53.5,11.0,53.0,6.0
2023-04-27 21:05:21.25,1682600721250000000,63.5,56.0,50.0,10323.0,533.0,285730.0,57.0,1.0,57.5,10.0,58.0,19.0,59.0,5.0,59.5,28.0,55.5,31.0,55.0,29.0,54.5,11.0,53.5,11.0,53.0,6.0
2023-04-27 21:05:21.75,1682600721750000000,63.5,56.0,50.0,10323.0,533.0,285730.0,57.0,1.0,57.5,10.0,58.0,19.0,59.0,23.0,59.5,10.0,55.5,31.0,55.0,29.0,54.5,11.0,53.5,11.0,53.0,6.0
2023-04-27 21:05:22.0,1682600722000000000,63.5,56.0,50.0,10323.0,533.0,285730.0,57.0,1.0,57.5,10.0,58.0,19.0,59.0,23.0,59.5,10.0,55.5,31.0,55.0,44.0,54.5,11.0,53.5,11.0,53.0,6.0
2023-04-27 21:05:23.0,1682600723000000000,63.5,56.0,50.0,10323.0,533.0,285730.0,57.0,1.0,57.5,10.0,58.0,19.0,59.0,23.0,59.5,10.0,55.5,40.0,55.0,44.0,54.5,2.0,53.5,11.0,53.0,6.0
2023-04-27 21:05:28.25,1682600728250000000,63.5,56.0,50.0,10323.0,533.0,285730.0,57.0,1.0,57.5,10.0,58.0,19.0,58.5,18.0,59.0,5.0,55.5,40.0,55.0,44.0,54.5,2.0,53.5,11.0,53.0,6.0
2023-04-27 21:05:30.5,1682600730500000000,63.5,57.0,50.0,10324.0,534.0,286300.0,57.5,10.0,58.0,19.0,58.5,18.0,59.0,5.0,59.5,10.0,55.5,40.0,55.0,44.0,54.5,2.0,53.5,11.0,53.0,6.0
2023-04-27 21:05:30.75,1682600730750000000,63.5,57.0,50.0,10324.0,534.0,286300.0,58.0,29.0,58.5,18.0,59.0,5.0,59.5,10.0,61.0,10.0,56.0,10.0,55.5,30.0,55.0,44.0,54.5,2.0,53.5,11.0
2023-04-27 21:05:31.0,1682600731000000000,63.5,57.0,50.0,10324.0,534.0,286300.0,58.0,19.0,58.5,10.0,59.0,23.0,59.5,10.0,61.0,10.0,56.0,28.0,55.5,12.0,55.0,44.0,54.5,2.0,53.5,11.0
2023-04-27 21:05:31.25,1682600731250000000,63.5,57.0,50.0,10324.0,534.0,286300.0,57.0,1.0,58.0,19.0,58.5,10.0,59.0,23.0,59.5,10.0,56.0,28.0,55.5,12.0,55.0,44.0,54.5,2.0,53.5,11.0
2023-04-27 21:05:31.5,1682600731500000000,63.5,57.0,50.0,10324.0,534.0,286300.0,57.0,1.0,57.5,9.0,58.0,19.0,58.5,10.0,59.0,23.0,56.0,28.0,55.5,12.0,55.0,44.0,54.5,2.0,53.5,11.0
2023-04-27 21:05:31.75,1682600731750000000,63.5,57.0,50.0,10324.0,534.0,286300.0,57.0,1.0,57.5,19.0,58.0,19.0,58.5,18.0,59.0,5.0,56.0,28.0,55.5,3.0,55.0,44.0,54.5,2.0,53.5,11.0
2023-04-27 21:05:32.5,1682600732500000000,63.5,57.0,50.0,10324.0,534.0,286300.0,57.0,1.0,57.5,19.0,58.0,19.0,58.5,18.0,59.0,5.0,56.5,10.0,56.0,28.0,55.5,3.0,55.0,34.0,54.5,2.0
2023-04-27 21:05:32.75,1682600732750000000,63.5,57.0,50.0,10324.0,534.0,286300.0,57.0,1.0,57.5,19.0,58.0,19.0,59.0,23.0,59.5,10.0,56.5,28.0,56.0,10.0,55.5,3.0,55.0,34.0,54.5,2.0
2023-04-27 21:05:36.75,1682600736750000000,63.5,57.0,50.0,10324.0,534.0,286300.0,57.0,1.0,57.5,19.0,58.0,19.0,58.5,18.0,59.0,5.0,56.5,28.0,56.0,10.0,55.5,3.0,55.0,34.0,54.5,2.0
2023-04-27 21:05:37.0,1682600737000000000,63.5,57.0,50.0,10324.0,534.0,286300.0,57.0,1.0,57.5,19.0,58.0,19.0,58.5,18.0,59.0,5.0,56.5,18.0,56.0,10.0,55.5,13.0,55.0,34.0,54.5,2.0
2023-04-27 21:05:37.25,1682600737250000000,63.5,57.0,50.0,10324.0,534.0,286300.0,57.0,1.0,57.5,19.0,58.0,19.0,58.5,18.0,59.0,5.0,56.0,28.0,55.5,13.0,55.0,34.0,54.5,2.0,53.5,11.0
2023-04-27 21:05:38.5,1682600738500000000,63.5,57.0,50.0,10324.0,534.0,286300.0,57.0,1.0,57.5,19.0,58.0,37.0,59.0,5.0,59.5,10.0,56.0,28.0,55.5,13.0,55.0,34.0,54.5,2.0,53.5,11.0
2023-04-27 21:05:38.75,1682600738750000000,63.5,57.0,50.0,10324.0,534.0,286300.0,57.0,1.0,57.5,37.0,58.0,19.0,59.0,5.0,59.5,10.0,56.0,10.0,55.5,31.0,55.0,34.0,54.5,2.0,53.5,11.0
2023-04-27 21:05:39.0,1682600739000000000,63.5,57.0,50.0,10324.0,534.0,286300.0,57.0,1.0,57.5,19.0,58.0,37.0,59.0,5.0,59.5,10.0,56.0,28.0,55.5,13.0,55.0,34.0,54.5,2.0,53.5,11.0
2023-04-27 21:05:39.5,1682600739500000000,63.5,57.0,50.0,10324.0,534.0,286300.0,57.0,1.0,57.5,19.0,58.0,19.0,58.5,18.0,59.0,5.0,56.0,28.0,55.5,13.0,55.0,34.0,54.5,2.0,53.5,11.0
2023-04-27 21:05:44.25,1682600744250000000,63.5,57.0,50.0,10324.0,534.0,286300.0,57.0,1.0,57.5,19.0,58.0,19.0,59.0,23.0,59.5,10.0,56.0,28.0,55.5,13.0,55.0,34.0,54.5,2.0,53.5,11.0
2023-04-27 21:05:44.5,1682600744500000000,63.5,57.0,50.0,10324.0,535.0,286870.0,57.5,19.0,58.0,19.0,59.0,23.0,59.5,10.0,61.5,10.0,57.0,1.0,56.0,28.0,55.5,13.0,55.0,34.0,54.5,2.0
2023-04-27 21:05:45.0,1682600745000000000,63.5,57.0,50.0,10324.0,535.0,286870.0,57.5,9.0,58.0,29.0,59.0,23.0,59.5,10.0,61.5,10.0,57.0,11.0,56.0,18.0,55.5,13.0,55.0,34.0,54.5,2.0
2023-04-27 21:05:45.25,1682600745250000000,63.5,57.0,50.0,10324.0,535.0,286870.0,57.5,9.0,58.0,29.0,59.0,5.0,59.5,28.0,61.5,10.0,57.0,30.0,55.5,13.0,55.0,34.0,54.5,2.0,53.5,11.0
2023-04-27 21:05:46.25,1682600746250000000,63.5,57.0,50.0,10324.0,535.0,286870.0,57.5,9.0,58.0,29.0,59.0,5.0,59.5,28.0,61.5,10.0,57.0,30.0,56.0,1.0,55.5,13.0,55.0,34.0,54.5,2.0
2023-04-27 21:05:46.5,1682600746500000000,63.5,57.0,50.0,10324.0,535.0,286870.0,57.5,9.0,58.0,29.0,59.0,23.0,59.5,10.0,61.5,10.0,57.0,30.0,56.0,1.0,55.5,13.0,55.0,34.0,54.5,2.0
2023-04-27 21:05:48.25,1682600748250000000,63.5,57.0,50.0,10324.0,535.0,286870.0,57.5,9.0,58.0,29.0,59.0,23.0,59.5,10.0,61.5,10.0,57.0,30.0,56.0,1.0,55.5,13.0,55.0,34.0,54.5,1.0
2023-04-27 21:05:50.0,1682600750000000000,63.5,57.0,50.0,10324.0,535.0,286870.0,57.5,9.0,58.0,29.0,59.0,23.0,59.5,10.0,61.5,10.0,57.0,45.0,56.0,1.0,55.5,13.0,55.0,19.0,54.5,1.0
2023-04-27 21:05:51.5,1682600751500000000,63.5,57.5,50.0,10324.0,544.0,292045.0,58.0,29.0,59.0,23.0,59.5,10.0,61.5,10.0,62.0,17.0,57.5,11.0,57.0,45.0,56.0,1.0,55.5,13.0,55.0,19.0
2023-04-27 21:05:52.0,1682600752000000000,63.5,57.5,50.0,10324.0,544.0,292045.0,58.0,19.0,58.5,10.0,59.0,23.0,59.5,10.0,61.5,10.0,57.5,21.0,57.0,35.0,56.0,1.0,55.5,13.0,55.0,19.0
2023-04-27 21:05:53.75,1682600753750000000,63.5,57.5,50.0,10335.0,565.0,304120.0,58.0,19.0,58.5,10.0,59.0,23.0,59.5,10.0,61.5,10.0,57.0,35.0,56.0,1.0,55.5,13.0,55.0,19.0,54.5,1.0
2023-04-27 21:05:54.0,1682600754000000000,63.5,57.5,50.0,10335.0,565.0,304120.0,58.0,19.0,58.5,10.0,59.0,23.0,59.5,10.0,61.5,10.0,57.5,10.0,57.0,35.0,56.0,1.0,55.5,13.0,55.0,19.0
2023-04-27 21:05:54.25,1682600754250000000,63.5,58.0,50.0,10335.0,566.0,304700.0,58.0,18.0,58.5,10.0,59.0,23.0,59.5,10.0,61.5,10.0,57.5,10.0,57.0,35.0,56.0,1.0,55.5,13.0,55.0,19.0
2023-04-27 21:05:58.75,1682600758750000000,63.5,57.5,50.0,10335.0,576.0,310450.0,58.0,18.0,58.5,28.0,59.0,5.0,59.5,10.0,61.5,10.0,57.0,17.0,56.5,18.0,56.0,1.0,55.5,13.0,55.0,19.0
2023-04-27 21:05:59.0,1682600759000000000,63.5,57.5,50.0,10335.0,576.0,310450.0,58.0,28.0,58.5,18.0,59.0,5.0,59.5,10.0,61.5,10.0,57.0,27.0,56.5,20.0,56.0,1.0,55.5,13.0,55.0,19.0
2023-04-27 21:06:00.5,1682600760500000000,63.5,57.5,50.0,10335.0,576.0,310450.0,58.0,18.0,58.5,28.0,59.0,5.0,59.5,10.0,61.5,10.0,57.0,27.0,56.5,20.0,56.0,1.0,55.5,13.0,55.0,19.0
2023-04-27 21:06:00.75,1682600760750000000,63.5,57.5,50.0,10335.0,576.0,310450.0,58.0,18.0,58.5,28.0,59.0,5.0,59.5,10.0,61.5,10.0,57.0,45.0,56.5,2.0,56.0,1.0,55.5,13.0,55.0,19.0
2023-04-27 21:06:01.0,1682600761000000000,63.5,57.5,50.0,10335.0,576.0,310450.0,58.0,18.0,58.5,28.0,59.0,5.0,59.5,10.0,61.5,10.0,57.0,50.0,56.5,2.0,56.0,1.0,55.5,13.0,55.0,14.0
2023-04-27 21:06:01.25,1682600761250000000,63.5,57.5,50.0,10335.0,576.0,310450.0,58.0,18.0,58.5,28.0,59.0,5.0,59.5,10.0,61.5,10.0,57.0,31.0,56.5,20.0,56.0,1.0,55.5,13.0,55.0,14.0
2023-04-27 21:06:01.5,1682600761500000000,63.5,58.0,50.0,10335.0,577.0,311030.0,58.0,17.0,58.5,28.0,59.0,5.0,59.5,10.0,61.5,10.0,57.0,31.0,56.5,20.0,56.0,1.0,55.5,13.0,55.0,14.0
2023-04-27 21:06:04.5,1682600764500000000,63.5,58.0,50.0,10335.0,578.0,311610.0,58.0,16.0,58.5,28.0,59.0,5.0,59.5,10.0,61.5,10.0,57.0,31.0,56.5,20.0,56.0,1.0,55.5,13.0,55.0,14.0
2023-04-27 21:06:05.25,1682600765250000000,63.5,58.0,50.0,10335.0,578.0,311610.0,58.0,16.0,58.5,28.0,59.0,5.0,59.5,10.0,61.5,10.0,57.5,1.0,57.0,31.0,56.5,20.0,56.0,1.0,55.5,13.0
2023-04-27 21:06:05.5,1682600765500000000,63.5,57.5,50.0,10335.0,579.0,312185.0,58.0,16.0,58.5,28.0,59.0,5.0,59.5,10.0,61.5,10.0,57.0,31.0,56.5,20.0,56.0,1.0,55.5,13.0,55.0,14.0
2023-04-27 21:06:06.0,1682600766000000000,63.5,57.5,50.0,10335.0,579.0,312185.0,58.0,16.0,58.5,28.0,59.0,5.0,59.5,10.0,61.5,10.0,57.5,1.0,57.0,31.0,56.5,20.0,56.0,1.0,55.5,13.0
2023-04-27 21:06:07.25,1682600767250000000,63.5,57.5,50.0,10335.0,580.0,312760.0,58.0,16.0,58.5,28.0,59.0,5.0,59.5,10.0,61.5,10.0,57.0,31.0,56.5,20.0,56.0,1.0,55.5,13.0,55.0,14.0
2023-04-27 21:06:07.5,1682600767500000000,63.5,57.5,50.0,10335.0,580.0,312760.0,58.0,34.0,58.5,10.0,59.0,5.0,59.5,10.0,61.5,10.0,57.0,31.0,56.5,20.0,56.0,1.0,55.5,13.0,55.0,14.0
2023-04-27 21:06:07.75,1682600767750000000,63.5,57.5,50.0,10335.0,580.0,312760.0,58.0,16.0,58.5,28.0,59.0,5.0,59.5,10.0,61.5,10.0,57.0,31.0,56.5,20.0,56.0,1.0,55.5,13.0,55.0,14.0
2023-04-27 21:06:08.0,1682600768000000000,63.5,57.5,50.0,10335.0,580.0,312760.0,58.0,34.0,58.5,10.0,59.0,5.0,59.5,10.0,61.5,10.0,57.0,31.0,56.5,20.0,56.0,1.0,55.5,13.0,55.0,14.0
2023-04-27 21:06:08.25,1682600768250000000,63.5,57.5,50.0,10335.0,580.0,312760.0,58.0,44.0,59.0,5.0,59.5,10.0,61.5,10.0,62.0,17.0,57.0,21.0,56.5,30.0,56.0,1.0,55.5,13.0,55.0,14.0
2023-04-27 21:06:08.5,1682600768500000000,63.5,57.5,50.0,10335.0,580.0,312760.0,58.0,44.0,59.0,5.0,59.5,10.0,61.5,10.0,62.0,17.0,57.0,21.0,56.5,12.0,56.0,19.0,55.5,13.0,55.0,14.0
2023-04-27 21:06:08.75,1682600768750000000,63.5,57.5,50.0,10335.0,580.0,312760.0,58.0,44.0,59.0,5.0,59.5,10.0,61.5,10.0,62.0,17.0,57.5,2.0,57.0,21.0,56.5,12.0,56.0,19.0,55.5,13.0
2023-04-27 21:06:09.0,1682600769000000000,63.5,57.5,50.0,10335.0,582.0,313910.0,58.0,44.0,59.0,5.0,59.5,10.0,61.5,10.0,62.0,17.0,57.0,21.0,56.5,12.0,56.0,19.0,55.5,13.0,55.0,14.0
2023-04-27 21:06:09.25,1682600769250000000,63.5,57.5,50.0,10335.0,582.0,313910.0,58.0,44.0,59.0,5.0,59.5,10.0,61.5,10.0,62.0,17.0,57.0,21.0,56.5,12.0,56.0,1.0,55.5,31.0,55.0,14.0
2023-04-27 21:06:10.5,1682600770500000000,63.5,57.5,50.0,10335.0,582.0,313910.0,58.0,34.0,59.0,5.0,59.5,10.0,61.5,10.0,62.0,17.0,57.0,21.0,56.5,2.0,56.0,1.0,55.5,31.0,55.0,14.0
2023-04-27 21:06:10.75,1682600770750000000,63.5,57.5,50.0,10335.0,582.0,313910.0,58.0,34.0,59.0,5.0,59.5,10.0,61.5,10.0,62.0,17.0,57.0,21.0,56.5,2.0,56.0,19.0,55.5,13.0,55.0,14.0
2023-04-27 21:06:14.0,1682600774000000000,63.5,57.5,50.0,10335.0,582.0,313910.0,58.0,16.0,58.5,18.0,59.0,5.0,59.5,10.0,61.5,10.0,57.0,21.0,56.5,20.0,56.0,1.0,55.5,13.0,55.0,14.0
2023-04-27 21:06:15.0,1682600775000000000,63.5,57.5,50.0,10335.0,582.0,313910.0,58.0,16.0,58.5,18.0,59.5,10.0,61.5,10.0,62.0,17.0,57.0,21.0,56.5,20.0,56.0,1.0,55.5,13.0,55.0,14.0
2023-04-27 21:06:16.5,1682600776500000000,63.5,57.5,50.0,10335.0,582.0,313910.0,58.0,16.0,58.5,18.0,59.5,10.0,61.5,10.0,62.0,17.0,57.0,21.0,56.5,20.0,56.0,10.0,55.5,13.0,55.0,14.0
2023-04-27 21:06:18.25,1682600778250000000,63.5,57.5,50.0,10335.0,582.0,313910.0,58.0,16.0,58.5,18.0,59.5,10.0,60.5,10.0,61.5,10.0,57.0,21.0,56.5,20.0,56.0,10.0,55.5,13.0,55.0,24.0
2023-04-27 21:06:19.0,1682600779000000000,63.5,57.5,50.0,10335.0,582.0,313910.0,58.0,16.0,58.5,18.0,59.5,10.0,61.0,10.0,61.5,10.0,57.0,39.0,56.5,2.0,56.0,10.0,55.5,23.0,55.0,14.0
2023-04-27 21:06:19.25,1682600779250000000,63.5,57.5,50.0,10335.0,582.0,313910.0,58.0,16.0,58.5,18.0,59.5,10.0,61.0,10.0,61.5,10.0,57.0,21.0,56.5,20.0,56.0,10.0,55.5,23.0,55.0,14.0
2023-04-27 21:06:19.5,1682600779500000000,63.5,57.5,50.0,10335.0,582.0,313910.0,58.0,16.0,58.5,18.0,59.5,10.0,61.0,10.0,61.5,10.0,57.0,39.0,56.5,2.0,56.0,10.0,55.5,23.0,55.0,14.0
2023-04-27 21:06:19.75,1682600779750000000,63.5,57.5,50.0,10335.0,582.0,313910.0,58.0,16.0,58.5,18.0,59.5,10.0,61.0,10.0,61.5,10.0,57.0,21.0,56.5,20.0,56.0,10.0,55.5,23.0,55.0,14.0
2023-04-27 21:06:20.5,1682600780500000000,63.5,57.5,50.0,10335.0,582.0,313910.0,58.0,26.0,58.5,18.0,59.5,10.0,61.0,10.0,61.5,10.0,57.0,21.0,56.5,20.0,56.0,10.0,55.5,23.0,55.0,14.0
2023-04-27 21:06:21.75,1682600781750000000,63.5,57.5,50.0,10335.0,582.0,313910.0,58.0,26.0,58.5,18.0,59.5,10.0,60.5,10.0,61.5,10.0,57.0,21.0,56.5,20.0,56.0,10.0,55.5,23.0,55.0,14.0
2023-04-27 21:06:22.0,1682600782000000000,63.5,57.5,50.0,10335.0,582.0,313910.0,58.0,44.0,59.5,10.0,60.5,10.0,61.5,10.0,62.0,17.0,57.5,7.0,57.0,21.0,56.5,20.0,56.0,10.0,55.5,13.0
2023-04-27 21:06:22.5,1682600782500000000,63.5,57.5,50.0,10335.0,582.0,313910.0,58.0,26.0,58.5,18.0,59.5,10.0,60.5,10.0,61.5,10.0,57.5,7.0,57.0,21.0,56.5,20.0,56.0,10.0,55.5,13.0
2023-04-27 21:06:22.75,1682600782750000000,63.5,57.5,50.0,10342.0,589.0,317935.0,58.0,26.0,58.5,18.0,59.5,10.0,60.5,10.0,61.5,10.0,57.5,1.0,57.0,21.0,56.5,20.0,56.0,10.0,55.5,13.0
2023-04-27 21:06:24.5,1682600784500000000,63.5,57.5,50.0,10342.0,589.0,317935.0,58.0,16.0,58.5,18.0,59.5,10.0,60.5,10.0,61.5,10.0,57.5,1.0,57.0,21.0,56.5,20.0,56.0,10.0,55.5,13.0
2023-04-27 21:06:25.25,1682600785250000000,63.5,57.5,50.0,10342.0,589.0,317935.0,58.0,16.0,58.5,18.0,59.5,10.0,61.0,10.0,61.5,10.0,57.5,1.0,57.0,39.0,56.5,2.0,56.0,10.0,55.5,23.0
2023-04-27 21:06:25.5,1682600785500000000,63.5,57.5,50.0,10342.0,589.0,317935.0,58.0,16.0,58.5,18.0,59.5,10.0,60.5,10.0,61.5,10.0,57.5,1.0,57.0,39.0,56.5,2.0,56.0,10.0,55.5,13.0
2023-04-27 21:06:25.75,1682600785750000000,63.5,57.5,50.0,10342.0,589.0,317935.0,58.0,16.0,58.5,18.0,59.5,10.0,61.0,10.0,61.5,10.0,57.5,1.0,57.0,39.0,56.5,2.0,56.0,10.0,55.5,23.0
2023-04-27 21:06:27.25,1682600787250000000,63.5,57.5,50.0,10342.0,589.0,317935.0,58.0,16.0,58.5,18.0,59.5,10.0,60.5,10.0,61.5,10.0,57.5,1.0,57.0,39.0,56.5,2.0,56.0,10.0,55.5,23.0
2023-04-27 21:06:27.75,1682600787750000000,63.5,57.5,50.0,10342.0,589.0,317935.0,58.0,16.0,58.5,18.0,59.5,10.0,61.0,10.0,61.5,10.0,57.5,1.0,57.0,39.0,56.5,2.0,56.0,10.0,55.5,23.0
2023-04-27 21:06:28.0,1682600788000000000,63.5,57.5,50.0,10342.0,589.0,317935.0,58.0,16.0,58.5,19.0,59.5,10.0,61.0,10.0,61.5,10.0,57.5,1.0,57.0,39.0,56.5,2.0,56.0,10.0,55.5,23.0
2023-04-27 21:06:28.25,1682600788250000000,63.5,57.5,50.0,10342.0,589.0,317935.0,58.0,16.0,58.5,19.0,59.5,10.0,61.0,10.0,61.5,10.0,57.5,1.0,57.0,39.0,56.5,11.0,56.0,10.0,55.5,23.0
2023-04-27 21:06:29.25,1682600789250000000,63.5,57.5,50.0,10342.0,589.0,317935.0,58.0,7.0,58.5,19.0,59.0,9.0,59.5,10.0,61.0,10.0,57.5,1.0,57.0,21.0,56.5,29.0,56.0,20.0,55.5,13.0
2023-04-27 21:06:29.5,1682600789500000000,63.5,57.5,50.0,10342.0,589.0,317935.0,58.0,7.0,58.5,1.0,59.0,27.0,59.5,10.0,61.0,10.0,57.5,1.0,57.0,39.0,56.5,11.0,56.0,10.0,55.5,23.0
2023-04-27 21:06:31.75,1682600791750000000,63.5,57.5,50.0,10342.0,589.0,317935.0,58.0,7.0,58.5,1.0,59.0,27.0,59.5,10.0,61.0,10.0,57.0,39.0,56.5,11.0,56.0,10.0,55.5,23.0,55.0,5.0
2023-04-27 21:06:32.0,1682600792000000000,63.5,57.5,50.0,10342.0,589.0,317935.0,58.0,7.0,58.5,1.0,59.0,27.0,59.5,10.0,60.5,10.0,57.0,39.0,56.5,11.0,56.0,10.0,55.5,23.0,55.0,5.0
2023-04-27 21:06:32.25,1682600792250000000,63.5,57.5,50.0,10342.0,589.0,317935.0,58.0,12.0,58.5,1.0,59.0,27.0,59.5,10.0,60.5,10.0,57.0,39.0,56.5,11.0,56.0,10.0,55.5,23.0,55.0,5.0
2023-04-27 21:06:32.5,1682600792500000000,63.5,57.5,50.0,10342.0,589.0,317935.0,58.0,12.0,58.5,19.0,59.0,9.0,59.5,10.0,60.5,10.0,57.0,21.0,56.5,29.0,56.0,10.0,55.5,13.0,55.0,15.0
2023-04-27 21:06:33.75,1682600793750000000,63.5,57.5,50.0,10342.0,589.0,317935.0,58.0,30.0,58.5,1.0,59.0,9.0,59.5,10.0,60.5,10.0,57.0,21.0,56.5,29.0,56.0,10.0,55.5,13.0,55.0,15.0
2023-04-27 21:06:34.25,1682600794250000000,63.5,57.5,50.0,10342.0,589.0,317935.0,58.0,30.0,58.5,1.0,59.0,9.0,59.5,10.0,60.5,10.0,57.0,22.0,56.5,29.0,56.0,10.0,55.5,13.0,55.0,15.0
2023-04-27 21:06:35.25,1682600795250000000,63.5,57.5,50.0,10342.0,589.0,317935.0,58.0,12.0,58.5,19.0,59.0,9.0,59.5,10.0,60.5,10.0,57.0,40.0,56.5,11.0,56.0,10.0,55.5,13.0,55.0,15.0
2023-04-27 21:06:36.0,1682600796000000000,63.5,57.5,50.0,10342.0,589.0,317935.0,58.0,12.0,58.5,19.0,59.0,9.0,59.5,10.0,60.5,10.0,57.5,2.0,57.0,40.0,56.5,11.0,56.0,10.0,55.5,13.0
2023-04-27 21:06:36.75,1682600796750000000,63.5,57.5,50.0,10342.0,589.0,317935.0,58.0,12.0,58.5,19.0,59.0,9.0,59.5,10.0,60.5,10.0,57.5,2.0,57.0,40.0,56.5,11.0,56.0,9.0,55.5,13.0
2023-04-27 21:06:39.5,1682600799500000000,63.5,57.5,50.0,10342.0,589.0,317935.0,58.0,12.0,58.5,19.0,59.0,9.0,59.5,10.0,60.0,10.0,57.5,2.0,57.0,40.0,56.5,11.0,56.0,9.0,55.5,13.0
2023-04-27 21:06:40.0,1682600800000000000,63.5,57.5,50.0,10342.0,589.0,317935.0,58.0,12.0,58.5,28.0,59.0,9.0,59.5,10.0,60.0,10.0,57.5,2.0,57.0,40.0,56.5,11.0,56.0,9.0,55.5,13.0
2023-04-27 21:06:40.25,1682600800250000000,63.5,57.5,50.0,10342.0,589.0,317935.0,58.0,30.0,58.5,10.0,59.0,9.0,59.5,10.0,60.0,10.0,57.5,2.0,57.0,22.0,56.5,29.0,56.0,9.0,55.5,13.0
2023-04-27 21:06:40.75,1682600800750000000,63.5,57.5,50.0,10342.0,589.0,317935.0,58.0,30.0,58.5,10.0,59.0,9.0,59.5,10.0,60.0,10.0,57.5,3.0,57.0,22.0,56.5,29.0,56.0,9.0,55.5,13.0
2023-04-27 21:06:42.25,1682600802250000000,63.5,58.0,50.0,10342.0,593.0,320240.0,58.0,29.0,58.5,10.0,59.0,9.0,59.5,10.0,60.0,10.0,57.0,22.0,56.5,29.0,56.0,9.0,55.5,13.0,55.0,5.0
2023-04-27 21:06:43.25,1682600803250000000,63.5,58.0,50.0,10342.0,595.0,321400.0,58.0,27.0,58.5,10.0,59.0,9.0,59.5,10.0,60.0,10.0,57.0,22.0,56.5,29.0,56.0,9.0,55.5,13.0,55.0,5.0
2023-04-27 21:06:43.5,1682600803500000000,63.5,58.0,50.0,10342.0,595.0,321400.0,58.0,19.0,58.5,28.0,59.0,9.0,59.5,10.0,60.0,10.0,57.0,22.0,56.5,39.0,56.0,9.0,55.5,13.0,55.0,5.0
2023-04-27 21:06:43.75,1682600803750000000,63.5,58.0,50.0,10342.0,595.0,321400.0,58.0,37.0,58.5,10.0,59.0,9.0,59.5,10.0,60.0,10.0,57.0,22.0,56.5,39.0,56.0,9.0,55.5,13.0,55.0,5.0
2023-04-27 21:06:47.75,1682600807750000000,63.5,58.0,50.0,10342.0,595.0,321400.0,58.0,19.0,58.5,28.0,59.0,9.0,59.5,10.0,60.0,10.0,57.0,22.0,56.5,39.0,56.0,9.0,55.5,13.0,55.0,5.0
2023-04-27 21:06:48.25,1682600808250000000,63.5,58.0,50.0,10342.0,595.0,321400.0,58.0,19.0,58.5,28.0,59.0,9.0,59.5,10.0,60.0,10.0,57.0,22.0,56.5,39.0,56.0,10.0,55.5,13.0,55.0,5.0
2023-04-27 21:06:53.0,1682600813000000000,63.5,58.0,50.0,10342.0,595.0,321400.0,58.0,19.0,58.5,28.0,59.0,9.0,59.5,10.0,60.0,10.0,57.5,1.0,57.0,22.0,56.5,39.0,56.0,10.0,55.5,13.0
2023-04-27 21:06:53.5,1682600813500000000,63.5,58.0,50.0,10342.0,595.0,321400.0,58.0,19.0,58.5,28.0,59.0,9.0,59.5,10.0,60.0,10.0,57.5,1.0,57.0,40.0,56.5,21.0,56.0,10.0,55.5,13.0
2023-04-27 21:06:54.0,1682600814000000000,63.5,58.0,50.0,10342.0,595.0,321400.0,58.0,19.0,58.5,28.0,59.0,9.0,59.5,10.0,60.0,10.0,57.5,1.0,57.0,22.0,56.5,39.0,56.0,10.0,55.5,13.0
2023-04-27 21:06:55.25,1682600815250000000,63.5,58.0,50.0,10342.0,595.0,321400.0,58.0,19.0,58.5,28.0,59.0,9.0,59.5,10.0,60.0,10.0,57.5,1.0,57.0,40.0,56.5,21.0,56.0,10.0,55.5,13.0
2023-04-27 21:06:55.5,1682600815500000000,63.5,58.0,50.0,10342.0,595.0,321400.0,58.0,19.0,58.5,28.0,59.0,9.0,59.5,10.0,60.0,10.0,57.5,51.0,57.0,40.0,56.5,21.0,56.0,10.0,55.5,13.0
2023-04-27 21:06:56.5,1682600816500000000,63.5,58.0,50.0,10342.0,595.0,321400.0,58.0,19.0,58.5,28.0,59.0,9.0,59.5,10.0,60.0,10.0,57.5,51.0,57.0,22.0,56.5,39.0,56.0,10.0,55.5,13.0
2023-04-27 21:06:57.25,1682600817250000000,63.5,58.0,50.0,10342.0,595.0,321400.0,58.0,19.0,58.5,28.0,59.0,9.0,59.5,10.0,60.5,10.0,57.5,51.0,57.0,22.0,56.5,39.0,56.0,10.0,55.5,13.0
2023-04-27 21:06:57.75,1682600817750000000,63.5,58.0,50.0,10342.0,595.0,321400.0,58.0,19.0,58.5,28.0,59.0,9.0,59.5,10.0,60.0,10.0,57.5,51.0,57.0,35.0,56.5,21.0,56.0,10.0,55.5,13.0
2023-04-27 21:06:59.5,1682600819500000000,63.5,58.0,50.0,10342.0,596.0,321980.0,58.0,18.0,58.5,28.0,59.0,9.0,59.5,10.0,60.0,10.0,57.5,51.0,57.0,35.0,56.5,21.0,56.0,10.0,55.5,13.0
2023-04-27 21:06:59.75,1682600819750000000,63.5,58.0,50.0,10342.0,596.0,321980.0,58.0,18.0,58.5,38.0,59.0,9.0,59.5,10.0,60.5,10.0,57.5,51.0,57.0,35.0,56.5,31.0,56.0,10.0,55.5,13.0
2023-04-27 21:07:00.5,1682600820500000000,63.5,57.5,50.0,10342.0,601.0,324855.0,58.0,18.0,58.5,38.0,59.0,9.0,59.5,10.0,60.5,10.0,57.5,46.0,57.0,17.0,56.5,49.0,56.0,10.0,55.5,13.0
2023-04-27 21:07:00.75,1682600820750000000,63.5,57.5,50.0,10342.0,601.0,324855.0,58.0,36.0,58.5,20.0,59.0,9.0,59.5,10.0,60.0,10.0,57.5,46.0,57.0,17.0,56.5,49.0,56.0,10.0,55.5,13.0
2023-04-27 21:07:01.75,1682600821750000000,63.5,57.5,50.0,10342.0,601.0,324855.0,58.0,45.0,58.5,20.0,59.5,10.0,60.0,10.0,61.5,10.0,57.5,46.0,57.0,17.0,56.5,49.0,56.0,10.0,55.5,13.0
2023-04-27 21:07:02.25,1682600822250000000,63.5,57.5,50.0,10342.0,601.0,324855.0,58.0,27.0,58.5,38.0,59.5,10.0,60.5,10.0,61.5,10.0,57.5,46.0,57.0,17.0,56.5,49.0,56.0,10.0,55.5,13.0
2023-04-27 21:07:05.25,1682600825250000000,63.5,57.5,50.0,10342.0,601.0,324855.0,58.0,27.0,58.5,38.0,59.5,10.0,60.5,10.0,61.5,10.0,57.5,46.0,57.0,35.0,56.5,31.0,56.0,10.0,55.5,13.0
2023-04-27 21:07:06.25,1682600826250000000,63.5,58.0,50.0,10342.0,603.0,326015.0,58.0,25.0,58.5,38.0,59.5,10.0,60.5,10.0,61.5,10.0,57.5,46.0,57.0,17.0,56.5,49.0,56.0,10.0,55.5,13.0
2023-04-27 21:07:06.5,1682600826500000000,63.5,58.0,50.0,10342.0,603.0,326015.0,58.0,25.0,58.5,38.0,59.5,10.0,60.5,10.0,61.5,10.0,57.5,46.0,57.0,35.0,56.5,31.0,56.0,10.0,55.5,13.0
2023-04-27 21:07:08.0,1682600828000000000,63.5,58.0,50.0,10342.0,603.0,326015.0,58.0,16.0,58.5,38.0,59.5,10.0,60.5,10.0,61.5,10.0,57.5,46.0,57.0,35.0,56.5,31.0,56.0,10.0,55.5,13.0
2023-04-27 21:07:08.25,1682600828250000000,63.5,58.0,50.0,10342.0,603.0,326015.0,58.0,34.0,58.5,20.0,59.5,10.0,60.5,10.0,61.5,10.0,57.5,46.0,57.0,17.0,56.5,49.0,56.0,10.0,55.5,13.0
2023-04-27 21:07:08.5,1682600828500000000,63.5,58.0,50.0,10342.0,603.0,326015.0,58.0,16.0,58.5,38.0,59.5,10.0,60.5,10.0,61.5,10.0,57.5,46.0,57.0,35.0,56.5,31.0,56.0,10.0,55.5,13.0
2023-04-27 21:07:08.75,1682600828750000000,63.5,58.0,50.0,10342.0,603.0,326015.0,58.0,16.0,58.5,38.0,59.5,10.0,60.5,10.0,61.5,10.0,57.5,46.0,57.0,17.0,56.5,49.0,56.0,10.0,55.5,13.0
2023-04-27 21:07:09.0,1682600829000000000,63.5,58.0,50.0,10342.0,603.0,326015.0,58.0,16.0,58.5,38.0,59.5,10.0,60.5,10.0,61.5,10.0,57.5,46.0,57.0,35.0,56.5,31.0,56.0,10.0,55.5,13.0
2023-04-27 21:07:09.25,1682600829250000000,63.5,58.0,50.0,10342.0,603.0,326015.0,58.0,16.0,58.5,38.0,59.5,10.0,60.5,10.0,61.5,10.0,57.5,46.0,57.0,17.0,56.5,49.0,56.0,10.0,55.5,13.0
2023-04-27 21:07:10.0,1682600830000000000,63.5,58.0,50.0,10342.0,603.0,326015.0,58.0,34.0,58.5,20.0,59.5,10.0,60.5,10.0,61.5,10.0,57.5,46.0,57.0,17.0,56.5,49.0,56.0,10.0,55.5,13.0
2023-04-27 21:07:11.25,1682600831250000000,63.5,58.0,50.0,10342.0,603.0,326015.0,58.0,34.0,58.5,20.0,59.5,20.0,60.5,10.0,61.5,10.0,57.5,46.0,57.0,17.0,56.5,49.0,56.0,20.0,55.5,13.0
2023-04-27 21:07:12.0,1682600832000000000,63.5,58.0,50.0,10342.0,603.0,326015.0,58.0,34.0,58.5,30.0,59.5,20.0,60.5,10.0,61.5,10.0,57.5,56.0,57.0,17.0,56.5,49.0,56.0,20.0,55.5,13.0
2023-04-27 21:07:13.0,1682600833000000000,63.5,58.0,50.0,10342.0,604.0,326595.0,58.0,33.0,58.5,30.0,59.5,20.0,60.5,10.0,61.5,10.0,57.5,56.0,57.0,17.0,56.5,49.0,56.0,20.0,55.5,13.0
2023-04-27 21:07:13.25,1682600833250000000,63.5,58.0,50.0,10342.0,604.0,326595.0,58.0,15.0,58.5,48.0,59.5,20.0,60.5,10.0,61.5,10.0,57.5,56.0,57.0,17.0,56.5,49.0,56.0,20.0,55.5,13.0
2023-04-27 21:07:14.25,1682600834250000000,63.5,58.0,50.0,10342.0,604.0,326595.0,58.0,15.0,58.5,48.0,59.5,20.0,60.0,10.0,60.5,10.0,57.5,56.0,57.0,17.0,56.5,49.0,56.0,30.0,55.5,3.0
2023-04-27 21:07:15.5,1682600835500000000,63.5,58.0,50.0,10342.0,604.0,326595.0,58.0,15.0,58.5,48.0,59.5,30.0,60.0,10.0,60.5,10.0,57.5,56.0,57.0,17.0,56.5,49.0,56.0,30.0,55.5,13.0
2023-04-27 21:07:16.75,1682600836750000000,63.5,58.0,50.0,10342.0,604.0,326595.0,58.0,33.0,58.5,30.0,59.5,30.0,60.0,10.0,60.5,10.0,57.5,56.0,57.0,17.0,56.5,49.0,56.0,30.0,55.5,13.0
2023-04-27 21:07:17.75,1682600837750000000,63.5,58.0,50.0,10342.0,604.0,326595.0,58.0,15.0,58.5,48.0,59.5,30.0,60.0,10.0,60.5,10.0,57.5,56.0,57.0,17.0,56.5,49.0,56.0,30.0,55.5,13.0
2023-04-27 21:07:18.25,1682600838250000000,63.5,57.5,50.0,10342.0,609.0,329470.0,58.0,15.0,58.5,48.0,59.5,30.0,60.0,10.0,60.5,10.0,57.5,51.0,57.0,17.0,56.5,49.0,56.0,30.0,55.5,13.0
2023-04-27 21:07:18.5,1682600838500000000,63.5,57.5,50.0,10342.0,609.0,329470.0,58.0,33.0,58.5,30.0,59.5,30.0,60.0,10.0,60.5,10.0,57.5,51.0,57.0,17.0,56.5,49.0,56.0,30.0,55.5,13.0
2023-04-27 21:07:18.75,1682600838750000000,63.5,57.5,50.0,10342.0,609.0,329470.0,58.0,15.0,58.5,48.0,59.5,30.0,60.0,10.0,60.5,10.0,57.5,51.0,57.0,17.0,56.5,49.0,56.0,30.0,55.5,13.0
2023-04-27 21:07:19.0,1682600839000000000,63.5,57.5,50.0,10342.0,609.0,329470.0,58.0,33.0,58.5,30.0,59.5,30.0,60.0,10.0,60.5,10.0,57.5,51.0,57.0,17.0,56.5,49.0,56.0,30.0,55.5,13.0
2023-04-27 21:07:19.25,1682600839250000000,63.5,57.5,50.0,10342.0,609.0,329470.0,58.0,15.0,58.5,48.0,59.5,30.0,60.0,10.0,60.5,10.0,57.5,51.0,57.0,17.0,56.5,49.0,56.0,30.0,55.5,13.0
2023-04-27 21:07:19.75,1682600839750000000,63.5,57.5,50.0,10342.0,609.0,329470.0,58.0,33.0,58.5,30.0,59.5,30.0,60.0,10.0,60.5,10.0,57.5,51.0,57.0,17.0,56.5,49.0,56.0,30.0,55.5,13.0
2023-04-27 21:07:20.5,1682600840500000000,63.5,58.0,50.0,10342.0,614.0,332370.0,58.0,10.0,58.5,48.0,59.5,20.0,60.0,10.0,60.5,10.0,57.5,51.0,57.0,17.0,56.5,49.0,56.0,20.0,55.5,13.0
2023-04-27 21:07:20.75,1682600840750000000,63.5,58.0,50.0,10342.0,614.0,332370.0,58.0,10.0,58.5,48.0,59.5,20.0,60.0,10.0,60.5,10.0,57.5,51.0,57.0,35.0,56.5,31.0,56.0,20.0,55.5,13.0
2023-04-27 21:07:21.0,1682600841000000000,63.5,58.0,50.0,10342.0,614.0,332370.0,58.0,10.0,58.5,48.0,59.5,20.0,60.0,10.0,61.0,10.0,57.5,51.0,57.0,35.0,56.5,31.0,56.0,20.0,55.5,23.0
2023-04-27 21:07:21.75,1682600841750000000,63.5,58.0,50.0,10342.0,614.0,332370.0,58.0,10.0,58.5,48.0,59.5,20.0,60.0,10.0,60.5,10.0,57.5,51.0,57.0,35.0,56.5,31.0,56.0,20.0,55.5,23.0
2023-04-27 21:07:22.0,1682600842000000000,63.5,58.0,50.0,10342.0,614.0,332370.0,58.0,10.0,58.5,48.0,59.5,20.0,60.0,10.0,60.5,10.0,57.5,51.0,57.0,35.0,56.5,31.0,56.0,20.0,55.5,13.0
2023-04-27 21:07:22.75,1682600842750000000,63.5,58.0,50.0,10342.0,614.0,332370.0,58.5,58.0,59.5,20.0,60.0,10.0,60.5,10.0,62.0,17.0,57.5,61.0,57.0,35.0,56.5,21.0,56.0,20.0,55.5,13.0
2023-04-27 21:07:23.0,1682600843000000000,63.5,58.0,50.0,10342.0,614.0,332370.0,58.5,48.0,59.0,10.0,59.5,20.0,60.0,10.0,60.5,10.0,57.5,51.0,57.0,55.0,56.5,11.0,56.0,20.0,55.5,13.0
2023-04-27 21:07:23.25,1682600843250000000,63.5,58.0,50.0,10342.0,614.0,332370.0,58.5,48.0,59.0,10.0,59.5,20.0,60.0,10.0,60.5,10.0,57.5,51.0,57.0,55.0,56.5,11.0,56.0,20.0,55.5,23.0
2023-04-27 21:07:23.75,1682600843750000000,63.5,58.0,50.0,10342.0,614.0,332370.0,58.5,48.0,59.0,10.0,59.5,20.0,60.0,10.0,60.5,10.0,58.0,51.0,57.5,51.0,57.0,55.0,56.5,11.0,56.0,20.0
2023-04-27 21:07:24.5,1682600844500000000,63.5,58.0,50.0,10342.0,614.0,332370.0,58.5,48.0,59.0,10.0,59.5,20.0,60.0,10.0,61.0,10.0,58.0,51.0,57.5,51.0,57.0,55.0,56.5,11.0,56.0,20.0
2023-04-27 21:07:25.0,1682600845000000000,63.5,58.0,50.0,10342.0,614.0,332370.0,58.5,30.0,59.0,28.0,59.5,20.0,60.0,10.0,61.0,10.0,58.0,51.0,57.5,69.0,57.0,37.0,56.5,11.0,56.0,20.0
2023-04-27 21:07:25.25,1682600845250000000,63.5,58.0,50.0,10342.0,614.0,332370.0,58.5,20.0,59.0,28.0,59.5,20.0,60.0,10.0,61.0,10.0,58.0,51.0,57.5,59.0,57.0,37.0,56.5,11.0,56.0,20.0
2023-04-27 21:07:25.5,1682600845500000000,63.5,58.0,50.0,10342.0,614.0,332370.0,58.5,20.0,59.0,38.0,59.5,20.0,60.0,10.0,61.0,10.0,58.0,61.0,57.5,41.0,57.0,55.0,56.5,11.0,56.0,20.0
2023-04-27 21:07:26.25,1682600846250000000,63.5,58.5,50.0,10352.0,634.0,344070.0,59.0,38.0,59.5,29.0,60.0,10.0,60.5,10.0,61.5,10.0,58.5,30.0,58.0,61.0,57.5,41.0,57.0,64.0,56.5,11.0
2023-04-27 21:07:26.5,1682600846500000000,63.5,58.5,50.0,10352.0,635.0,344655.0,59.0,38.0,59.5,29.0,60.0,10.0,60.5,10.0,61.0,10.0,58.5,29.0,58.0,71.0,57.5,69.0,57.0,26.0,56.5,11.0
2023-04-27 21:07:26.75,1682600846750000000,63.5,58.5,50.0,10352.0,635.0,344655.0,59.0,47.0,59.5,29.0,60.0,10.0,60.5,10.0,61.0,10.0,58.5,29.0,58.0,71.0,57.5,51.0,57.0,44.0,56.5,11.0
2023-04-27 21:07:27.5,1682600847500000000,63.5,58.5,50.0,10352.0,635.0,344655.0,59.0,47.0,59.5,29.0,60.0,10.0,61.0,20.0,61.5,10.0,58.5,29.0,58.0,71.0,57.5,51.0,57.0,45.0,56.5,11.0
2023-04-27 21:07:28.75,1682600848750000000,63.5,58.5,50.0,10353.0,636.0,345240.0,59.0,47.0,59.5,29.0,60.0,10.0,61.0,20.0,61.5,10.0,58.5,28.0,58.0,71.0,57.5,51.0,57.0,45.0,56.5,11.0
2023-04-27 21:07:29.0,1682600849000000000,63.5,58.5,50.0,10353.0,636.0,345240.0,59.0,47.0,59.5,29.0,60.0,10.0,61.0,20.0,61.5,10.0,58.5,28.0,58.0,71.0,57.5,51.0,57.0,44.0,56.5,11.0
2023-04-27 21:07:29.25,1682600849250000000,63.5,58.5,50.0,10353.0,636.0,345240.0,59.0,47.0,59.5,29.0,60.0,10.0,61.0,20.0,61.5,10.0,58.5,28.0,58.0,71.0,57.5,69.0,57.0,26.0,56.5,11.0
2023-04-27 21:07:29.5,1682600849500000000,63.5,58.5,50.0,10353.0,636.0,345240.0,59.0,47.0,59.5,29.0,60.5,10.0,61.0,20.0,61.5,10.0,58.5,28.0,58.0,71.0,57.5,69.0,57.0,36.0,56.5,11.0
2023-04-27 21:07:30.0,1682600850000000000,63.5,58.5,50.0,10353.0,636.0,345240.0,59.0,47.0,59.5,29.0,60.5,10.0,61.0,10.0,61.5,20.0,58.5,28.0,58.0,71.0,57.5,69.0,57.0,36.0,56.5,11.0
2023-04-27 21:07:31.25,1682600851250000000,63.5,58.5,50.0,10353.0,636.0,345240.0,59.0,47.0,59.5,29.0,60.5,10.0,61.0,20.0,61.5,10.0,58.5,28.0,58.0,71.0,57.5,69.0,57.0,36.0,56.5,11.0
2023-04-27 21:07:31.75,1682600851750000000,63.5,58.5,50.0,10353.0,640.0,347580.0,59.0,47.0,59.5,29.0,60.5,10.0,61.0,20.0,61.5,10.0,58.5,24.0,58.0,71.0,57.5,69.0,57.0,36.0,56.5,11.0
2023-04-27 21:07:32.0,1682600852000000000,63.5,58.5,50.0,10353.0,640.0,347580.0,59.0,47.0,59.5,29.0,60.5,10.0,61.0,10.0,61.5,20.0,58.5,24.0,58.0,71.0,57.5,69.0,57.0,36.0,56.5,11.0
2023-04-27 21:07:34.75,1682600854750000000,63.5,59.0,50.0,10354.0,641.0,348170.0,59.0,37.0,59.5,29.0,60.5,10.0,61.0,10.0,61.5,20.0,58.5,24.0,58.0,61.0,57.5,69.0,57.0,36.0,56.5,11.0
2023-04-27 21:07:35.5,1682600855500000000,63.5,59.0,50.0,10354.0,641.0,348170.0,59.0,37.0,59.5,19.0,60.5,20.0,61.0,10.0,61.5,20.0,58.5,24.0,58.0,61.0,57.5,69.0,57.0,36.0,56.5,11.0
2023-04-27 21:07:36.0,1682600856000000000,63.5,59.0,50.0,10391.0,678.0,370000.0,59.5,19.0,60.0,10.0,60.5,20.0,61.0,28.0,61.5,20.0,59.0,13.0,58.5,42.0,58.0,71.0,57.5,51.0,57.0,36.0
2023-04-27 21:07:36.25,1682600856250000000,63.5,59.0,50.0,10391.0,678.0,370000.0,59.5,29.0,60.5,20.0,61.0,28.0,61.5,20.0,62.0,17.0,59.0,13.0,58.5,52.0,58.0,51.0,57.5,51.0,57.0,36.0
2023-04-27 21:07:36.5,1682600856500000000,63.5,59.0,50.0,10404.0,691.0,377670.0,59.5,19.0,60.0,10.0,60.5,30.0,61.0,28.0,61.5,20.0,58.5,62.0,58.0,61.0,57.5,50.0,57.0,36.0,56.5,2.0
2023-04-27 21:07:37.0,1682600857000000000,63.5,59.0,50.0,10404.0,691.0,377670.0,59.5,19.0,60.0,10.0,60.5,30.0,61.0,28.0,61.5,20.0,58.5,52.0,58.0,71.0,57.5,50.0,57.0,36.0,56.5,2.0
2023-04-27 21:07:37.25,1682600857250000000,63.5,59.0,50.0,10404.0,691.0,377670.0,59.0,4.0,59.5,19.0,60.0,10.0,60.5,30.0,61.0,28.0,58.5,52.0,58.0,71.0,57.5,50.0,57.0,36.0,56.5,2.0
2023-04-27 21:07:37.5,1682600857500000000,63.5,59.0,50.0,10404.0,691.0,377670.0,59.0,4.0,59.5,29.0,60.5,30.0,61.0,28.0,61.5,20.0,58.5,52.0,58.0,61.0,57.5,60.0,57.0,36.0,56.5,2.0
2023-04-27 21:07:39.0,1682600859000000000,63.5,59.0,50.0,10404.0,691.0,377670.0,59.0,4.0,59.5,39.0,60.0,10.0,60.5,10.0,61.0,38.0,58.5,52.0,58.0,61.0,57.5,60.0,57.0,26.0,56.5,2.0
2023-04-27 21:07:40.25,1682600860250000000,63.5,59.0,50.0,10404.0,691.0,377670.0,59.0,13.0,59.5,39.0,60.0,10.0,60.5,10.0,61.0,38.0,58.5,52.0,58.0,61.0,57.5,60.0,57.0,26.0,56.5,2.0
2023-04-27 21:07:40.5,1682600860500000000,63.5,58.5,50.0,10429.0,716.0,392295.0,59.0,13.0,59.5,39.0,60.0,10.0,60.5,10.0,61.0,38.0,58.5,27.0,58.0,61.0,57.5,60.0,57.0,26.0,56.5,2.0
2023-04-27 21:07:40.75,1682600860750000000,63.5,58.5,50.0,10429.0,716.0,392295.0,59.0,13.0,59.5,39.0,60.0,10.0,61.0,38.0,61.5,10.0,58.5,17.0,58.0,61.0,57.5,60.0,57.0,26.0,56.5,2.0
2023-04-27 21:07:41.0,1682600861000000000,63.5,58.5,50.0,10429.0,716.0,392295.0,59.0,13.0,59.5,39.0,60.0,10.0,60.5,10.0,61.0,38.0,58.5,17.0,58.0,71.0,57.5,60.0,57.0,26.0,56.5,2.0
2023-04-27 21:07:41.25,1682600861250000000,63.5,58.5,50.0,10429.0,716.0,392295.0,59.0,13.0,59.5,39.0,60.0,10.0,60.5,10.0,61.0,28.0,58.5,17.0,58.0,71.0,57.5,60.0,57.0,26.0,56.5,2.0
2023-04-27 21:07:42.0,1682600862000000000,63.5,58.5,50.0,10429.0,716.0,392295.0,59.0,13.0,59.5,57.0,60.0,10.0,60.5,10.0,61.0,10.0,58.0,71.0,57.5,60.0,57.0,44.0,56.5,2.0,56.0,21.0
2023-04-27 21:07:42.25,1682600862250000000,63.5,58.5,50.0,10429.0,716.0,392295.0,59.0,23.0,59.5,47.0,60.0,10.0,60.5,10.0,61.0,20.0,58.0,61.0,57.5,70.0,57.0,44.0,56.5,2.0,56.0,11.0
2023-04-27 21:07:42.5,1682600862500000000,63.5,58.5,50.0,10429.0,716.0,392295.0,59.0,23.0,59.5,47.0,60.0,10.0,60.5,10.0,61.0,10.0,58.0,61.0,57.5,70.0,57.0,44.0,56.5,2.0,56.0,21.0
2023-04-27 21:07:43.5,1682600863500000000,63.5,58.5,50.0,10429.0,716.0,392295.0,59.0,23.0,59.5,47.0,60.0,10.0,60.5,10.0,61.0,10.0,58.0,61.0,57.5,70.0,57.0,45.0,56.5,2.0,56.0,21.0
2023-04-27 21:07:43.75,1682600863750000000,63.5,58.5,50.0,10429.0,716.0,392295.0,58.5,4.0,59.0,19.0,59.5,47.0,60.0,10.0,60.5,10.0,58.0,61.0,57.5,70.0,57.0,45.0,56.5,2.0,56.0,21.0
2023-04-27 21:07:44.0,1682600864000000000,63.5,58.5,50.0,10429.0,716.0,392295.0,58.5,4.0,59.0,29.0,59.5,37.0,60.0,10.0,60.5,10.0,58.0,61.0,57.5,60.0,57.0,55.0,56.5,2.0,56.0,21.0
2023-04-27 21:07:44.5,1682600864500000000,63.5,58.5,50.0,10429.0,716.0,392295.0,58.5,6.0,59.0,29.0,59.5,37.0,60.0,10.0,60.5,10.0,58.0,61.0,57.5,60.0,57.0,55.0,56.5,2.0,56.0,21.0
2023-04-27 21:07:45.75,1682600865750000000,63.5,58.5,50.0,10429.0,716.0,392295.0,58.5,6.0,59.0,39.0,59.5,37.0,60.0,10.0,61.0,10.0,58.0,51.0,57.5,60.0,57.0,65.0,56.5,2.0,56.0,21.0
2023-04-27 21:07:46.0,1682600866000000000,63.5,58.5,50.0,10429.0,716.0,392295.0,58.5,6.0,59.0,39.0,59.5,37.0,60.0,10.0,61.0,10.0,58.0,61.0,57.5,60.0,57.0,55.0,56.5,2.0,56.0,21.0
2023-04-27 21:07:46.75,1682600866750000000,63.5,58.5,50.0,10429.0,716.0,392295.0,58.5,6.0,59.0,39.0,59.5,37.0,60.0,10.0,61.0,20.0,58.0,61.0,57.5,60.0,57.0,55.0,56.5,2.0,56.0,11.0
2023-04-27 21:07:47.0,1682600867000000000,63.5,58.5,50.0,10429.0,716.0,392295.0,58.5,6.0,59.0,39.0,59.5,37.0,60.0,10.0,61.0,10.0,58.0,61.0,57.5,60.0,57.0,55.0,56.5,2.0,56.0,21.0
2023-04-27 21:07:48.25,1682600868250000000,63.5,58.5,50.0,10431.0,722.0,395805.0,59.0,39.0,59.5,37.0,60.0,10.0,61.0,10.0,61.5,20.0,58.5,7.0,58.0,61.0,57.5,60.0,57.0,55.0,56.5,2.0
2023-04-27 21:07:48.5,1682600868500000000,63.5,58.5,50.0,10431.0,722.0,395805.0,59.0,29.0,59.5,47.0,60.0,10.0,61.0,10.0,61.5,20.0,58.5,7.0,58.0,61.0,57.5,70.0,57.0,45.0,56.5,2.0
2023-04-27 21:07:48.75,1682600868750000000,63.5,58.5,50.0,10431.0,722.0,395805.0,59.0,19.0,59.5,47.0,60.0,10.0,61.0,10.0,61.5,20.0,58.5,7.0,58.0,51.0,57.5,70.0,57.0,45.0,56.5,2.0
2023-04-27 21:07:49.0,1682600869000000000,63.5,58.5,50.0,10431.0,722.0,395805.0,59.0,19.0,59.5,57.0,60.0,10.0,61.0,10.0,61.5,20.0,58.5,7.0,58.0,61.0,57.5,70.0,57.0,45.0,56.5,2.0
2023-04-27 21:07:49.25,1682600869250000000,63.5,58.5,50.0,10433.0,724.0,396975.0,59.0,19.0,59.5,57.0,60.0,10.0,61.0,10.0,61.5,20.0,58.5,5.0,58.0,61.0,57.5,70.0,57.0,45.0,56.5,2.0
2023-04-27 21:07:51.25,1682600871250000000,63.5,58.5,50.0,10433.0,724.0,396975.0,59.0,19.0,59.5,57.0,60.0,10.0,61.0,10.0,61.5,20.0,58.5,5.0,58.0,61.0,57.5,88.0,57.0,27.0,56.5,2.0
2023-04-27 21:07:52.0,1682600872000000000,63.5,58.5,50.0,10433.0,724.0,396975.0,59.0,10.0,59.5,57.0,60.0,10.0,61.0,10.0,61.5,20.0,58.5,5.0,58.0,61.0,57.5,88.0,57.0,27.0,56.5,2.0
2023-04-27 21:07:53.25,1682600873250000000,63.5,58.5,50.0,10433.0,724.0,396975.0,59.0,10.0,59.5,57.0,60.5,10.0,61.0,10.0,61.5,20.0,58.5,5.0,58.0,61.0,57.5,88.0,57.0,36.0,56.5,2.0
2023-04-27 21:07:54.0,1682600874000000000,63.5,58.5,50.0,10437.0,728.0,399315.0,59.0,10.0,59.5,57.0,60.5,10.0,61.0,10.0,61.5,20.0,58.5,1.0,58.0,70.0,57.5,88.0,57.0,27.0,56.5,2.0
2023-04-27 21:07:54.25,1682600874250000000,63.5,58.5,50.0,10437.0,728.0,399315.0,59.0,10.0,59.5,57.0,60.5,10.0,61.0,10.0,61.5,20.0,58.5,1.0,58.0,70.0,57.5,70.0,57.0,45.0,56.5,2.0
2023-04-27 21:07:55.25,1682600875250000000,63.5,58.5,50.0,10437.0,728.0,399315.0,59.0,10.0,59.5,47.0,60.5,20.0,61.0,10.0,61.5,20.0,58.5,1.0,58.0,70.0,57.5,88.0,57.0,27.0,56.5,2.0
2023-04-27 21:07:56.5,1682600876500000000,63.5,58.5,50.0,10437.0,728.0,399315.0,59.5,57.0,60.5,20.0,61.0,10.0,61.5,20.0,62.0,17.0,58.5,1.0,58.0,80.0,57.5,78.0,57.0,27.0,56.5,2.0
2023-04-27 21:07:56.75,1682600876750000000,63.5,58.5,50.0,10437.0,728.0,399315.0,59.5,39.0,60.5,38.0,61.0,10.0,61.5,20.0,62.0,17.0,58.5,1.0,58.0,80.0,57.5,78.0,57.0,27.0,56.5,2.0
2023-04-27 21:07:57.0,1682600877000000000,63.5,58.5,50.0,10437.0,728.0,399315.0,59.5,29.0,60.0,10.0,60.5,38.0,61.0,10.0,61.5,10.0,58.5,1.0,58.0,90.0,57.5,68.0,57.0,27.0,56.5,12.0
2023-04-27 21:07:57.25,1682600877250000000,63.5,58.5,50.0,10437.0,728.0,399315.0,59.5,19.0,60.0,28.0,60.5,20.0,61.0,10.0,61.5,10.0,58.5,1.0,58.0,80.0,57.5,68.0,57.0,27.0,56.5,12.0
2023-04-27 21:07:57.5,1682600877500000000,63.5,58.5,50.0,10437.0,728.0,399315.0,59.5,19.0,60.0,38.0,60.5,20.0,61.0,10.0,61.5,10.0,58.5,1.0,58.0,90.0,57.5,68.0,57.0,27.0,56.5,12.0
2023-04-27 21:07:57.75,1682600877750000000,63.5,58.5,50.0,10437.0,728.0,399315.0,59.5,19.0,60.0,38.0,60.5,20.0,61.0,10.0,61.5,10.0,58.5,1.0,58.0,90.0,57.5,71.0,57.0,27.0,56.5,12.0
2023-04-27 21:07:58.0,1682600878000000000,63.5,58.5,50.0,10437.0,728.0,399315.0,59.0,10.0,59.5,19.0,60.0,38.0,60.5,20.0,61.0,10.0,58.5,1.0,58.0,90.0,57.5,71.0,57.0,27.0,56.5,12.0
2023-04-27 21:07:58.25,1682600878250000000,63.5,58.5,50.0,10437.0,728.0,399315.0,59.0,10.0,59.5,37.0,60.0,20.0,60.5,20.0,61.0,10.0,58.5,1.0,58.0,108.0,57.5,53.0,57.0,27.0,56.5,12.0
2023-04-27 21:07:58.5,1682600878500000000,63.5,58.5,50.0,10437.0,728.0,399315.0,59.0,10.0,59.5,47.0,60.0,10.0,60.5,20.0,61.0,10.0,58.5,1.0,58.0,80.0,57.5,81.0,57.0,27.0,56.5,12.0
2023-04-27 21:07:59.0,1682600879000000000,63.5,58.5,50.0,10437.0,728.0,399315.0,59.0,10.0,59.5,47.0,60.5,20.0,61.0,10.0,61.5,10.0,58.5,1.0,58.0,70.0,57.5,81.0,57.0,27.0,56.5,12.0
2023-04-27 21:07:59.5,1682600879500000000,63.5,58.5,50.0,10437.0,728.0,399315.0,59.0,10.0,59.5,47.0,60.5,20.0,61.0,10.0,61.5,20.0,58.5,1.0,58.0,70.0,57.5,81.0,57.0,27.0,56.5,2.0
2023-04-27 21:08:00.5,1682600880500000000,63.5,58.5,50.0,10437.0,728.0,399315.0,59.0,10.0,59.5,57.0,60.5,20.0,61.0,10.0,61.5,20.0,58.5,1.0,58.0,80.0,57.5,81.0,57.0,27.0,56.5,2.0
2023-04-27 21:08:01.25,1682600881250000000,63.5,58.5,50.0,10437.0,728.0,399315.0,59.0,10.0,59.5,57.0,60.5,30.0,61.0,10.0,62.0,27.0,58.5,1.0,58.0,80.0,57.5,81.0,57.0,37.0,56.5,12.0
2023-04-27 21:08:04.5,1682600884500000000,63.5,58.5,50.0,10437.0,729.0,399900.0,59.0,10.0,59.5,57.0,60.5,30.0,61.0,10.0,62.0,27.0,58.0,80.0,57.5,81.0,57.0,37.0,56.5,2.0,56.0,21.0
2023-04-27 21:08:04.75,1682600884750000000,63.5,58.5,50.0,10437.0,729.0,399900.0,59.0,10.0,59.5,57.0,60.5,30.0,61.0,10.0,61.5,10.0,58.0,80.0,57.5,81.0,57.0,37.0,56.5,2.0,56.0,21.0
2023-04-27 21:08:05.0,1682600885000000000,63.5,58.5,50.0,10437.0,729.0,399900.0,59.0,10.0,59.5,57.0,60.5,30.0,61.0,10.0,62.0,27.0,58.0,80.0,57.5,81.0,57.0,37.0,56.5,12.0,56.0,11.0
2023-04-27 21:08:05.5,1682600885500000000,63.5,58.5,50.0,10437.0,729.0,399900.0,59.0,10.0,59.5,57.0,60.5,30.0,61.0,10.0,61.5,10.0,58.0,80.0,57.5,81.0,57.0,37.0,56.5,2.0,56.0,21.0
2023-04-27 21:08:06.5,1682600886500000000,63.5,58.5,50.0,10437.0,729.0,399900.0,58.5,10.0,59.0,10.0,59.5,57.0,60.5,30.0,61.0,10.0,58.0,80.0,57.5,81.0,57.0,37.0,56.5,12.0,56.0,11.0
2023-04-27 21:08:06.75,1682600886750000000,63.5,58.5,50.0,10437.0,729.0,399900.0,58.5,10.0,59.0,28.0,59.5,39.0,60.5,30.0,61.0,10.0,58.0,80.0,57.5,81.0,57.0,37.0,56.5,2.0,56.0,21.0
2023-04-27 21:08:07.0,1682600887000000000,63.5,58.5,50.0,10437.0,729.0,399900.0,58.5,10.0,59.0,38.0,59.5,29.0,60.5,30.0,61.0,10.0,58.0,80.0,57.5,71.0,57.0,47.0,56.5,2.0,56.0,21.0
2023-04-27 21:08:09.25,1682600889250000000,63.5,58.5,50.0,10437.0,729.0,399900.0,58.5,10.0,59.0,38.0,59.5,19.0,60.5,30.0,61.0,20.0,58.0,70.0,57.5,81.0,57.0,47.0,56.5,2.0,56.0,11.0
2023-04-27 21:08:10.0,1682600890000000000,63.5,58.5,50.0,10437.0,729.0,399900.0,58.5,10.0,59.0,38.0,59.5,19.0,60.5,30.0,61.0,20.0,58.0,70.0,57.5,63.0,57.0,65.0,56.5,2.0,56.0,11.0
2023-04-27 21:08:10.5,1682600890500000000,63.5,58.5,50.0,10437.0,729.0,399900.0,58.5,10.0,59.0,38.0,59.5,19.0,60.5,40.0,61.0,10.0,58.0,70.0,57.5,60.0,57.0,68.0,56.5,2.0,56.0,11.0
2023-04-27 21:08:11.0,1682600891000000000,63.5,58.5,50.0,10437.0,729.0,399900.0,58.5,10.0,59.0,38.0,59.5,19.0,60.0,10.0,60.5,30.0,58.0,70.0,57.5,60.0,57.0,58.0,56.5,2.0,56.0,21.0
2023-04-27 21:08:11.75,1682600891750000000,63.5,58.5,50.0,10437.0,729.0,399900.0,58.5,10.0,59.0,38.0,59.5,19.0,60.0,10.0,60.5,20.0,58.0,70.0,57.5,60.0,57.0,58.0,56.5,2.0,56.0,21.0
2023-04-27 21:08:12.5,1682600892500000000,63.5,58.5,50.0,10437.0,729.0,399900.0,59.0,38.0,59.5,19.0,60.0,10.0,60.5,20.0,61.0,20.0,58.0,70.0,57.5,60.0,57.0,58.0,56.5,2.0,56.0,21.0
2023-04-27 21:08:12.75,1682600892750000000,63.5,58.5,50.0,10437.0,729.0,399900.0,59.0,20.0,59.5,37.0,60.0,10.0,60.5,20.0,61.0,20.0,58.0,70.0,57.5,60.0,57.0,58.0,56.5,2.0,56.0,21.0
2023-04-27 21:08:13.0,1682600893000000000,63.5,58.5,50.0,10437.0,729.0,399900.0,59.5,47.0,60.0,10.0,60.5,20.0,61.0,20.0,62.0,37.0,58.0,70.0,57.5,60.0,57.0,48.0,56.5,2.0,56.0,21.0
2023-04-27 21:08:13.25,1682600893250000000,63.5,58.5,50.0,10437.0,729.0,399900.0,59.5,47.0,60.0,20.0,60.5,20.0,61.0,20.0,62.0,37.0,58.0,70.0,57.5,70.0,57.0,48.0,56.5,2.0,56.0,21.0
2023-04-27 21:08:13.5,1682600893500000000,63.5,58.5,50.0,10437.0,729.0,399900.0,59.5,29.0,60.0,38.0,60.5,20.0,61.0,20.0,62.0,37.0,58.0,70.0,57.5,88.0,57.0,30.0,56.5,2.0,56.0,21.0
2023-04-27 21:08:13.75,1682600893750000000,63.5,58.5,50.0,10437.0,729.0,399900.0,59.5,29.0,60.0,38.0,60.5,20.0,61.0,20.0,62.0,37.0,58.0,70.0,57.5,88.0,57.0,37.0,56.5,2.0,56.0,21.0
2023-04-27 21:08:14.0,1682600894000000000,63.5,58.5,50.0,10437.0,729.0,399900.0,58.5,1.0,59.5,29.0,60.0,38.0,60.5,20.0,61.0,20.0,58.0,70.0,57.5,88.0,57.0,37.0,56.5,2.0,56.0,21.0
2023-04-27 21:08:14.25,1682600894250000000,63.5,58.5,50.0,10437.0,729.0,399900.0,58.5,1.0,59.5,39.0,60.0,28.0,60.5,20.0,61.0,20.0,58.0,70.0,57.5,88.0,57.0,37.0,56.5,2.0,56.0,21.0
2023-04-27 21:08:14.5,1682600894500000000,63.5,58.5,50.0,10436.0,730.0,400485.0,59.0,10.0,59.5,29.0,60.0,28.0,60.5,20.0,61.0,20.0,58.0,70.0,57.5,78.0,57.0,47.0,56.5,2.0,56.0,21.0
2023-04-27 21:08:14.75,1682600894750000000,63.5,58.5,50.0,10436.0,730.0,400485.0,59.0,10.0,59.5,47.0,60.0,10.0,60.5,20.0,61.0,20.0,58.0,70.0,57.5,78.0,57.0,37.0,56.5,2.0,56.0,21.0
2023-04-27 21:08:15.0,1682600895000000000,63.5,58.5,50.0,10436.0,730.0,400485.0,59.5,57.0,60.0,10.0,60.5,20.0,61.0,20.0,62.0,37.0,58.5,1.0,58.0,70.0,57.5,88.0,57.0,27.0,56.5,2.0
2023-04-27 21:08:15.25,1682600895250000000,63.5,58.5,50.0,10436.0,730.0,400485.0,59.5,29.0,60.0,38.0,60.5,20.0,61.0,20.0,62.0,37.0,58.5,11.0,58.0,60.0,57.5,88.0,57.0,27.0,56.5,2.0
2023-04-27 21:08:15.5,1682600895500000000,63.5,58.5,50.0,10436.0,730.0,400485.0,59.5,9.0,60.0,48.0,60.5,20.0,61.0,20.0,62.0,37.0,58.5,11.0,58.0,88.0,57.5,50.0,57.0,27.0,56.5,2.0
2023-04-27 21:08:15.75,1682600895750000000,63.5,58.5,50.0,10436.0,730.0,400485.0,59.5,9.0,60.0,58.0,60.5,20.0,61.0,20.0,62.0,37.0,58.5,11.0,58.0,98.0,57.5,50.0,57.0,27.0,56.5,2.0
2023-04-27 21:08:18.75,1682600898750000000,63.5,58.5,50.0,10436.0,730.0,400485.0,59.5,9.0,60.0,40.0,60.5,38.0,61.0,20.0,62.0,37.0,58.5,11.0,58.0,98.0,57.5,50.0,57.0,27.0,56.5,2.0
2023-04-27 21:08:19.25,1682600899250000000,63.5,58.5,50.0,10436.0,730.0,400485.0,59.5,9.0,60.0,40.0,60.5,38.0,61.0,20.0,62.0,37.0,58.5,11.0,58.0,89.0,57.5,50.0,57.0,27.0,56.5,2.0
2023-04-27 21:08:19.5,1682600899500000000,63.5,58.5,50.0,10436.0,730.0,400485.0,59.5,9.0,60.0,30.0,60.5,48.0,61.0,10.0,61.5,10.0,58.5,11.0,58.0,89.0,57.5,50.0,57.0,37.0,56.5,2.0
2023-04-27 21:08:20.5,1682600900500000000,63.5,58.5,50.0,10436.0,730.0,400485.0,59.5,9.0,60.0,30.0,60.5,48.0,61.0,10.0,61.5,10.0,58.5,29.0,58.0,71.0,57.5,50.0,57.0,37.0,56.5,2.0
