datetime,datetime_nano,highest,last_price,lowest,open_interest,volume,amount,ask_price1,ask_volume1,ask_price2,ask_volume2,ask_price3,ask_volume3,ask_price4,ask_volume4,ask_price5,ask_volume5,bid_price1,bid_volume1,bid_price2,bid_volume2,bid_price3,bid_volume3,bid_price4,bid_volume4,bid_price5,bid_volume5
2023-04-27 20:55:37.75,1682600137750000000,,,,9260.0,0.0,0.0,,0.0,,0.0,,0.0,,0.0,,0.0,,0.0,,0.0,,0.0,,0.0,,0.0
2023-04-27 20:59:00.0,1682600340000000000,,,,9260.0,0.0,0.0,23.5,48.0,25.0,1.0,,0.0,,0.0,,0.0,18.0,2.0,15.0,1.0,10.0,1.0,5.5,20.0,5.0,1.0
2023-04-27 21:00:00.25,1682600400250000000,18.0,18.0,18.0,9262.0,2.0,360.0,19.5,24.0,23.0,24.0,23.5,48.0,25.0,1.0,25.5,1.0,15.5,1.0,15.0,2.0,14.5,1.0,14.0,1.0,13.5,1.0
2023-04-27 21:00:02.5,1682600402500000000,18.0,15.0,15.0,9260.0,5.0,815.0,19.5,24.0,23.0,24.0,23.5,48.0,25.0,1.0,25.5,1.0,14.5,1.0,14.0,1.0,13.5,1.0,13.0,1.0,12.5,1.0
2023-04-27 21:00:03.25,1682600403250000000,18.0,15.5,15.0,9260.0,8.0,1280.0,15.5,97.0,19.5,24.0,23.0,44.0,23.5,48.0,25.0,1.0,14.5,1.0,14.0,1.0,13.5,1.0,13.0,1.0,12.5,1.0
2023-04-27 21:00:04.25,1682600404250000000,18.0,15.5,15.0,9260.0,16.0,2520.0,15.5,89.0,18.0,10.0,19.5,24.0,23.0,52.0,23.5,48.0,15.0,1.0,14.5,1.0,14.0,1.0,13.5,1.0,13.0,1.0
2023-04-27 21:00:04.5,1682600404500000000,18.0,14.0,14.0,9258.0,19.0,2955.0,15.5,89.0,16.5,20.0,18.0,10.0,19.5,24.0,23.0,32.0,13.5,1.0,13.0,1.0,12.5,1.0,12.0,1.0,11.5,24.0
2023-04-27 21:00:04.75,1682600404750000000,18.0,14.0,14.0,9258.0,19.0,2955.0,15.5,89.0,18.0,10.0,19.5,24.0,22.0,20.0,23.0,32.0,13.5,1.0,13.0,1.0,12.5,1.0,12.0,1.0,11.5,24.0
2023-04-27 21:00:05.0,1682600405000000000,18.0,14.0,14.0,9258.0,19.0,2955.0,15.5,89.0,16.5,20.0,18.0,10.0,19.5,24.0,23.0,32.0,13.5,1.0,13.0,1.0,12.5,1.0,12.0,1.0,11.5,24.0
2023-04-27 21:00:05.25,1682600405250000000,18.0,14.0,14.0,9258.0,19.0,2955.0,15.5,89.0,18.0,10.0,19.5,24.0,22.5,20.0,23.0,32.0,13.5,1.0,13.0,1.0,12.5,1.0,12.0,1.0,11.5,24.0
2023-04-27 21:00:05.5,1682600405500000000,18.0,13.5,13.5,9258.0,20.0,3090.0,15.5,89.0,17.0,24.0,18.0,10.0,22.5,20.0,23.0,32.0,13.0,1.0,12.5,1.0,12.0,1.0,11.5,24.0,10.0,1.0
2023-04-27 21:00:08.5,1682600408500000000,18.0,13.5,13.5,9258.0,20.0,3090.0,15.5,89.0,17.0,42.0,18.0,10.0,22.5,20.0,23.0,32.0,14.5,18.0,13.0,1.0,12.5,1.0,12.0,1.0,11.5,24.0
2023-04-27 21:00:08.75,1682600408750000000,18.0,13.5,13.5,9258.0,20.0,3090.0,15.5,89.0,17.0,62.0,18.0,10.0,23.0,32.0,23.5,48.0,14.5,18.0,13.0,1.0,12.5,1.0,12.0,1.0,11.5,44.0
2023-04-27 21:00:09.0,1682600409000000000,18.0,14.5,13.5,9258.0,26.0,3960.0,15.5,89.0,17.0,62.0,18.0,10.0,23.0,32.0,23.5,48.0,14.5,12.0,13.0,1.0,12.5,1.0,12.0,1.0,11.5,44.0
2023-04-27 21:00:09.25,1682600409250000000,18.0,14.5,13.5,9264.0,38.0,5700.0,15.5,89.0,17.0,24.0,18.0,12.0,20.0,1.0,23.0,32.0,13.0,1.0,12.5,1.0,12.0,1.0,11.5,24.0,10.0,1.0
2023-04-27 21:00:10.5,1682600410500000000,18.0,14.5,13.5,9264.0,38.0,5700.0,15.5,89.0,18.0,12.0,20.0,1.0,23.0,32.0,23.5,68.0,13.0,1.0,12.5,1.0,12.0,1.0,10.0,1.0,8.5,20.0
2023-04-27 21:00:11.5,1682600411500000000,18.0,14.5,13.5,9264.0,38.0,5700.0,15.5,89.0,18.0,12.0,18.5,16.0,20.0,1.0,23.0,32.0,13.0,1.0,12.5,1.0,12.0,1.0,10.0,1.0,9.0,16.0
2023-04-27 21:00:12.5,1682600412500000000,18.0,14.5,13.5,9264.0,38.0,5700.0,18.0,12.0,18.5,16.0,20.0,1.0,23.0,32.0,23.5,68.0,13.0,1.0,12.5,1.0,12.0,1.0,10.0,1.0,9.0,16.0
2023-04-27 21:00:16.0,1682600416000000000,18.0,14.5,13.5,9264.0,38.0,5700.0,18.0,2.0,18.5,16.0,20.0,1.0,23.0,32.0,23.5,68.0,13.0,1.0,12.5,1.0,12.0,1.0,10.0,1.0,9.0,16.0
2023-04-27 21:00:16.75,1682600416750000000,18.0,18.0,13.5,9264.0,40.0,6060.0,18.5,16.0,20.0,1.0,23.0,32.0,23.5,68.0,25.0,1.0,18.0,28.0,13.0,1.0,12.5,1.0,12.0,1.0,10.0,1.0
2023-04-27 21:00:17.0,1682600417000000000,18.0,18.0,13.5,9292.0,68.0,11100.0,18.5,16.0,20.0,1.0,23.0,32.0,23.5,68.0,25.0,1.0,13.0,1.0,12.5,1.0,12.0,1.0,10.0,1.0,9.0,16.0
2023-04-27 21:00:18.25,1682600418250000000,18.0,18.0,13.5,9292.0,68.0,11100.0,18.5,16.0,20.0,1.0,23.0,12.0,23.5,68.0,25.0,1.0,13.0,1.0,12.5,1.0,12.0,1.0,10.0,1.0,9.0,16.0
2023-04-27 21:00:23.25,1682600423250000000,18.0,18.0,13.5,9292.0,68.0,11100.0,18.5,16.0,20.0,1.0,23.0,12.0,23.5,68.0,25.0,1.0,14.0,10.0,13.0,1.0,12.5,1.0,12.0,1.0,10.0,1.0
2023-04-27 21:00:24.0,1682600424000000000,18.0,18.0,13.5,9292.0,68.0,11100.0,18.5,16.0,20.0,19.0,23.0,12.0,23.5,68.0,25.0,1.0,16.0,18.0,14.0,10.0,13.0,1.0,12.5,1.0,12.0,1.0
2023-04-27 21:00:24.25,1682600424250000000,18.0,16.0,13.5,9310.0,86.0,13980.0,16.5,18.0,18.5,16.0,20.0,1.0,23.0,12.0,23.5,68.0,14.5,18.0,14.0,10.0,13.0,1.0,12.5,1.0,12.0,1.0
2023-04-27 21:00:27.25,1682600427250000000,18.0,16.0,13.5,9310.0,86.0,13980.0,16.5,18.0,18.0,1.0,18.5,16.0,20.0,1.0,23.0,12.0,14.5,18.0,14.0,10.0,13.0,1.0,12.5,1.0,12.0,1.0
2023-04-27 21:00:28.25,1682600428250000000,18.0,16.0,13.5,9310.0,86.0,13980.0,18.0,1.0,18.5,16.0,20.0,1.0,23.0,12.0,23.5,68.0,14.0,10.0,13.0,1.0,12.5,1.0,12.0,1.0,10.0,1.0
2023-04-27 21:00:28.5,1682600428500000000,18.0,16.0,13.5,9310.0,86.0,13980.0,18.0,11.0,18.5,16.0,20.0,1.0,23.0,12.0,23.5,68.0,14.0,10.0,13.0,1.0,12.5,1.0,12.0,1.0,10.0,1.0
2023-04-27 21:00:31.25,1682600431250000000,18.0,16.0,13.5,9310.0,86.0,13980.0,18.0,11.0,18.5,16.0,20.0,1.0,23.0,12.0,23.5,68.0,15.0,1.0,14.0,10.0,13.0,1.0,12.5,1.0,12.0,1.0
2023-04-27 21:00:31.5,1682600431500000000,18.0,16.0,13.5,9310.0,86.0,13980.0,18.0,11.0,18.5,16.0,19.0,1.0,20.0,1.0,23.0,12.0,15.0,1.0,14.0,10.0,13.0,1.0,12.5,1.0,12.0,1.0
2023-04-27 21:00:32.25,1682600432250000000,18.0,16.0,13.5,9310.0,86.0,13980.0,18.0,11.0,18.5,16.0,19.0,6.0,20.0,1.0,23.0,12.0,15.0,1.0,14.0,10.0,13.0,1.0,12.5,1.0,12.0,1.0
2023-04-27 21:00:34.0,1682600434000000000,18.0,16.0,13.5,9310.0,86.0,13980.0,18.0,11.0,18.5,16.0,19.0,6.0,20.0,1.0,23.0,12.0,16.0,5.0,15.0,1.0,14.0,10.0,13.0,1.0,12.5,1.0
2023-04-27 21:00:34.25,1682600434250000000,18.0,16.0,13.5,9315.0,91.0,14780.0,18.0,11.0,18.5,16.0,19.0,6.0,20.0,1.0,23.0,12.0,15.0,1.0,14.0,10.0,13.0,1.0,12.5,1.0,12.0,1.0
2023-04-27 21:00:35.25,1682600435250000000,18.0,16.0,13.5,9315.0,91.0,14780.0,18.0,11.0,18.5,16.0,19.0,6.0,20.0,1.0,23.0,12.0,16.0,1.0,15.0,1.0,14.0,10.0,13.0,1.0,12.5,1.0
2023-04-27 21:00:35.5,1682600435500000000,18.0,16.0,13.5,9316.0,92.0,14940.0,18.0,11.0,18.5,16.0,19.0,6.0,20.0,1.0,23.0,12.0,15.0,1.0,14.0,10.0,13.0,1.0,12.5,1.0,12.0,1.0
2023-04-27 21:00:37.25,1682600437250000000,18.0,16.0,13.5,9316.0,92.0,14940.0,18.0,11.0,18.5,16.0,19.0,6.0,20.0,1.0,23.0,12.0,15.5,1.0,15.0,1.0,14.0,10.0,13.0,1.0,12.5,1.0
2023-04-27 21:00:41.75,1682600441750000000,18.0,16.0,13.5,9316.0,92.0,14940.0,18.0,11.0,18.5,16.0,19.0,6.0,20.0,1.0,23.0,12.0,16.0,5.0,15.5,1.0,15.0,1.0,14.0,10.0,13.0,1.0
2023-04-27 21:00:42.0,1682600442000000000,18.0,16.0,13.5,9321.0,97.0,15740.0,18.0,11.0,18.5,16.0,19.0,6.0,20.0,1.0,23.0,12.0,15.5,1.0,15.0,1.0,14.0,10.0,13.0,1.0,12.5,1.0
2023-04-27 21:00:43.25,1682600443250000000,18.0,16.0,13.5,9321.0,97.0,15740.0,18.0,11.0,18.5,16.0,19.0,6.0,20.0,1.0,23.0,12.0,16.0,3.0,15.5,1.0,15.0,1.0,14.0,10.0,13.0,1.0
2023-04-27 21:00:43.5,1682600443500000000,18.0,16.0,13.5,9321.0,100.0,16220.0,18.0,11.0,18.5,16.0,19.0,6.0,20.0,1.0,23.0,12.0,15.5,1.0,15.0,1.0,14.0,10.0,13.0,1.0,12.5,1.0
2023-04-27 21:00:44.25,1682600444250000000,18.0,16.0,13.5,9321.0,100.0,16220.0,18.0,11.0,18.5,16.0,19.0,6.0,20.0,1.0,23.0,12.0,15.5,2.0,15.0,1.0,14.0,10.0,13.0,1.0,12.5,1.0
2023-04-27 21:00:48.75,1682600448750000000,18.0,16.0,13.5,9321.0,100.0,16220.0,18.0,11.0,18.5,16.0,19.0,6.0,20.0,1.0,23.0,12.0,16.0,10.0,15.5,2.0,15.0,1.0,14.0,10.0,13.0,1.0
2023-04-27 21:00:50.75,1682600450750000000,18.0,16.0,13.5,9321.0,100.0,16220.0,18.0,11.0,18.5,16.0,19.0,6.0,20.0,1.0,23.0,4.0,16.0,10.0,15.5,2.0,15.0,1.0,14.0,10.0,13.0,1.0
2023-04-27 21:00:59.5,1682600459500000000,18.0,16.0,13.5,9321.0,100.0,16220.0,18.0,11.0,18.5,16.0,19.0,6.0,20.0,1.0,23.0,4.0,16.0,10.0,15.5,1.0,15.0,1.0,14.0,10.0,13.0,1.0
2023-04-27 21:01:00.0,1682600460000000000,18.0,16.0,13.5,9321.0,100.0,16220.0,18.0,11.0,18.5,16.0,19.0,6.0,20.0,1.0,23.0,4.0,16.0,11.0,15.5,1.0,15.0,1.0,14.0,10.0,13.0,1.0
2023-04-27 21:01:00.25,1682600460250000000,18.0,16.0,13.5,9321.0,100.0,16220.0,17.5,8.0,18.0,11.0,18.5,16.0,19.0,6.0,20.0,1.0,16.0,11.0,15.5,1.0,15.0,1.0,14.0,10.0,13.0,1.0
2023-04-27 21:01:00.5,1682600460500000000,18.0,16.0,13.5,9321.0,106.0,17180.0,17.5,8.0,18.0,11.0,18.5,16.0,19.0,6.0,20.0,1.0,16.0,5.0,15.5,1.0,15.0,1.0,14.0,10.0,13.0,1.0
2023-04-27 21:01:00.75,1682600460750000000,18.0,16.0,13.5,9321.0,111.0,17980.0,17.5,8.0,18.0,11.0,18.5,16.0,19.0,6.0,20.0,1.0,15.5,1.0,15.0,1.0,14.0,10.0,13.0,1.0,12.5,1.0
2023-04-27 21:01:04.25,1682600464250000000,18.0,16.0,13.5,9321.0,111.0,17980.0,17.5,8.0,18.0,11.0,18.5,16.0,19.0,6.0,20.0,1.0,16.0,1.0,15.5,10.0,14.0,10.0,13.0,1.0,12.5,1.0
2023-04-27 21:01:04.75,1682600464750000000,18.0,16.0,13.5,9321.0,112.0,18140.0,17.5,8.0,18.0,11.0,18.5,16.0,19.0,6.0,20.0,1.0,15.5,10.0,14.0,10.0,13.0,1.0,12.5,1.0,12.0,17.0
2023-04-27 21:01:05.5,1682600465500000000,18.0,16.0,13.5,9321.0,112.0,18140.0,17.0,9.0,17.5,8.0,18.0,11.0,18.5,16.0,19.0,6.0,15.5,10.0,14.0,10.0,13.0,1.0,12.5,1.0,12.0,17.0
2023-04-27 21:01:08.0,1682600468000000000,18.0,16.0,13.5,9321.0,112.0,18140.0,17.0,9.0,17.5,8.0,18.0,29.0,18.5,16.0,19.0,6.0,15.5,10.0,15.0,18.0,14.0,10.0,13.0,1.0,12.5,1.0
2023-04-27 21:01:08.75,1682600468750000000,18.0,16.0,13.5,9321.0,112.0,18140.0,17.0,29.0,17.5,8.0,18.0,29.0,18.5,16.0,19.0,6.0,15.5,10.0,15.0,18.0,14.0,10.0,13.0,1.0,12.5,1.0
2023-04-27 21:01:09.0,1682600469000000000,18.0,15.5,13.5,9316.0,118.0,19070.0,17.0,29.0,17.5,8.0,18.0,29.0,18.5,16.0,19.0,6.0,15.5,4.0,15.0,18.0,14.0,10.0,13.0,1.0,12.5,1.0
2023-04-27 21:01:09.25,1682600469250000000,18.0,15.0,13.5,9312.0,124.0,19990.0,17.0,9.0,17.5,8.0,18.0,29.0,18.5,16.0,19.0,6.0,15.0,25.0,14.0,10.0,13.0,1.0,12.5,1.0,12.0,17.0
2023-04-27 21:01:09.5,1682600469500000000,18.0,15.0,13.5,9314.0,126.0,20290.0,17.0,9.0,17.5,28.0,18.0,11.0,18.5,16.0,19.0,6.0,15.0,9.0,14.0,10.0,13.0,1.0,12.5,1.0,12.0,17.0
2023-04-27 21:01:09.75,1682600469750000000,18.0,15.0,13.5,9308.0,132.0,21190.0,17.0,9.0,17.5,8.0,18.0,11.0,18.5,16.0,19.0,6.0,15.0,3.0,14.0,10.0,13.0,1.0,12.5,1.0,12.0,17.0
2023-04-27 21:01:12.25,1682600472250000000,18.0,15.0,13.5,9308.0,132.0,21190.0,17.0,9.0,17.5,8.0,18.0,11.0,18.5,16.0,19.0,6.0,14.5,9.0,14.0,10.0,13.0,1.0,12.5,1.0,12.0,17.0
2023-04-27 21:01:17.0,1682600477000000000,18.0,14.5,13.5,9299.0,141.0,22495.0,14.5,19.0,17.0,9.0,17.5,8.0,18.0,11.0,18.5,16.0,14.0,19.0,13.0,1.0,12.5,1.0,12.0,17.0,10.0,1.0
2023-04-27 21:01:19.75,1682600479750000000,18.0,14.5,13.5,9280.0,160.0,25250.0,15.5,9.0,17.0,9.0,17.5,8.0,18.0,11.0,18.5,16.0,14.0,19.0,13.0,1.0,12.5,1.0,12.0,17.0,10.0,1.0
2023-04-27 21:01:22.0,1682600482000000000,18.0,14.0,13.5,9271.0,179.0,27910.0,14.0,70.0,15.5,9.0,17.0,9.0,17.5,8.0,18.0,11.0,13.5,9.0,13.0,1.0,12.5,1.0,12.0,17.0,10.0,1.0
2023-04-27 21:01:22.25,1682600482250000000,18.0,14.0,13.5,9271.0,179.0,27910.0,14.0,70.0,15.0,9.0,15.5,9.0,17.5,8.0,18.0,11.0,13.5,9.0,13.0,1.0,12.5,1.0,12.0,17.0,10.0,1.0
2023-04-27 21:01:23.75,1682600483750000000,18.0,14.0,13.5,9268.0,182.0,28330.0,14.0,67.0,15.0,9.0,15.5,9.0,17.5,8.0,18.0,11.0,13.5,9.0,13.0,1.0,12.5,1.0,12.0,17.0,10.0,1.0
2023-04-27 21:01:26.0,1682600486000000000,18.0,14.0,13.5,9268.0,182.0,28330.0,15.5,9.0,17.5,8.0,18.0,11.0,18.5,16.0,19.0,6.0,13.5,9.0,13.0,1.0,12.5,1.0,12.0,17.0,10.0,1.0
2023-04-27 21:01:30.75,1682600490750000000,18.0,14.0,13.5,9268.0,182.0,28330.0,15.5,9.0,17.5,8.0,18.0,11.0,18.5,16.0,19.0,6.0,15.0,1.0,13.5,9.0,13.0,1.0,12.5,1.0,12.0,17.0
2023-04-27 21:01:31.0,1682600491000000000,18.0,14.0,13.5,9268.0,182.0,28330.0,15.5,9.0,17.5,8.0,18.0,11.0,18.5,16.0,19.0,6.0,15.0,1.0,14.5,9.0,14.0,9.0,13.0,1.0,12.5,1.0
2023-04-27 21:01:31.75,1682600491750000000,18.0,14.0,13.5,9268.0,182.0,28330.0,17.0,9.0,17.5,8.0,18.0,11.0,18.5,16.0,19.0,6.0,15.0,1.0,14.5,9.0,14.0,9.0,13.0,1.0,12.5,1.0
2023-04-27 21:01:34.25,1682600494250000000,18.0,14.0,13.5,9268.0,182.0,28330.0,16.0,18.0,17.0,9.0,17.5,8.0,18.0,11.0,18.5,16.0,15.0,1.0,14.5,27.0,14.0,9.0,13.0,1.0,12.5,1.0
2023-04-27 21:01:34.5,1682600494500000000,18.0,14.0,13.5,9268.0,182.0,28330.0,15.5,9.0,16.0,9.0,17.5,8.0,18.0,11.0,18.5,16.0,15.0,1.0,14.5,9.0,14.0,9.0,13.0,1.0,12.5,1.0
2023-04-27 21:01:34.75,1682600494750000000,18.0,14.0,13.5,9268.0,182.0,28330.0,15.5,9.0,16.0,9.0,17.5,8.0,18.0,11.0,18.5,16.0,15.0,1.0,14.0,9.0,13.0,1.0,12.5,1.0,12.0,17.0
2023-04-27 21:01:37.25,1682600497250000000,18.0,15.5,13.5,9269.0,183.0,28485.0,15.5,8.0,16.0,9.0,17.5,8.0,18.0,11.0,18.5,16.0,15.0,1.0,14.0,9.0,13.0,1.0,12.5,1.0,12.0,17.0
2023-04-27 21:01:37.5,1682600497500000000,18.0,15.5,13.5,9269.0,183.0,28485.0,15.5,8.0,16.0,9.0,17.5,8.0,18.0,11.0,18.5,16.0,15.0,1.0,14.5,9.0,14.0,9.0,13.0,1.0,12.5,1.0
2023-04-27 21:01:38.0,1682600498000000000,18.0,15.5,13.5,9269.0,183.0,28485.0,16.0,9.0,17.5,8.0,18.0,11.0,18.5,16.0,19.0,6.0,15.0,1.0,14.5,9.0,14.0,9.0,13.0,1.0,12.5,1.0
2023-04-27 21:01:39.0,1682600499000000000,18.0,15.5,13.5,9269.0,183.0,28485.0,16.0,9.0,17.5,8.0,18.0,11.0,18.5,16.0,19.0,6.0,15.5,1.0,15.0,1.0,14.5,9.0,14.0,9.0,13.0,1.0
2023-04-27 21:01:42.75,1682600502750000000,18.0,15.5,13.5,9269.0,183.0,28485.0,16.0,9.0,17.5,8.0,18.0,11.0,18.5,16.0,19.0,1.0,15.5,1.0,15.0,10.0,14.5,9.0,13.0,1.0,12.5,1.0
2023-04-27 21:01:44.75,1682600504750000000,18.0,15.5,13.5,9269.0,183.0,28485.0,17.0,9.0,17.5,8.0,18.0,11.0,18.5,16.0,19.0,1.0,15.5,1.0,15.0,10.0,14.5,9.0,13.0,1.0,12.5,1.0
2023-04-27 21:01:46.5,1682600506500000000,18.0,15.5,13.5,9269.0,183.0,28485.0,17.0,9.0,17.5,8.0,18.0,11.0,18.5,16.0,19.0,1.0,15.5,10.0,15.0,10.0,13.0,1.0,12.5,1.0,12.0,17.0
2023-04-27 21:01:46.75,1682600506750000000,18.0,17.0,13.5,9270.0,184.0,28655.0,17.0,8.0,17.5,8.0,18.0,11.0,18.5,16.0,19.0,1.0,15.5,10.0,15.0,10.0,13.0,1.0,12.5,1.0,12.0,17.0
2023-04-27 21:01:48.5,1682600508500000000,18.0,17.0,13.5,9271.0,185.0,28825.0,17.0,7.0,17.5,8.0,18.0,11.0,18.5,16.0,19.0,1.0,15.5,10.0,15.0,10.0,13.0,1.0,12.5,1.0,12.0,17.0
2023-04-27 21:01:49.0,1682600509000000000,18.0,17.0,13.5,9271.0,185.0,28825.0,17.0,7.0,17.5,8.0,18.0,11.0,18.5,16.0,19.0,1.0,15.5,10.0,15.0,10.0,13.0,1.0,12.5,21.0,12.0,17.0
2023-04-27 21:01:49.75,1682600509750000000,18.0,17.0,13.5,9271.0,185.0,28825.0,17.0,7.0,17.5,8.0,18.0,11.0,18.5,16.0,19.0,1.0,15.5,10.0,15.0,10.0,13.0,1.0,12.5,1.0,12.0,17.0
2023-04-27 21:01:50.0,1682600510000000000,18.0,17.0,13.5,9272.0,186.0,28995.0,17.0,6.0,17.5,8.0,18.0,11.0,18.5,16.0,19.0,1.0,15.5,10.0,15.0,10.0,13.0,1.0,12.5,1.0,12.0,17.0
2023-04-27 21:01:51.25,1682600511250000000,18.0,17.0,13.5,9278.0,192.0,30015.0,17.5,17.0,18.0,11.0,18.5,16.0,19.0,1.0,20.0,1.0,17.0,5.0,15.5,10.0,15.0,10.0,13.0,1.0,12.5,1.0
2023-04-27 21:01:51.5,1682600511500000000,18.0,17.0,13.5,9283.0,197.0,30865.0,17.5,17.0,18.0,11.0,18.5,16.0,19.0,1.0,20.0,1.0,15.5,10.0,15.0,10.0,13.0,1.0,12.5,1.0,12.0,17.0
2023-04-27 21:01:52.25,1682600512250000000,18.0,17.5,13.5,9283.0,198.0,31040.0,17.0,9.0,17.5,16.0,18.0,11.0,18.5,16.0,19.0,1.0,15.5,10.0,15.0,10.0,13.0,1.0,12.5,1.0,12.0,17.0
2023-04-27 21:01:53.25,1682600513250000000,18.0,17.0,13.5,9284.0,199.0,31210.0,17.0,8.0,17.5,16.0,18.0,11.0,18.5,16.0,19.0,1.0,15.5,10.0,15.0,10.0,13.0,1.0,12.5,1.0,12.0,17.0
2023-04-27 21:01:53.5,1682600513500000000,18.0,17.0,13.5,9284.0,199.0,31210.0,17.0,8.0,17.5,16.0,18.0,11.0,18.5,16.0,19.0,1.0,16.0,9.0,15.5,10.0,15.0,1.0,13.0,1.0,12.5,1.0
2023-04-27 21:01:53.75,1682600513750000000,18.0,17.0,13.5,9284.0,199.0,31210.0,17.5,16.0,18.0,11.0,18.5,16.0,19.0,1.0,20.0,1.0,16.0,9.0,15.5,10.0,15.0,1.0,13.0,1.0,12.5,1.0
2023-04-27 21:01:54.75,1682600514750000000,18.0,17.0,13.5,9284.0,199.0,31210.0,17.5,16.0,18.0,11.0,18.5,16.0,19.0,1.0,20.0,1.0,17.0,1.0,16.0,9.0,15.5,10.0,15.0,1.0,13.0,1.0
2023-04-27 21:01:55.75,1682600515750000000,18.0,17.5,13.5,9284.0,200.0,31385.0,17.5,15.0,18.0,11.0,18.5,16.0,19.0,1.0,20.0,1.0,17.0,1.0,16.0,9.0,15.5,10.0,15.0,1.0,13.0,1.0
2023-04-27 21:01:56.5,1682600516500000000,18.0,17.0,13.5,9284.0,201.0,31555.0,17.5,15.0,18.0,11.0,18.5,16.0,19.0,1.0,20.0,1.0,16.0,9.0,15.5,10.0,15.0,1.0,13.0,1.0,12.5,1.0
2023-04-27 21:01:56.75,1682600516750000000,18.0,17.5,13.5,9284.0,202.0,31730.0,17.5,14.0,18.0,11.0,18.5,16.0,19.0,1.0,20.0,1.0,16.0,9.0,15.5,10.0,15.0,1.0,13.0,1.0,12.5,21.0
2023-04-27 21:01:57.25,1682600517250000000,18.0,17.5,13.5,9284.0,202.0,31730.0,17.5,14.0,18.0,11.0,18.5,16.0,19.0,1.0,20.0,1.0,16.0,9.0,15.5,10.0,15.0,1.0,13.0,1.0,12.5,1.0
2023-04-27 21:02:01.0,1682600521000000000,18.0,17.5,13.5,9284.0,202.0,31730.0,17.0,4.0,17.5,14.0,18.0,11.0,18.5,16.0,19.0,1.0,16.0,9.0,15.5,10.0,15.0,1.0,13.0,1.0,12.5,1.0
2023-04-27 21:02:04.75,1682600524750000000,18.0,17.5,13.5,9284.0,202.0,31730.0,17.0,4.0,17.5,14.0,18.0,11.0,18.5,16.0,19.0,1.0,16.0,9.0,15.5,9.0,15.0,1.0,13.0,1.0,12.5,1.0
2023-04-27 21:02:05.0,1682600525000000000,18.0,17.5,13.5,9284.0,202.0,31730.0,17.0,13.0,17.5,14.0,18.0,11.0,18.5,16.0,19.0,1.0,16.0,9.0,15.5,9.0,15.0,1.0,13.0,1.0,12.5,1.0
2023-04-27 21:02:06.25,1682600526250000000,18.0,17.5,13.5,9284.0,202.0,31730.0,17.0,13.0,17.5,14.0,18.0,29.0,18.5,16.0,19.0,1.0,16.0,32.0,15.5,9.0,15.0,1.0,13.0,1.0,12.5,1.0
2023-04-27 21:02:06.5,1682600526500000000,18.0,17.5,13.5,9284.0,202.0,31730.0,17.0,13.0,17.5,14.0,18.0,11.0,18.5,16.0,19.0,1.0,16.0,14.0,15.5,9.0,15.0,1.0,13.0,1.0,12.5,1.0
2023-04-27 21:02:08.0,1682600528000000000,18.0,17.0,13.5,9284.0,203.0,31900.0,17.0,12.0,17.5,14.0,18.0,11.0,18.5,16.0,19.0,1.0,16.0,14.0,15.5,9.0,15.0,1.0,13.0,1.0,12.5,1.0
2023-04-27 21:02:09.25,1682600529250000000,18.0,17.0,13.5,9284.0,203.0,31900.0,17.0,3.0,17.5,14.0,18.0,11.0,18.5,16.0,19.0,1.0,16.0,14.0,15.5,9.0,15.0,1.0,13.0,1.0,12.5,1.0
2023-04-27 21:02:11.75,1682600531750000000,18.0,17.0,13.5,9284.0,203.0,31900.0,17.0,12.0,17.5,14.0,18.0,11.0,18.5,16.0,19.0,1.0,16.0,14.0,15.5,9.0,15.0,1.0,13.0,1.0,12.5,1.0
2023-04-27 21:02:15.75,1682600535750000000,18.0,17.0,13.5,9284.0,203.0,31900.0,17.0,12.0,17.5,14.0,18.0,11.0,18.5,16.0,19.0,1.0,16.0,14.0,15.5,9.0,15.0,1.0,14.0,1.0,13.0,1.0
2023-04-27 21:02:20.0,1682600540000000000,18.0,17.0,13.5,9284.0,203.0,31900.0,17.0,12.0,17.5,14.0,18.0,11.0,18.5,16.0,19.0,1.0,16.0,15.0,15.5,9.0,15.0,1.0,14.0,1.0,13.0,1.0
2023-04-27 21:02:25.0,1682600545000000000,18.0,17.0,13.5,9284.0,203.0,31900.0,17.0,12.0,17.5,14.0,18.0,29.0,18.5,16.0,19.0,1.0,16.0,15.0,15.5,27.0,15.0,1.0,14.0,1.0,13.0,1.0
2023-04-27 21:02:25.75,1682600545750000000,18.0,17.0,13.5,9284.0,203.0,31900.0,17.0,3.0,17.5,14.0,18.0,29.0,18.5,16.0,19.0,1.0,16.0,15.0,15.5,27.0,15.0,1.0,14.0,1.0,13.0,1.0
2023-04-27 21:02:27.0,1682600547000000000,18.0,17.0,13.5,9284.0,203.0,31900.0,17.0,3.0,17.5,14.0,18.0,11.0,18.5,34.0,19.0,1.0,16.0,15.0,15.5,27.0,15.0,1.0,14.0,1.0,13.0,1.0
2023-04-27 21:02:28.25,1682600548250000000,18.0,17.0,13.5,9284.0,203.0,31900.0,17.0,3.0,17.5,14.0,18.0,29.0,18.5,16.0,19.0,1.0,16.0,15.0,15.5,27.0,15.0,1.0,14.0,1.0,13.0,1.0
2023-04-27 21:02:28.75,1682600548750000000,18.0,17.0,13.5,9284.0,203.0,31900.0,17.0,3.0,17.5,14.0,18.0,29.0,18.5,16.0,19.0,1.0,16.0,15.0,15.5,27.0,15.0,1.0,14.0,1.0,13.5,10.0
2023-04-27 21:02:29.75,1682600549750000000,18.0,16.0,13.5,9275.0,218.0,34300.0,17.0,12.0,17.5,14.0,18.0,29.0,18.5,16.0,19.0,1.0,15.5,27.0,15.0,1.0,14.0,1.0,13.5,10.0,13.0,1.0
2023-04-27 21:02:30.0,1682600550000000000,18.0,16.0,13.5,9275.0,218.0,34300.0,17.0,12.0,17.5,32.0,18.0,11.0,18.5,16.0,19.0,1.0,15.5,9.0,15.0,19.0,14.0,1.0,13.5,10.0,13.0,1.0
2023-04-27 21:02:36.25,1682600556250000000,18.0,16.0,13.5,9275.0,218.0,34300.0,17.0,52.0,17.5,32.0,18.0,11.0,18.5,16.0,19.0,1.0,15.5,9.0,15.0,19.0,14.0,1.0,13.5,10.0,13.0,1.0
2023-04-27 21:02:37.5,1682600557500000000,18.0,16.0,13.5,9275.0,218.0,34300.0,17.0,52.0,17.5,32.0,18.0,11.0,18.5,16.0,19.0,1.0,16.0,2.0,15.5,9.0,15.0,19.0,14.0,1.0,13.5,10.0
2023-04-27 21:02:42.75,1682600562750000000,18.0,16.0,13.5,9275.0,218.0,34300.0,16.5,9.0,17.0,52.0,17.5,23.0,18.0,11.0,18.5,16.0,16.0,2.0,15.5,9.0,15.0,19.0,14.0,1.0,13.5,10.0
2023-04-27 21:02:43.25,1682600563250000000,18.0,16.0,13.5,9275.0,218.0,34300.0,16.5,9.0,17.0,52.0,17.5,23.0,18.0,11.0,18.5,16.0,16.0,2.0,15.5,9.0,15.0,18.0,14.0,1.0,13.5,10.0
2023-04-27 21:02:45.5,1682600565500000000,18.0,16.5,13.5,9275.0,219.0,34465.0,16.5,8.0,17.0,52.0,17.5,23.0,18.0,11.0,18.5,16.0,16.0,2.0,15.5,9.0,15.0,18.0,14.0,1.0,13.5,10.0
2023-04-27 21:02:47.75,1682600567750000000,18.0,16.5,13.5,9275.0,219.0,34465.0,17.0,52.0,17.5,23.0,18.0,11.0,18.5,16.0,19.0,1.0,16.0,2.0,15.5,9.0,15.0,18.0,14.0,1.0,13.5,10.0
2023-04-27 21:02:49.75,1682600569750000000,18.0,16.5,13.5,9275.0,219.0,34465.0,17.0,62.0,17.5,23.0,18.0,11.0,18.5,16.0,19.0,1.0,16.0,12.0,15.5,9.0,15.0,18.0,14.0,1.0,13.5,10.0
2023-04-27 21:02:50.0,1682600570000000000,18.0,16.5,13.5,9275.0,219.0,34465.0,17.0,62.0,17.5,23.0,18.0,11.0,18.5,16.0,19.0,1.0,16.0,30.0,15.5,9.0,14.0,1.0,13.5,10.0,13.0,1.0
2023-04-27 21:02:50.25,1682600570250000000,18.0,16.5,13.5,9275.0,219.0,34465.0,17.0,72.0,17.5,23.0,18.0,11.0,18.5,16.0,19.0,1.0,16.0,30.0,15.5,9.0,14.0,11.0,13.5,10.0,13.0,1.0
2023-04-27 21:02:51.5,1682600571500000000,18.0,16.5,13.5,9275.0,219.0,34465.0,17.0,72.0,17.5,23.0,18.0,11.0,18.5,16.0,19.0,1.0,16.0,31.0,15.5,9.0,14.0,11.0,13.5,10.0,13.0,1.0
2023-04-27 21:02:53.25,1682600573250000000,18.0,16.5,13.5,9275.0,219.0,34465.0,17.0,72.0,17.5,23.0,18.0,11.0,18.5,16.0,19.0,1.0,16.0,31.0,15.5,9.0,15.0,6.0,14.0,11.0,13.5,10.0
2023-04-27 21:02:54.0,1682600574000000000,18.0,16.5,13.5,9275.0,219.0,34465.0,16.5,20.0,17.0,72.0,17.5,23.0,18.0,11.0,18.5,16.0,16.0,31.0,15.5,9.0,15.0,6.0,14.0,11.0,13.5,10.0
2023-04-27 21:02:57.5,1682600577500000000,18.0,16.5,13.5,9275.0,239.0,37765.0,17.0,72.0,17.5,23.0,18.0,11.0,18.5,16.0,19.0,1.0,16.5,80.0,16.0,31.0,15.5,9.0,15.0,6.0,14.0,11.0
2023-04-27 21:02:58.25,1682600578250000000,18.0,16.5,13.5,9275.0,239.0,37765.0,17.0,72.0,17.5,23.0,18.0,11.0,18.5,16.0,19.0,11.0,16.5,80.0,16.0,31.0,15.5,19.0,15.0,6.0,14.0,11.0
2023-04-27 21:03:00.75,1682600580750000000,18.0,16.5,13.5,9275.0,239.0,37765.0,17.0,90.0,17.5,5.0,18.0,11.0,18.5,16.0,19.0,11.0,16.5,80.0,16.0,13.0,15.5,37.0,15.0,6.0,14.0,11.0
2023-04-27 21:03:01.0,1682600581000000000,18.0,16.5,13.5,9275.0,239.0,37765.0,17.0,90.0,17.5,5.0,18.0,11.0,18.5,16.0,19.0,11.0,16.5,80.0,16.0,22.0,15.5,37.0,15.0,6.0,14.0,11.0
2023-04-27 21:03:02.25,1682600582250000000,18.0,16.5,13.5,9275.0,239.0,37765.0,17.0,90.0,17.5,5.0,18.0,11.0,18.5,16.0,19.0,11.0,16.5,80.0,16.0,21.0,15.5,37.0,15.0,6.0,14.0,11.0
2023-04-27 21:03:03.75,1682600583750000000,18.0,16.5,13.5,9275.0,239.0,37765.0,17.0,80.0,17.5,5.0,18.0,11.0,18.5,16.0,19.0,11.0,16.5,80.0,16.0,11.0,15.5,37.0,15.0,6.0,14.0,11.0
2023-04-27 21:03:04.25,1682600584250000000,18.0,16.5,13.5,9275.0,239.0,37765.0,17.0,62.0,17.5,5.0,18.0,11.0,18.5,16.0,19.0,11.0,16.5,80.0,16.0,11.0,15.5,19.0,15.0,6.0,14.0,11.0
2023-04-27 21:03:04.75,1682600584750000000,18.0,16.5,13.5,9275.0,239.0,37765.0,17.0,62.0,17.5,23.0,18.0,11.0,18.5,16.0,19.0,11.0,16.5,80.0,16.0,11.0,15.5,37.0,15.0,6.0,14.0,11.0
2023-04-27 21:03:06.0,1682600586000000000,18.0,16.5,13.5,9275.0,239.0,37765.0,17.0,80.0,17.5,5.0,18.0,11.0,18.5,16.0,19.0,11.0,16.5,80.0,16.0,11.0,15.5,37.0,15.0,6.0,14.0,11.0
2023-04-27 21:03:06.5,1682600586500000000,18.0,16.5,13.5,9275.0,239.0,37765.0,17.0,71.0,17.5,5.0,18.0,20.0,18.5,16.0,19.0,11.0,16.5,80.0,16.0,11.0,15.5,37.0,15.0,6.0,14.0,11.0
2023-04-27 21:03:06.75,1682600586750000000,18.0,17.0,13.5,9274.0,240.0,37935.0,17.0,70.0,17.5,5.0,18.0,20.0,18.5,16.0,19.0,11.0,16.5,80.0,16.0,11.0,15.5,37.0,15.0,6.0,14.0,11.0
2023-04-27 21:03:07.5,1682600587500000000,18.0,17.0,13.5,9273.0,241.0,38105.0,17.0,69.0,17.5,5.0,18.0,20.0,18.5,16.0,19.0,11.0,16.5,80.0,16.0,11.0,15.5,37.0,15.0,6.0,14.0,11.0
2023-04-27 21:03:08.0,1682600588000000000,18.0,17.0,13.5,9272.0,242.0,38275.0,17.0,50.0,17.5,23.0,18.0,20.0,18.5,16.0,19.0,11.0,16.5,80.0,16.0,11.0,15.5,37.0,15.0,6.0,14.0,11.0
2023-04-27 21:03:08.25,1682600588250000000,18.0,17.0,13.5,9272.0,242.0,38275.0,17.0,40.0,17.5,23.0,18.0,30.0,18.5,16.0,19.0,11.0,16.5,80.0,16.0,11.0,15.5,37.0,15.0,6.0,14.5,10.0
2023-04-27 21:03:08.75,1682600588750000000,18.0,17.0,13.5,9272.0,242.0,38275.0,17.0,40.0,17.5,32.0,18.0,30.0,18.5,16.0,19.0,11.0,16.5,82.0,16.0,11.0,15.5,37.0,15.0,6.0,14.5,10.0
2023-04-27 21:03:12.0,1682600592000000000,18.0,17.0,13.5,9272.0,243.0,38445.0,17.0,39.0,17.5,32.0,18.0,30.0,18.5,16.0,19.0,11.0,16.5,82.0,16.0,11.0,15.5,37.0,15.0,6.0,14.5,10.0
2023-04-27 21:03:12.25,1682600592250000000,18.0,17.0,13.5,9272.0,244.0,38615.0,17.0,38.0,17.5,32.0,18.0,30.0,18.5,16.0,19.0,11.0,16.5,82.0,16.0,11.0,15.5,37.0,15.0,6.0,14.5,10.0
2023-04-27 21:03:13.5,1682600593500000000,18.0,17.0,13.5,9272.0,244.0,38615.0,17.0,38.0,17.5,32.0,18.0,30.0,18.5,16.0,19.0,11.0,16.5,82.0,16.0,29.0,15.5,19.0,15.0,6.0,14.5,10.0
2023-04-27 21:03:13.75,1682600593750000000,18.0,17.0,13.5,9272.0,244.0,38615.0,17.0,38.0,17.5,32.0,18.0,30.0,18.5,16.0,19.0,11.0,16.5,91.0,16.0,29.0,15.5,10.0,15.0,6.0,14.5,10.0
2023-04-27 21:03:15.5,1682600595500000000,18.0,17.0,13.5,9272.0,244.0,38615.0,17.0,38.0,17.5,23.0,18.0,30.0,18.5,16.0,19.0,11.0,16.5,91.0,16.0,29.0,15.5,10.0,15.0,6.0,14.5,10.0
2023-04-27 21:03:16.25,1682600596250000000,18.0,17.0,13.5,9272.0,244.0,38615.0,17.0,38.0,17.5,23.0,18.0,30.0,18.5,16.0,19.0,11.0,16.5,91.0,16.0,29.0,15.5,10.0,15.0,36.0,14.5,10.0
2023-04-27 21:03:18.75,1682600598750000000,18.0,17.0,13.5,9272.0,244.0,38615.0,17.0,38.0,17.5,23.0,18.0,30.0,18.5,16.0,19.0,11.0,16.5,91.0,16.0,39.0,15.5,10.0,15.0,36.0,14.5,10.0
2023-04-27 21:03:19.0,1682600599000000000,18.0,17.0,13.5,9272.0,282.0,45075.0,17.5,23.0,18.0,30.0,18.5,16.0,19.0,11.0,20.0,1.0,17.0,48.0,16.5,91.0,16.0,39.0,15.5,10.0,15.0,36.0
2023-04-27 21:03:19.25,1682600599250000000,18.0,17.0,13.5,9272.0,282.0,45075.0,17.5,5.0,18.0,48.0,18.5,16.0,19.0,11.0,20.0,1.0,17.0,48.0,16.5,109.0,16.0,21.0,15.5,10.0,15.0,36.0
2023-04-27 21:03:31.25,1682600611250000000,18.0,17.0,13.5,9272.0,282.0,45075.0,17.5,5.0,18.0,48.0,18.5,16.0,19.0,11.0,20.0,1.0,17.0,48.0,16.5,109.0,16.0,19.0,15.5,10.0,15.0,36.0
2023-04-27 21:03:31.5,1682600611500000000,18.0,17.0,13.5,9272.0,282.0,45075.0,17.5,5.0,18.0,48.0,18.5,16.0,19.0,11.0,20.0,1.0,17.0,49.0,16.5,109.0,16.0,19.0,15.5,10.0,15.0,36.0
2023-04-27 21:03:33.0,1682600613000000000,18.0,17.0,13.5,9272.0,292.0,46775.0,17.5,5.0,18.0,48.0,18.5,16.0,19.0,11.0,20.0,1.0,17.0,39.0,16.5,109.0,16.0,19.0,15.5,10.0,15.0,36.0
2023-04-27 21:03:40.75,1682600620750000000,18.0,17.0,13.5,9272.0,292.0,46775.0,17.5,5.0,18.0,68.0,18.5,16.0,19.0,11.0,20.0,1.0,17.0,39.0,16.5,109.0,16.0,19.0,15.5,10.0,15.0,36.0
2023-04-27 21:03:41.0,1682600621000000000,18.0,17.0,13.5,9271.0,331.0,53405.0,17.0,13.0,17.5,5.0,18.0,68.0,18.5,16.0,19.0,11.0,16.5,109.0,16.0,19.0,15.5,10.0,15.0,36.0,14.5,10.0
2023-04-27 21:03:41.25,1682600621250000000,18.0,17.0,13.5,9271.0,331.0,53405.0,17.0,14.0,17.5,5.0,18.0,68.0,18.5,16.0,19.0,11.0,16.5,110.0,16.0,19.0,15.5,10.0,15.0,36.0,14.5,10.0
2023-04-27 21:03:42.5,1682600622500000000,18.0,17.0,13.5,9271.0,331.0,53405.0,17.0,14.0,17.5,23.0,18.0,50.0,18.5,16.0,19.0,11.0,16.5,92.0,16.0,37.0,15.5,10.0,15.0,36.0,14.5,10.0
2023-04-27 21:03:44.0,1682600624000000000,18.0,17.0,13.5,9258.0,345.0,55785.0,17.5,23.0,18.0,41.0,19.0,11.0,20.0,1.0,22.0,16.0,16.5,91.0,16.0,37.0,15.5,10.0,15.0,36.0,14.5,10.0
2023-04-27 21:03:44.25,1682600624250000000,18.0,17.0,13.5,9258.0,345.0,55785.0,17.5,5.0,18.0,68.0,18.5,9.0,19.0,11.0,20.0,1.0,16.5,109.0,16.0,19.0,15.5,10.0,15.0,36.0,14.5,10.0
2023-04-27 21:03:45.25,1682600625250000000,18.0,17.0,13.5,9258.0,345.0,55785.0,17.5,5.0,18.0,68.0,18.5,9.0,19.0,11.0,20.0,1.0,16.5,109.0,16.0,20.0,15.5,10.0,15.0,36.0,14.5,10.0
2023-04-27 21:03:47.5,1682600627500000000,18.0,17.0,13.5,9258.0,345.0,55785.0,17.5,14.0,18.0,50.0,19.0,11.0,20.0,1.0,22.0,16.0,16.5,91.0,16.0,20.0,15.5,10.0,15.0,36.0,14.5,10.0
2023-04-27 21:04:00.0,1682600640000000000,18.0,17.0,13.5,9258.0,345.0,55785.0,17.5,14.0,18.0,50.0,18.5,18.0,19.0,11.0,20.0,1.0,16.5,91.0,16.0,38.0,15.5,10.0,15.0,36.0,14.5,10.0
2023-04-27 21:04:02.5,1682600642500000000,18.0,17.0,13.5,9258.0,345.0,55785.0,17.5,14.0,18.0,58.0,18.5,10.0,19.0,11.0,20.0,1.0,16.5,109.0,16.0,20.0,15.5,20.0,15.0,36.0,14.0,1.0
2023-04-27 21:04:02.75,1682600642750000000,18.0,17.0,13.5,9258.0,345.0,55785.0,17.5,5.0,18.0,40.0,18.5,10.0,19.0,11.0,20.0,1.0,16.5,91.0,16.0,20.0,15.5,20.0,15.0,36.0,14.0,1.0
2023-04-27 21:04:07.0,1682600647000000000,18.0,17.0,13.5,9258.0,345.0,55785.0,17.5,9.0,18.0,40.0,18.5,10.0,19.0,11.0,20.0,1.0,16.5,91.0,16.0,20.0,15.5,20.0,15.0,36.0,14.0,1.0
2023-04-27 21:04:07.25,1682600647250000000,18.0,17.0,13.5,9258.0,345.0,55785.0,17.5,9.0,18.0,50.0,19.0,11.0,20.0,1.0,22.0,16.0,16.5,91.0,16.0,20.0,15.5,10.0,15.0,36.0,14.5,10.0
2023-04-27 21:04:09.0,1682600649000000000,18.0,17.0,13.5,9258.0,345.0,55785.0,17.5,9.0,18.0,50.0,19.0,11.0,20.0,1.0,22.0,16.0,16.5,91.0,16.0,20.0,15.5,20.0,15.0,36.0,14.0,1.0
2023-04-27 21:04:09.75,1682600649750000000,18.0,17.0,13.5,9258.0,345.0,55785.0,17.0,3.0,17.5,9.0,18.0,50.0,19.0,11.0,20.0,1.0,16.5,91.0,16.0,20.0,15.5,20.0,15.0,36.0,14.0,1.0
2023-04-27 21:04:12.5,1682600652500000000,18.0,17.0,13.5,9258.0,345.0,55785.0,17.0,3.0,17.5,9.0,18.0,50.0,18.5,18.0,19.0,11.0,16.5,91.0,16.0,38.0,15.5,20.0,15.0,36.0,14.0,1.0
2023-04-27 21:04:13.5,1682600653500000000,18.0,17.0,13.5,9258.0,345.0,55785.0,17.0,3.0,17.5,9.0,18.0,50.0,19.0,11.0,20.0,1.0,16.5,91.0,16.0,20.0,15.5,20.0,15.0,36.0,14.0,1.0
2023-04-27 21:04:13.75,1682600653750000000,18.0,17.0,13.5,9258.0,348.0,56295.0,17.5,9.0,18.0,68.0,19.0,11.0,20.0,1.0,22.0,16.0,17.0,47.0,16.5,109.0,16.0,20.0,15.5,20.0,15.0,36.0
2023-04-27 21:04:18.25,1682600658250000000,18.0,17.0,13.5,9258.0,348.0,56295.0,17.5,9.0,18.0,68.0,19.0,11.0,20.0,1.0,22.0,16.0,17.0,65.0,16.5,91.0,16.0,30.0,15.5,10.0,15.0,36.0
2023-04-27 21:04:18.5,1682600658500000000,18.0,17.0,13.5,9258.0,348.0,56295.0,17.5,9.0,18.0,68.0,19.0,11.0,20.0,1.0,22.0,16.0,17.0,65.0,16.5,91.0,16.0,20.0,15.5,20.0,15.0,36.0
2023-04-27 21:04:19.5,1682600659500000000,18.0,17.0,13.5,9258.0,348.0,56295.0,17.5,9.0,18.0,68.0,19.0,11.0,20.0,1.0,22.0,16.0,17.0,65.0,16.5,91.0,16.0,30.0,15.5,10.0,15.0,36.0
2023-04-27 21:04:20.0,1682600660000000000,18.0,17.0,13.5,9258.0,348.0,56295.0,17.5,9.0,18.0,68.0,19.0,11.0,20.0,1.0,22.0,16.0,17.0,65.0,16.5,91.0,16.0,20.0,15.5,20.0,15.0,36.0
2023-04-27 21:04:23.5,1682600663500000000,18.0,17.0,13.5,9258.0,348.0,56295.0,17.5,18.0,18.0,50.0,19.0,11.0,20.0,1.0,22.0,16.0,17.0,47.0,16.5,91.0,16.0,20.0,15.5,20.0,15.0,36.0
2023-04-27 21:04:25.0,1682600665000000000,18.0,17.0,13.5,9258.0,348.0,56295.0,17.5,28.0,18.0,40.0,19.0,11.0,20.0,1.0,22.0,16.0,17.0,47.0,16.5,91.0,16.0,20.0,15.5,20.0,15.0,36.0
2023-04-27 21:04:25.5,1682600665500000000,18.0,17.0,13.5,9258.0,348.0,56295.0,17.5,28.0,18.0,58.0,19.0,11.0,20.0,1.0,22.0,16.0,17.0,47.0,16.5,109.0,16.0,20.0,15.5,20.0,15.0,36.0
2023-04-27 21:04:25.75,1682600665750000000,18.0,17.0,13.5,9258.0,348.0,56295.0,17.5,18.0,18.0,68.0,19.0,11.0,20.0,1.0,22.0,16.0,17.0,47.0,16.5,109.0,16.0,20.0,15.5,20.0,15.0,36.0
2023-04-27 21:04:26.25,1682600666250000000,18.0,17.0,13.5,9258.0,348.0,56295.0,17.5,18.0,18.0,58.0,18.5,10.0,19.0,11.0,20.0,1.0,17.0,47.0,16.5,109.0,16.0,30.0,15.5,10.0,15.0,36.0
2023-04-27 21:04:27.25,1682600667250000000,18.0,17.0,13.5,9258.0,348.0,56295.0,17.5,18.0,18.0,58.0,18.5,10.0,19.0,11.0,20.0,1.0,17.0,65.0,16.5,91.0,16.0,30.0,15.5,10.0,15.0,36.0
2023-04-27 21:04:28.0,1682600668000000000,18.0,17.0,13.5,9258.0,348.0,56295.0,17.5,18.0,18.0,68.0,19.0,11.0,20.0,1.0,22.0,16.0,17.0,65.0,16.5,89.0,16.0,30.0,15.5,10.0,15.0,36.0
2023-04-27 21:04:28.5,1682600668500000000,18.0,17.0,13.5,9258.0,348.0,56295.0,17.5,18.0,18.0,68.0,19.0,11.0,20.0,1.0,22.0,16.0,17.0,47.0,16.5,107.0,16.0,32.0,15.5,10.0,15.0,36.0
2023-04-27 21:04:29.25,1682600669250000000,18.0,17.0,13.5,9258.0,348.0,56295.0,17.5,18.0,18.0,68.0,19.0,11.0,20.0,1.0,22.0,16.0,17.0,47.0,16.5,107.0,16.0,22.0,15.5,20.0,15.0,36.0
2023-04-27 21:04:32.25,1682600672250000000,18.0,17.0,13.5,9258.0,348.0,56295.0,17.5,18.0,18.0,58.0,18.5,10.0,19.0,11.0,20.0,1.0,17.0,47.0,16.5,107.0,16.0,32.0,15.5,10.0,15.0,36.0
2023-04-27 21:04:35.25,1682600675250000000,18.0,17.0,13.5,9258.0,348.0,56295.0,17.5,18.0,18.0,58.0,18.5,10.0,19.0,11.0,20.0,1.0,17.0,65.0,16.5,89.0,16.0,32.0,15.5,10.0,15.0,36.0
2023-04-27 21:04:38.25,1682600678250000000,18.0,17.0,13.5,9258.0,348.0,56295.0,17.5,18.0,18.0,68.0,19.0,11.0,20.0,1.0,22.0,16.0,17.0,47.0,16.5,107.0,16.0,22.0,15.5,20.0,15.0,36.0
2023-04-27 21:04:38.5,1682600678500000000,18.0,17.0,13.5,9258.0,348.0,56295.0,17.5,9.0,18.0,68.0,19.0,11.0,20.0,1.0,22.0,16.0,17.0,65.0,16.5,89.0,16.0,32.0,15.5,10.0,15.0,36.0
2023-04-27 21:04:38.75,1682600678750000000,18.0,17.0,13.5,9258.0,348.0,56295.0,17.5,9.0,18.0,50.0,18.5,18.0,19.0,11.0,20.0,1.0,17.0,65.0,16.5,89.0,16.0,32.0,15.5,10.0,15.0,36.0
2023-04-27 21:04:39.5,1682600679500000000,18.0,17.0,13.5,9258.0,348.0,56295.0,17.5,9.0,18.0,50.0,18.5,18.0,19.0,11.0,20.0,1.0,17.0,65.0,16.5,89.0,16.0,22.0,15.5,20.0,15.0,36.0
2023-04-27 21:04:40.75,1682600680750000000,18.0,17.0,13.5,9258.0,348.0,56295.0,17.5,9.0,18.0,50.0,18.5,18.0,19.0,11.0,20.0,1.0,17.0,65.0,16.5,89.0,16.0,32.0,15.5,10.0,15.0,36.0
2023-04-27 21:04:41.75,1682600681750000000,18.0,17.0,13.5,9258.0,348.0,56295.0,17.5,9.0,18.0,40.0,18.5,28.0,19.0,11.0,20.0,1.0,17.0,65.0,16.5,89.0,16.0,32.0,15.5,10.0,15.0,36.0
2023-04-27 21:04:42.75,1682600682750000000,18.0,17.0,13.5,9258.0,348.0,56295.0,17.5,9.0,18.0,50.0,18.5,18.0,19.0,11.0,20.0,1.0,17.0,65.0,16.5,89.0,16.0,32.0,15.5,10.0,15.0,36.0
2023-04-27 21:04:43.75,1682600683750000000,18.0,17.0,13.5,9258.0,348.0,56295.0,17.5,9.0,18.0,40.0,18.5,28.0,19.0,11.0,20.0,1.0,17.0,65.0,16.5,89.0,16.0,32.0,15.5,10.0,15.0,36.0
2023-04-27 21:04:44.25,1682600684250000000,18.0,17.0,13.5,9258.0,348.0,56295.0,17.5,9.0,18.0,50.0,18.5,18.0,19.0,11.0,20.0,1.0,17.0,65.0,16.5,89.0,16.0,32.0,15.5,10.0,15.0,36.0
2023-04-27 21:04:45.25,1682600685250000000,18.0,17.0,13.5,9258.0,348.0,56295.0,17.5,9.0,18.0,40.0,18.5,28.0,19.0,11.0,20.0,1.0,17.0,65.0,16.5,89.0,16.0,32.0,15.5,10.0,15.0,36.0
2023-04-27 21:04:47.25,1682600687250000000,18.0,17.5,13.5,9257.0,349.0,56470.0,17.5,8.0,18.0,40.0,18.5,28.0,19.0,11.0,20.0,1.0,17.0,65.0,16.5,89.0,16.0,22.0,15.5,20.0,15.0,36.0
2023-04-27 21:04:47.5,1682600687500000000,18.0,17.5,13.5,9257.0,349.0,56470.0,17.5,8.0,18.0,40.0,18.5,10.0,19.0,29.0,20.0,1.0,17.0,65.0,16.5,89.0,16.0,22.0,15.5,20.0,15.0,36.0
2023-04-27 21:04:47.75,1682600687750000000,18.0,17.5,13.5,9257.0,349.0,56470.0,17.5,8.0,18.0,40.0,18.5,28.0,19.0,11.0,20.0,1.0,17.0,65.0,16.5,89.0,16.0,22.0,15.5,20.0,15.0,36.0
2023-04-27 21:04:53.75,1682600693750000000,18.0,17.5,13.5,9257.0,357.0,57870.0,18.0,40.0,18.5,28.0,19.0,11.0,20.0,1.0,22.0,16.0,17.5,33.0,17.0,65.0,16.5,89.0,16.0,22.0,15.5,20.0
2023-04-27 21:04:54.0,1682600694000000000,18.0,17.5,13.5,9257.0,357.0,57870.0,18.0,40.0,18.5,28.0,19.0,11.0,20.0,1.0,22.0,16.0,17.5,52.0,17.0,47.0,16.5,89.0,16.0,21.0,15.5,20.0
2023-04-27 21:04:56.75,1682600696750000000,18.0,17.5,13.5,9257.0,357.0,57870.0,18.0,40.0,18.5,10.0,19.0,29.0,20.0,1.0,22.0,16.0,17.5,52.0,17.0,47.0,16.5,89.0,16.0,21.0,15.5,20.0
2023-04-27 21:04:57.0,1682600697000000000,18.0,17.5,13.5,9257.0,357.0,57870.0,18.0,40.0,18.5,28.0,19.0,11.0,20.0,1.0,22.0,16.0,17.5,52.0,17.0,47.0,16.5,89.0,16.0,21.0,15.5,20.0
2023-04-27 21:04:58.0,1682600698000000000,18.0,17.5,13.5,9257.0,357.0,57870.0,18.0,40.0,18.5,10.0,19.0,29.0,20.0,1.0,22.0,16.0,17.5,52.0,17.0,47.0,16.5,89.0,16.0,21.0,15.5,20.0
2023-04-27 21:04:58.25,1682600698250000000,18.0,17.5,13.5,9257.0,357.0,57870.0,18.0,40.0,18.5,28.0,19.0,11.0,20.0,1.0,22.0,16.0,17.5,52.0,17.0,47.0,16.5,89.0,16.0,21.0,15.5,20.0
2023-04-27 21:04:58.5,1682600698500000000,18.0,17.5,13.5,9257.0,357.0,57870.0,18.0,40.0,18.5,10.0,19.0,29.0,20.0,1.0,22.0,16.0,17.5,52.0,17.0,47.0,16.5,89.0,16.0,21.0,15.5,20.0
2023-04-27 21:05:00.5,1682600700500000000,18.0,17.5,13.5,9257.0,357.0,57870.0,18.0,50.0,18.5,10.0,19.0,29.0,20.0,1.0,22.0,16.0,17.5,52.0,17.0,57.0,16.5,89.0,16.0,21.0,15.5,20.0
2023-04-27 21:05:01.0,1682600701000000000,18.0,17.5,13.5,9257.0,357.0,57870.0,18.0,50.0,18.5,28.0,19.0,11.0,20.0,1.0,22.0,16.0,17.5,52.0,17.0,57.0,16.5,89.0,16.0,21.0,15.5,20.0
2023-04-27 21:05:01.25,1682600701250000000,18.0,17.5,13.5,9257.0,357.0,57870.0,18.0,50.0,18.5,10.0,19.0,29.0,20.0,1.0,22.0,16.0,17.5,52.0,17.0,57.0,16.5,89.0,16.0,21.0,15.5,20.0
2023-04-27 21:05:01.75,1682600701750000000,18.0,17.5,13.5,9257.0,357.0,57870.0,18.0,50.0,18.5,28.0,19.0,11.0,20.0,1.0,22.0,16.0,17.5,52.0,17.0,57.0,16.5,89.0,16.0,21.0,15.5,20.0
2023-04-27 21:05:03.25,1682600703250000000,18.0,17.5,13.5,9257.0,357.0,57870.0,18.0,50.0,18.5,28.0,19.0,11.0,20.0,1.0,22.0,16.0,17.5,52.0,17.0,10.0,16.5,89.0,16.0,21.0,15.5,20.0
2023-04-27 21:05:08.5,1682600708500000000,18.0,17.5,13.5,9257.0,363.0,58920.0,18.0,50.0,18.5,28.0,19.0,11.0,20.0,1.0,22.0,16.0,17.5,28.0,17.0,28.0,16.5,89.0,16.0,21.0,15.5,20.0
2023-04-27 21:05:08.75,1682600708750000000,18.0,17.5,13.5,9257.0,369.0,59970.0,18.0,50.0,18.5,28.0,19.0,11.0,20.0,1.0,21.5,20.0,17.5,22.0,17.0,28.0,16.5,89.0,16.0,21.0,15.5,20.0
2023-04-27 21:05:09.0,1682600709000000000,18.0,17.5,13.5,9257.0,375.0,61020.0,18.0,50.0,18.5,28.0,19.0,11.0,20.0,1.0,21.5,20.0,17.5,16.0,17.0,28.0,16.5,89.0,16.0,21.0,15.5,20.0
2023-04-27 21:05:09.25,1682600709250000000,18.0,17.5,13.5,9257.0,381.0,62070.0,18.0,50.0,18.5,28.0,19.0,11.0,20.0,1.0,21.5,20.0,17.5,10.0,17.0,28.0,16.5,89.0,16.0,21.0,15.5,20.0
2023-04-27 21:05:09.5,1682600709500000000,18.0,17.5,13.5,9257.0,387.0,63120.0,18.0,50.0,18.5,28.0,19.0,11.0,20.0,1.0,21.5,20.0,17.5,4.0,17.0,28.0,16.5,89.0,16.0,21.0,15.5,20.0
2023-04-27 21:05:09.75,1682600709750000000,18.0,17.5,13.5,9256.0,391.0,63820.0,18.0,50.0,18.5,28.0,19.0,11.0,20.0,1.0,21.5,20.0,17.0,28.0,16.5,89.0,16.0,21.0,15.5,20.0,15.0,41.0
2023-04-27 21:05:10.0,1682600710000000000,18.0,17.5,13.5,9256.0,391.0,63820.0,17.5,10.0,18.0,40.0,18.5,28.0,19.0,11.0,20.0,1.0,17.0,18.0,16.5,99.0,16.0,21.0,15.5,20.0,15.0,41.0
2023-04-27 21:05:10.25,1682600710250000000,18.0,17.5,13.5,9256.0,391.0,63820.0,17.5,10.0,18.0,58.0,18.5,10.0,19.0,11.0,20.0,1.0,16.5,117.0,16.0,21.0,15.5,20.0,15.0,41.0,14.0,1.0
2023-04-27 21:05:10.75,1682600710750000000,18.0,17.5,13.5,9256.0,391.0,63820.0,17.5,11.0,18.0,58.0,18.5,10.0,19.0,11.0,20.0,1.0,16.5,118.0,16.0,21.0,15.5,20.0,15.0,41.0,14.0,1.0
2023-04-27 21:05:11.0,1682600711000000000,18.0,17.5,13.5,9256.0,391.0,63820.0,17.5,20.0,18.0,58.0,18.5,10.0,19.0,11.0,20.0,1.0,16.5,118.0,16.0,21.0,15.5,20.0,15.0,41.0,14.0,1.0
2023-04-27 21:05:13.25,1682600713250000000,18.0,17.5,13.5,9256.0,391.0,63820.0,17.5,12.0,18.0,68.0,18.5,10.0,19.0,11.0,20.0,1.0,17.0,10.0,16.5,108.0,16.0,21.0,15.5,20.0,15.0,41.0
2023-04-27 21:05:13.5,1682600713500000000,18.0,17.5,13.5,9256.0,391.0,63820.0,17.5,12.0,18.0,68.0,18.5,10.0,19.0,11.0,20.0,1.0,17.0,28.0,16.5,90.0,16.0,21.0,15.5,20.0,15.0,41.0
2023-04-27 21:05:13.75,1682600713750000000,18.0,17.0,13.5,9256.0,397.0,64840.0,17.5,12.0,18.0,68.0,18.5,10.0,19.0,11.0,20.0,1.0,17.0,22.0,16.5,90.0,16.0,21.0,15.5,20.0,15.0,41.0
2023-04-27 21:05:14.0,1682600714000000000,18.0,17.0,13.5,9256.0,397.0,64840.0,17.5,12.0,18.0,68.0,18.5,10.0,19.0,11.0,20.0,1.0,17.0,10.0,16.5,108.0,16.0,21.0,15.5,20.0,15.0,41.0
2023-04-27 21:05:14.25,1682600714250000000,18.0,17.0,13.5,9256.0,397.0,64840.0,17.5,20.0,18.0,68.0,19.0,11.0,20.0,1.0,21.5,20.0,17.0,29.0,16.5,89.0,16.0,21.0,15.5,20.0,15.0,41.0
2023-04-27 21:05:17.25,1682600717250000000,18.0,17.0,13.5,9256.0,397.0,64840.0,17.5,30.0,18.0,58.0,19.0,11.0,20.0,1.0,21.5,20.0,17.0,19.0,16.5,99.0,16.0,21.0,15.5,10.0,15.0,51.0
2023-04-27 21:05:17.5,1682600717500000000,18.0,17.0,13.5,9256.0,397.0,64840.0,17.5,30.0,18.0,58.0,19.0,11.0,20.0,1.0,21.5,20.0,17.0,1.0,16.5,117.0,16.0,21.0,15.5,10.0,15.0,51.0
2023-04-27 21:05:17.75,1682600717750000000,18.0,17.0,13.5,9257.0,398.0,65010.0,17.5,47.0,18.0,40.0,19.0,11.0,20.0,1.0,21.5,20.0,16.5,117.0,16.0,21.0,15.5,10.0,15.0,51.0,14.0,1.0
2023-04-27 21:05:18.25,1682600718250000000,18.0,17.5,13.5,9262.0,403.0,65885.0,17.5,42.0,18.0,40.0,19.0,11.0,20.0,1.0,21.5,20.0,16.5,117.0,16.0,21.0,15.5,10.0,15.0,51.0,14.0,1.0
2023-04-27 21:05:18.5,1682600718500000000,18.0,17.5,13.5,9262.0,403.0,65885.0,17.5,43.0,18.0,40.0,19.0,11.0,20.0,1.0,21.5,20.0,16.5,118.0,16.0,21.0,15.5,10.0,15.0,51.0,14.0,1.0
2023-04-27 21:05:19.5,1682600719500000000,18.0,17.5,13.5,9262.0,403.0,65885.0,17.5,24.0,18.0,58.0,19.0,11.0,20.0,1.0,21.5,20.0,16.5,117.0,16.0,21.0,15.5,10.0,15.0,51.0,14.0,1.0
2023-04-27 21:05:20.25,1682600720250000000,18.0,17.5,13.5,9262.0,403.0,65885.0,17.5,14.0,18.0,68.0,19.0,11.0,20.0,1.0,21.5,20.0,17.0,10.0,16.5,107.0,16.0,21.0,15.5,20.0,15.0,41.0
2023-04-27 21:05:20.5,1682600720500000000,18.0,17.5,13.5,9262.0,403.0,65885.0,17.5,14.0,18.0,68.0,19.0,11.0,20.0,1.0,21.5,20.0,17.0,28.0,16.5,89.0,16.0,21.0,15.5,20.0,15.0,41.0
2023-04-27 21:05:20.75,1682600720750000000,18.0,17.5,13.5,9262.0,403.0,65885.0,17.5,14.0,18.0,50.0,18.5,18.0,19.0,11.0,20.0,1.0,17.0,28.0,16.5,89.0,16.0,21.0,15.5,10.0,15.0,51.0
2023-04-27 21:05:21.0,1682600721000000000,18.0,17.5,13.5,9262.0,403.0,65885.0,17.5,14.0,18.0,50.0,18.5,18.0,19.0,11.0,20.0,1.0,17.0,28.0,16.5,89.0,16.0,21.0,15.5,20.0,15.0,41.0
2023-04-27 21:05:21.25,1682600721250000000,18.0,17.5,13.5,9262.0,403.0,65885.0,17.5,14.0,18.0,50.0,18.5,18.0,19.0,11.0,20.0,1.0,17.0,28.0,16.5,89.0,16.0,21.0,15.5,10.0,15.0,51.0
2023-04-27 21:05:21.5,1682600721500000000,18.0,17.5,13.5,9262.0,403.0,65885.0,17.5,14.0,18.0,68.0,19.0,11.0,20.0,1.0,21.5,20.0,17.0,28.0,16.5,89.0,16.0,21.0,15.5,20.0,15.0,41.0
2023-04-27 21:05:21.75,1682600721750000000,18.0,17.5,13.5,9262.0,403.0,65885.0,17.5,14.0,18.0,68.0,19.0,11.0,20.0,1.0,21.5,20.0,17.0,28.0,16.5,89.0,16.0,21.0,15.5,10.0,15.0,51.0
2023-04-27 21:05:22.0,1682600722000000000,18.0,17.5,13.5,9262.0,403.0,65885.0,17.5,14.0,18.0,68.0,19.0,11.0,20.0,1.0,21.5,20.0,17.0,28.0,16.5,89.0,16.0,21.0,15.5,20.0,15.0,41.0
2023-04-27 21:05:23.25,1682600723250000000,18.0,17.5,13.5,9262.0,403.0,65885.0,17.5,4.0,18.0,78.0,19.0,11.0,20.0,1.0,21.5,20.0,17.0,28.0,16.5,89.0,16.0,21.0,15.5,20.0,15.0,41.0
2023-04-27 21:05:24.5,1682600724500000000,18.0,17.5,13.5,9262.0,403.0,65885.0,17.5,7.0,18.0,78.0,19.0,11.0,20.0,1.0,22.0,16.0,17.0,28.0,16.5,89.0,16.0,21.0,15.5,20.0,15.0,41.0
2023-04-27 21:05:25.0,1682600725000000000,18.0,17.5,13.5,9262.0,403.0,65885.0,17.5,7.0,18.0,78.0,19.0,11.0,20.0,1.0,21.5,20.0,17.0,28.0,16.5,89.0,16.0,21.0,15.5,20.0,15.0,41.0
2023-04-27 21:05:26.25,1682600726250000000,18.0,17.5,13.5,9262.0,403.0,65885.0,17.5,17.0,18.0,68.0,19.0,11.0,20.0,1.0,21.5,20.0,17.0,28.0,16.5,89.0,16.0,21.0,15.5,10.0,15.0,51.0
2023-04-27 21:05:26.5,1682600726500000000,18.0,17.5,13.5,9262.0,403.0,65885.0,17.5,17.0,18.0,68.0,19.0,11.0,20.0,1.0,22.0,16.0,17.0,28.0,16.5,89.0,16.0,21.0,15.5,20.0,15.0,41.0
2023-04-27 21:05:27.5,1682600727500000000,18.0,17.5,13.5,9262.0,403.0,65885.0,17.5,17.0,18.0,68.0,19.0,11.0,20.0,1.0,22.0,36.0,17.0,28.0,16.5,89.0,16.0,21.0,15.5,20.0,15.0,41.0
2023-04-27 21:05:27.75,1682600727750000000,18.0,17.5,13.5,9262.0,403.0,65885.0,17.5,17.0,18.0,68.0,19.0,11.0,20.0,1.0,22.0,16.0,17.0,28.0,16.5,89.0,16.0,21.0,15.5,20.0,15.0,41.0
2023-04-27 21:05:28.0,1682600728000000000,18.0,17.5,13.5,9262.0,403.0,65885.0,17.5,17.0,18.0,68.0,19.0,11.0,20.0,1.0,22.0,36.0,17.0,28.0,16.5,89.0,16.0,21.0,15.5,20.0,15.0,41.0
2023-04-27 21:05:28.25,1682600728250000000,18.0,17.5,13.5,9262.0,403.0,65885.0,17.5,17.0,18.0,68.0,19.0,11.0,20.0,1.0,22.0,16.0,17.0,28.0,16.5,89.0,16.0,21.0,15.5,10.0,15.0,51.0
2023-04-27 21:05:28.5,1682600728500000000,18.0,17.5,13.5,9262.0,403.0,65885.0,17.5,17.0,18.0,68.0,19.0,11.0,20.0,1.0,22.0,36.0,17.0,28.0,16.5,89.0,16.0,21.0,15.5,10.0,15.0,51.0
2023-04-27 21:05:31.25,1682600731250000000,18.0,17.5,13.5,9262.0,403.0,65885.0,17.5,17.0,18.0,68.0,19.0,11.0,20.0,1.0,21.0,20.0,17.0,28.0,16.5,89.0,16.0,21.0,15.5,10.0,15.0,51.0
2023-04-27 21:05:31.5,1682600731500000000,18.0,17.5,13.5,9262.0,403.0,65885.0,17.5,35.0,18.0,50.0,19.0,11.0,20.0,1.0,21.0,20.0,17.0,10.0,16.5,98.0,16.0,21.0,15.5,10.0,15.0,51.0
2023-04-27 21:05:31.75,1682600731750000000,18.0,17.0,13.5,9272.0,413.0,67585.0,17.5,35.0,18.0,50.0,19.0,11.0,20.0,1.0,21.0,20.0,16.5,98.0,16.0,21.0,15.5,10.0,15.0,51.0,14.0,1.0
2023-04-27 21:05:32.0,1682600732000000000,18.0,17.0,13.5,9272.0,413.0,67585.0,17.5,45.0,18.0,40.0,19.0,11.0,20.0,1.0,21.0,20.0,16.5,108.0,16.0,21.0,15.5,10.0,15.0,51.0,14.0,1.0
2023-04-27 21:05:32.25,1682600732250000000,18.0,17.0,13.5,9272.0,413.0,67585.0,17.5,25.0,18.0,60.0,19.0,11.0,20.0,1.0,21.0,20.0,17.0,10.0,16.5,98.0,16.0,21.0,15.5,20.0,15.0,41.0
2023-04-27 21:05:32.5,1682600732500000000,18.0,17.0,13.5,9272.0,413.0,67585.0,17.5,7.0,18.0,78.0,19.0,11.0,20.0,1.0,21.0,20.0,17.0,10.0,16.5,98.0,16.0,21.0,15.5,20.0,15.0,41.0
2023-04-27 21:05:33.0,1682600733000000000,18.0,17.0,13.5,9272.0,413.0,67585.0,17.5,7.0,18.0,78.0,19.0,11.0,20.0,21.0,22.0,16.0,17.0,10.0,16.5,98.0,16.0,21.0,15.5,20.0,15.0,41.0
2023-04-27 21:05:33.25,1682600733250000000,18.0,17.0,13.5,9272.0,413.0,67585.0,17.5,7.0,18.0,78.0,19.0,11.0,20.0,21.0,22.0,16.0,17.0,28.0,16.5,80.0,16.0,21.0,15.5,20.0,15.0,41.0
2023-04-27 21:05:35.25,1682600735250000000,18.0,17.0,13.5,9272.0,413.0,67585.0,17.5,17.0,18.0,68.0,19.0,11.0,20.0,21.0,22.0,16.0,17.0,28.0,16.5,80.0,16.0,21.0,15.5,10.0,15.0,51.0
2023-04-27 21:05:35.75,1682600735750000000,18.0,17.0,13.5,9272.0,413.0,67585.0,17.5,17.0,18.0,67.0,19.0,11.0,20.0,21.0,22.0,16.0,17.0,28.0,16.5,80.0,16.0,21.0,15.5,10.0,15.0,51.0
2023-04-27 21:05:36.0,1682600736000000000,18.0,17.0,13.5,9272.0,413.0,67585.0,17.5,18.0,18.0,67.0,19.0,11.0,20.0,21.0,22.0,16.0,17.0,28.0,16.5,80.0,16.0,21.0,15.5,10.0,15.0,51.0
2023-04-27 21:05:37.0,1682600737000000000,18.0,17.0,13.5,9272.0,413.0,67585.0,17.5,18.0,18.0,67.0,19.0,11.0,20.0,1.0,22.0,16.0,17.0,10.0,16.5,98.0,16.0,21.0,15.5,10.0,15.0,51.0
2023-04-27 21:05:37.5,1682600737500000000,18.0,17.0,13.5,9272.0,413.0,67585.0,17.5,18.0,18.0,67.0,19.0,11.0,20.0,21.0,22.0,16.0,17.0,10.0,16.5,98.0,16.0,21.0,15.5,10.0,15.0,51.0
2023-04-27 21:05:38.0,1682600738000000000,18.0,17.0,13.5,9272.0,413.0,67585.0,17.5,28.0,18.0,57.0,19.0,11.0,20.0,21.0,22.0,16.0,16.5,108.0,16.0,21.0,15.5,10.0,15.0,51.0,14.0,1.0
2023-04-27 21:05:38.25,1682600738250000000,18.0,17.0,13.5,9272.0,413.0,67585.0,17.5,46.0,18.0,39.0,19.0,11.0,20.0,21.0,22.0,16.0,16.5,108.0,16.0,21.0,15.5,20.0,15.0,41.0,14.0,1.0
2023-04-27 21:05:38.5,1682600738500000000,18.0,17.0,13.5,9272.0,413.0,67585.0,17.5,46.0,18.0,39.0,19.0,11.0,20.0,21.0,22.0,16.0,16.5,108.0,16.0,21.0,15.5,10.0,15.0,51.0,14.0,1.0
2023-04-27 21:05:40.25,1682600740250000000,18.0,17.0,13.5,9272.0,413.0,67585.0,17.5,46.0,18.0,39.0,19.0,11.0,20.0,21.0,22.0,16.0,16.5,108.0,16.0,21.0,15.5,20.0,15.0,41.0,14.0,1.0
2023-04-27 21:05:41.5,1682600741500000000,18.0,17.0,13.5,9272.0,413.0,67585.0,17.5,18.0,18.0,67.0,19.0,11.0,20.0,21.0,22.0,16.0,16.5,108.0,16.0,21.0,15.5,20.0,15.0,41.0,14.0,1.0
2023-04-27 21:05:43.0,1682600743000000000,18.0,17.0,13.5,9272.0,413.0,67585.0,17.5,28.0,18.0,57.0,19.0,11.0,20.0,21.0,22.0,16.0,16.5,108.0,16.0,21.0,15.5,20.0,15.0,41.0,14.0,1.0
2023-04-27 21:05:43.25,1682600743250000000,18.0,17.0,13.5,9272.0,413.0,67585.0,17.5,18.0,18.0,67.0,19.0,11.0,20.0,21.0,22.0,16.0,16.5,108.0,16.0,21.0,15.5,20.0,15.0,41.0,14.0,1.0
2023-04-27 21:05:45.5,1682600745500000000,18.0,17.0,13.5,9272.0,413.0,67585.0,17.5,8.0,18.0,77.0,19.0,11.0,20.0,21.0,22.0,16.0,17.0,10.0,16.5,98.0,16.0,21.0,15.5,20.0,15.0,41.0
2023-04-27 21:05:45.75,1682600745750000000,18.0,17.0,13.5,9272.0,413.0,67585.0,17.5,8.0,18.0,77.0,19.0,11.0,20.0,21.0,22.0,16.0,17.0,28.0,16.5,80.0,16.0,21.0,15.5,20.0,15.0,41.0
2023-04-27 21:05:46.0,1682600746000000000,18.0,17.0,13.5,9272.0,413.0,67585.0,17.5,8.0,18.0,77.0,19.0,11.0,20.0,1.0,22.0,16.0,17.0,28.0,16.5,80.0,16.0,21.0,15.5,20.0,15.0,41.0
2023-04-27 21:05:46.25,1682600746250000000,18.0,17.0,13.5,9272.0,413.0,67585.0,17.5,18.0,18.0,67.0,19.0,11.0,20.0,1.0,22.0,16.0,17.0,18.0,16.5,90.0,16.0,21.0,15.5,20.0,15.0,41.0
2023-04-27 21:05:46.5,1682600746500000000,18.0,17.0,13.5,9272.0,413.0,67585.0,17.5,18.0,18.0,67.0,19.0,11.0,20.0,1.0,22.0,16.0,16.5,108.0,16.0,21.0,15.5,20.0,15.0,41.0,14.0,1.0
2023-04-27 21:05:47.0,1682600747000000000,18.0,17.0,13.5,9272.0,413.0,67585.0,17.5,36.0,18.0,49.0,19.0,11.0,20.0,1.0,22.0,16.0,16.5,108.0,16.0,21.0,15.5,20.0,15.0,41.0,14.0,1.0
2023-04-27 21:05:47.25,1682600747250000000,18.0,17.0,13.5,9272.0,413.0,67585.0,17.5,46.0,18.0,39.0,19.0,11.0,20.0,1.0,22.0,16.0,16.5,108.0,16.0,21.0,15.5,10.0,15.0,46.0,14.0,1.0
2023-04-27 21:05:48.0,1682600748000000000,18.0,17.0,13.5,9272.0,413.0,67585.0,17.5,46.0,18.0,39.0,19.0,11.0,20.0,1.0,22.0,16.0,16.5,108.0,16.0,21.0,15.5,10.0,15.0,16.0,14.0,1.0
2023-04-27 21:05:48.5,1682600748500000000,18.0,17.0,13.5,9272.0,413.0,67585.0,17.5,46.0,18.0,39.0,19.0,11.0,20.0,1.0,22.0,16.0,16.5,108.0,16.0,21.0,15.5,20.0,15.0,6.0,14.0,1.0
2023-04-27 21:05:48.75,1682600748750000000,18.0,17.0,13.5,9272.0,413.0,67585.0,17.5,46.0,18.0,39.0,19.0,11.0,19.5,20.0,20.0,1.0,16.5,108.0,16.0,21.0,15.5,10.0,15.0,16.0,14.0,1.0
2023-04-27 21:05:50.25,1682600750250000000,18.0,17.0,13.5,9272.0,413.0,67585.0,17.5,36.0,18.0,49.0,19.0,11.0,19.5,20.0,20.0,1.0,16.5,108.0,16.0,21.0,15.5,20.0,15.0,6.0,14.0,1.0
2023-04-27 21:05:52.5,1682600752500000000,18.0,17.0,13.5,9272.0,413.0,67585.0,17.5,36.0,18.0,49.0,19.0,11.0,19.5,20.0,20.0,1.0,17.0,1.0,16.5,108.0,16.0,21.0,15.5,20.0,15.0,6.0
2023-04-27 21:05:53.25,1682600753250000000,18.0,17.0,13.5,9272.0,413.0,67585.0,17.5,46.0,18.0,39.0,19.0,11.0,19.5,20.0,20.0,1.0,17.0,1.0,16.5,108.0,16.0,21.0,15.5,20.0,15.0,6.0
2023-04-27 21:05:53.75,1682600753750000000,18.0,17.0,13.5,9272.0,413.0,67585.0,17.5,46.0,18.0,39.0,19.0,11.0,20.0,1.0,21.0,20.0,17.0,1.0,16.5,117.0,16.0,21.0,15.5,20.0,15.0,6.0
2023-04-27 21:05:54.0,1682600754000000000,18.0,17.0,13.5,9272.0,413.0,67585.0,17.5,46.0,18.0,39.0,19.0,11.0,20.0,1.0,21.0,20.0,17.0,3.0,16.5,117.0,16.0,21.0,15.5,20.0,15.0,6.0
2023-04-27 21:05:55.75,1682600755750000000,18.0,17.0,13.5,9272.0,413.0,67585.0,17.5,46.0,18.0,39.0,19.0,11.0,20.0,1.0,21.0,20.0,17.0,3.0,16.5,117.0,16.0,21.0,15.5,10.0,15.0,16.0
2023-04-27 21:05:56.25,1682600756250000000,18.0,17.0,13.5,9272.0,413.0,67585.0,17.5,36.0,18.0,49.0,19.0,11.0,20.0,1.0,21.0,20.0,17.0,3.0,16.5,117.0,16.0,21.0,15.5,20.0,15.0,6.0
2023-04-27 21:05:58.25,1682600758250000000,18.0,17.0,13.5,9272.0,413.0,67585.0,17.5,36.0,18.0,49.0,19.0,11.0,20.0,1.0,21.0,20.0,17.0,3.0,16.5,117.0,16.0,21.0,15.5,20.0,15.0,9.0
2023-04-27 21:05:58.75,1682600758750000000,18.0,17.0,13.5,9272.0,413.0,67585.0,17.5,46.0,18.0,39.0,19.0,11.0,20.0,1.0,21.0,20.0,17.0,3.0,16.5,117.0,16.0,21.0,15.5,20.0,15.0,9.0
2023-04-27 21:05:59.25,1682600759250000000,18.0,17.0,13.5,9272.0,413.0,67585.0,17.5,46.0,18.0,39.0,19.0,11.0,20.0,1.0,21.0,20.0,17.0,3.0,16.5,117.0,16.0,21.0,15.5,10.0,15.0,19.0
2023-04-27 21:05:59.5,1682600759500000000,18.0,17.0,13.5,9272.0,413.0,67585.0,17.5,46.0,18.0,39.0,19.0,11.0,20.0,1.0,21.0,20.0,17.0,3.0,16.5,117.0,16.0,21.0,15.5,20.0,15.0,9.0
2023-04-27 21:06:01.25,1682600761250000000,18.0,17.0,13.5,9272.0,413.0,67585.0,17.5,46.0,18.0,39.0,19.0,11.0,20.0,21.0,22.0,16.0,17.0,3.0,16.5,117.0,16.0,21.0,15.5,20.0,15.0,9.0
2023-04-27 21:06:02.25,1682600762250000000,18.0,17.0,13.5,9272.0,413.0,67585.0,17.5,36.0,18.0,49.0,19.0,11.0,20.0,21.0,22.0,16.0,17.0,3.0,16.5,117.0,16.0,21.0,15.5,20.0,15.0,9.0
2023-04-27 21:06:03.0,1682600763000000000,18.0,17.0,13.5,9272.0,413.0,67585.0,17.5,36.0,18.0,49.0,19.0,11.0,20.0,21.0,22.0,16.0,17.0,4.0,16.5,117.0,16.0,21.0,15.5,20.0,15.0,9.0
2023-04-27 21:06:04.5,1682600764500000000,18.0,17.0,13.5,9272.0,413.0,67585.0,17.5,46.0,18.0,39.0,19.0,11.0,20.0,21.0,22.0,16.0,17.0,4.0,16.5,117.0,16.0,21.0,15.5,20.0,15.0,9.0
2023-04-27 21:06:05.25,1682600765250000000,18.0,17.0,13.5,9272.0,413.0,67585.0,17.5,36.0,18.0,49.0,19.0,11.0,20.0,21.0,22.0,16.0,17.0,4.0,16.5,117.0,16.0,21.0,15.5,20.0,15.0,9.0
2023-04-27 21:06:08.0,1682600768000000000,18.0,17.0,13.5,9272.0,413.0,67585.0,17.5,46.0,18.0,39.0,19.0,11.0,20.0,21.0,22.0,16.0,17.0,4.0,16.5,117.0,16.0,21.0,15.5,20.0,15.0,9.0
2023-04-27 21:06:09.25,1682600769250000000,18.0,17.0,13.5,9272.0,413.0,67585.0,17.5,46.0,18.0,39.0,19.0,11.0,20.0,21.0,22.0,16.0,17.0,4.0,16.5,117.0,16.0,21.0,15.5,10.0,15.0,19.0
2023-04-27 21:06:09.5,1682600769500000000,18.0,17.0,13.5,9272.0,413.0,67585.0,17.5,46.0,18.0,39.0,19.0,11.0,20.0,21.0,22.0,16.0,17.0,4.0,16.5,117.0,16.0,21.0,15.5,20.0,15.0,9.0
2023-04-27 21:06:09.75,1682600769750000000,18.0,17.0,13.5,9272.0,413.0,67585.0,17.5,46.0,18.0,39.0,19.0,11.0,20.0,21.0,22.0,16.0,17.0,4.0,16.5,117.0,16.0,21.0,15.5,10.0,15.0,19.0
2023-04-27 21:06:10.5,1682600770500000000,18.0,17.0,13.5,9272.0,413.0,67585.0,17.5,36.0,18.0,39.0,19.0,11.0,20.0,21.0,22.0,16.0,17.0,4.0,16.5,107.0,16.0,21.0,15.5,10.0,15.0,19.0
2023-04-27 21:06:11.25,1682600771250000000,18.0,17.0,13.5,9272.0,413.0,67585.0,17.5,26.0,18.0,49.0,19.0,11.0,20.0,21.0,22.0,16.0,17.0,3.0,16.5,107.0,16.0,21.0,15.5,20.0,15.0,9.0
2023-04-27 21:06:11.5,1682600771500000000,18.0,17.0,13.5,9272.0,413.0,67585.0,17.5,8.0,18.0,67.0,19.0,11.0,20.0,21.0,22.0,16.0,17.0,3.0,16.5,89.0,16.0,39.0,15.5,20.0,15.0,9.0
2023-04-27 21:06:14.0,1682600774000000000,18.0,17.0,13.5,9272.0,413.0,67585.0,17.5,8.0,18.0,67.0,19.0,11.0,20.0,21.0,22.0,16.0,17.0,3.0,16.5,107.0,16.0,21.0,15.5,20.0,15.0,9.0
2023-04-27 21:06:16.25,1682600776250000000,18.0,17.0,13.5,9272.0,413.0,67585.0,17.5,8.0,18.0,67.0,19.0,11.0,20.0,1.0,21.5,20.0,17.0,3.0,16.5,107.0,16.0,21.0,15.5,20.0,15.0,9.0
2023-04-27 21:06:18.25,1682600778250000000,18.0,17.0,13.5,9272.0,413.0,67585.0,17.5,8.0,18.0,67.0,18.5,10.0,19.0,11.0,20.0,1.0,17.0,3.0,16.5,117.0,16.0,21.0,15.5,20.0,15.0,9.0
2023-04-27 21:06:19.25,1682600779250000000,18.0,17.0,13.5,9272.0,413.0,67585.0,17.5,8.0,18.0,67.0,19.0,21.0,20.0,1.0,22.0,16.0,17.0,3.0,16.5,117.0,16.0,31.0,15.5,10.0,15.0,9.0
2023-04-27 21:06:20.0,1682600780000000000,18.0,17.0,13.5,9272.0,413.0,67585.0,17.5,8.0,18.0,67.0,18.5,10.0,19.0,11.0,20.0,1.0,17.0,3.0,16.5,117.0,16.0,31.0,15.5,10.0,15.0,9.0
2023-04-27 21:06:20.25,1682600780250000000,18.0,17.0,13.5,9272.0,413.0,67585.0,17.5,18.0,18.0,57.0,18.5,10.0,19.0,11.0,20.0,1.0,17.0,3.0,16.5,117.0,16.0,21.0,15.5,20.0,15.0,9.0
2023-04-27 21:06:20.5,1682600780500000000,18.0,17.0,13.5,9272.0,413.0,67585.0,17.5,36.0,18.0,39.0,18.5,10.0,19.0,11.0,20.0,1.0,17.0,3.0,16.5,117.0,16.0,21.0,15.5,20.0,15.0,9.0
2023-04-27 21:06:23.0,1682600783000000000,18.0,17.0,13.5,9272.0,413.0,67585.0,17.5,36.0,18.0,39.0,18.5,10.0,19.0,11.0,20.0,1.0,17.0,3.0,16.5,107.0,16.0,31.0,15.5,10.0,15.0,19.0
2023-04-27 21:06:23.25,1682600783250000000,18.0,17.0,13.5,9272.0,413.0,67585.0,17.5,36.0,18.0,39.0,18.5,10.0,19.0,11.0,20.0,1.0,17.0,3.0,16.5,117.0,16.0,21.0,15.5,20.0,15.0,9.0
2023-04-27 21:06:23.75,1682600783750000000,18.0,17.0,13.5,9272.0,413.0,67585.0,17.5,36.0,18.0,39.0,18.5,10.0,19.0,11.0,20.0,1.0,17.0,3.0,16.5,107.0,16.0,31.0,15.5,20.0,15.0,9.0
2023-04-27 21:06:25.25,1682600785250000000,18.0,17.0,13.5,9272.0,413.0,67585.0,17.5,26.0,18.0,49.0,18.5,10.0,19.0,11.0,20.0,1.0,17.0,3.0,16.5,117.0,16.0,21.0,15.5,20.0,15.0,9.0
2023-04-27 21:06:25.5,1682600785500000000,18.0,17.0,13.5,9272.0,413.0,67585.0,17.5,18.0,18.0,57.0,18.5,10.0,19.0,11.0,20.0,1.0,17.0,3.0,16.5,107.0,16.0,31.0,15.5,20.0,15.0,9.0
2023-04-27 21:06:25.75,1682600785750000000,18.0,17.0,13.5,9272.0,413.0,67585.0,17.5,26.0,18.0,49.0,18.5,10.0,19.0,11.0,20.0,1.0,17.0,3.0,16.5,117.0,16.0,21.0,15.5,20.0,15.0,9.0
2023-04-27 21:06:26.0,1682600786000000000,18.0,17.0,13.5,9272.0,413.0,67585.0,17.5,8.0,18.0,67.0,18.5,10.0,19.0,11.0,20.0,1.0,17.0,3.0,16.5,117.0,16.0,21.0,15.5,20.0,15.0,9.0
2023-04-27 21:06:27.0,1682600787000000000,18.0,17.0,13.5,9272.0,413.0,67585.0,17.5,8.0,18.0,67.0,18.5,10.0,19.0,11.0,20.0,1.0,17.0,3.0,16.5,107.0,16.0,31.0,15.5,20.0,15.0,9.0
2023-04-27 21:06:27.75,1682600787750000000,18.0,17.0,13.5,9272.0,413.0,67585.0,17.5,8.0,18.0,67.0,18.5,10.0,19.0,11.0,20.0,1.0,17.0,3.0,16.5,117.0,16.0,21.0,15.5,20.0,15.0,9.0
2023-04-27 21:06:28.75,1682600788750000000,18.0,17.5,13.5,9273.0,414.0,67760.0,17.5,7.0,18.0,67.0,18.5,10.0,19.0,11.0,20.0,1.0,17.0,3.0,16.5,117.0,16.0,21.0,15.5,20.0,15.0,9.0
2023-04-27 21:06:32.0,1682600792000000000,18.0,17.5,13.5,9273.0,414.0,67760.0,17.5,7.0,18.0,67.0,18.5,10.0,19.0,11.0,20.0,1.0,17.0,3.0,16.5,107.0,16.0,31.0,15.5,20.0,15.0,9.0
2023-04-27 21:06:32.25,1682600792250000000,18.0,17.5,13.5,9273.0,414.0,67760.0,17.5,17.0,18.0,57.0,18.5,10.0,19.0,11.0,20.0,1.0,17.0,3.0,16.5,107.0,16.0,31.0,15.5,20.0,15.0,9.0
2023-04-27 21:06:32.5,1682600792500000000,18.0,17.5,13.5,9273.0,414.0,67760.0,17.5,35.0,18.0,39.0,18.5,10.0,19.0,11.0,20.0,1.0,17.0,3.0,16.5,107.0,16.0,31.0,15.5,20.0,15.0,9.0
2023-04-27 21:06:33.75,1682600793750000000,18.0,17.5,13.5,9274.0,415.0,67935.0,17.5,34.0,18.0,39.0,18.5,10.0,19.0,11.0,20.0,1.0,17.0,3.0,16.5,107.0,16.0,31.0,15.5,20.0,15.0,9.0
2023-04-27 21:06:35.25,1682600795250000000,18.0,17.5,13.5,9274.0,415.0,67935.0,17.5,24.0,18.0,49.0,18.5,10.0,19.0,11.0,20.0,1.0,17.0,3.0,16.5,107.0,16.0,31.0,15.5,20.0,15.0,9.0
2023-04-27 21:06:35.5,1682600795500000000,18.0,17.5,13.5,9274.0,415.0,67935.0,17.5,6.0,18.0,67.0,18.5,10.0,19.0,11.0,20.0,1.0,17.0,3.0,16.5,107.0,16.0,31.0,15.5,20.0,15.0,9.0
2023-04-27 21:06:37.25,1682600797250000000,18.0,17.5,13.5,9274.0,415.0,67935.0,17.5,6.0,18.0,67.0,18.5,10.0,19.0,11.0,20.0,1.0,17.0,3.0,16.5,107.0,16.0,31.0,15.5,21.0,15.0,9.0
2023-04-27 21:06:38.25,1682600798250000000,18.0,17.5,13.5,9274.0,415.0,67935.0,17.5,16.0,18.0,57.0,18.5,10.0,19.0,11.0,20.0,1.0,17.0,3.0,16.5,107.0,16.0,31.0,15.5,11.0,15.0,19.0
2023-04-27 21:06:38.5,1682600798500000000,18.0,17.5,13.5,9274.0,415.0,67935.0,17.5,34.0,18.0,39.0,18.5,10.0,19.0,11.0,20.0,1.0,17.0,3.0,16.5,107.0,16.0,31.0,15.5,11.0,15.0,19.0
2023-04-27 21:06:40.0,1682600800000000000,18.0,17.0,13.5,9277.0,418.0,68445.0,17.5,34.0,18.0,39.0,18.5,10.0,19.0,11.0,20.0,1.0,16.5,107.0,16.0,31.0,15.5,11.0,15.0,19.0,14.0,21.0
2023-04-27 21:06:40.5,1682600800500000000,18.0,17.0,13.5,9277.0,418.0,68445.0,17.5,34.0,18.0,39.0,18.5,10.0,19.0,11.0,20.0,1.0,16.5,107.0,16.0,31.0,15.5,11.0,15.0,19.0,14.0,1.0
2023-04-27 21:06:40.75,1682600800750000000,18.0,17.0,13.5,9277.0,418.0,68445.0,17.5,34.0,18.0,49.0,19.0,11.0,20.0,1.0,22.0,16.0,16.5,107.0,16.0,31.0,15.5,11.0,15.0,19.0,14.0,1.0
2023-04-27 21:06:41.0,1682600801000000000,18.0,17.0,13.5,9277.0,418.0,68445.0,17.5,34.0,18.0,49.0,19.0,11.0,20.0,1.0,20.5,20.0,16.5,107.0,16.0,31.0,15.5,11.0,15.0,19.0,14.0,1.0
2023-04-27 21:06:42.5,1682600802500000000,18.0,17.0,13.5,9277.0,418.0,68445.0,17.5,34.0,18.0,49.0,19.0,11.0,20.0,1.0,20.5,20.0,16.5,89.0,16.0,49.0,15.5,11.0,15.0,19.0,14.0,1.0
2023-04-27 21:06:42.75,1682600802750000000,18.0,17.0,13.5,9277.0,418.0,68445.0,17.5,34.0,18.0,49.0,19.0,11.0,20.0,1.0,22.0,16.0,16.5,89.0,16.0,49.0,15.5,11.0,15.0,19.0,14.0,1.0
2023-04-27 21:06:43.5,1682600803500000000,18.0,17.0,13.5,9277.0,418.0,68445.0,17.5,44.0,18.0,49.0,19.0,11.0,20.0,1.0,22.0,16.0,16.5,89.0,16.0,59.0,15.5,11.0,15.0,19.0,14.0,1.0
2023-04-27 21:06:44.0,1682600804000000000,18.0,17.0,13.5,9277.0,418.0,68445.0,17.5,44.0,18.0,49.0,19.0,11.0,20.0,1.0,21.0,20.0,16.5,89.0,16.0,59.0,15.5,11.0,15.0,19.0,14.0,1.0
2023-04-27 21:06:44.25,1682600804250000000,18.0,17.0,13.5,9277.0,418.0,68445.0,17.5,34.0,18.0,59.0,19.0,11.0,20.0,1.0,21.0,20.0,16.5,89.0,16.0,59.0,15.5,21.0,15.0,9.0,14.0,1.0
2023-04-27 21:06:44.5,1682600804500000000,18.0,17.0,13.5,9277.0,418.0,68445.0,17.5,44.0,18.0,49.0,19.0,11.0,20.0,1.0,21.0,20.0,16.5,89.0,16.0,59.0,15.5,21.0,15.0,9.0,14.0,1.0
2023-04-27 21:06:46.25,1682600806250000000,18.0,17.0,13.5,9277.0,418.0,68445.0,17.5,44.0,18.0,49.0,19.0,11.0,20.0,1.0,21.0,20.0,16.5,89.0,16.0,49.0,15.5,31.0,15.0,9.0,14.0,1.0
2023-04-27 21:06:47.75,1682600807750000000,18.0,17.0,13.5,9277.0,418.0,68445.0,17.5,34.0,18.0,59.0,19.0,11.0,20.0,1.0,21.0,20.0,16.5,107.0,16.0,41.0,15.5,21.0,15.0,9.0,14.0,1.0
2023-04-27 21:06:49.25,1682600809250000000,18.0,17.0,13.5,9277.0,418.0,68445.0,17.5,34.0,18.0,59.0,19.0,11.0,20.0,1.0,21.0,20.0,16.5,107.0,16.0,31.0,15.5,31.0,15.0,9.0,14.0,1.0
2023-04-27 21:06:50.25,1682600810250000000,18.0,17.0,13.5,9277.0,418.0,68445.0,17.5,44.0,18.0,49.0,19.0,11.0,20.0,1.0,21.0,20.0,16.5,107.0,16.0,31.0,15.5,31.0,15.0,9.0,14.0,1.0
2023-04-27 21:06:52.25,1682600812250000000,18.0,17.0,13.5,9277.0,418.0,68445.0,17.5,44.0,18.0,49.0,19.0,11.0,20.0,1.0,21.0,20.0,16.5,107.0,16.0,31.0,15.5,21.0,15.0,19.0,14.0,1.0
2023-04-27 21:06:52.5,1682600812500000000,18.0,17.0,13.5,9277.0,418.0,68445.0,17.5,44.0,18.0,49.0,19.0,11.0,20.0,1.0,21.0,20.0,16.5,107.0,16.0,31.0,15.5,31.0,15.0,9.0,14.0,1.0
2023-04-27 21:06:54.25,1682600814250000000,18.0,17.0,13.5,9277.0,418.0,68445.0,17.5,44.0,18.0,49.0,19.0,11.0,20.0,1.0,21.0,20.0,16.5,107.0,16.0,31.0,15.5,21.0,15.0,19.0,14.0,1.0
2023-04-27 21:06:56.25,1682600816250000000,18.0,17.0,13.5,9277.0,418.0,68445.0,17.5,34.0,18.0,59.0,19.0,11.0,20.0,1.0,21.0,20.0,16.5,107.0,16.0,31.0,15.5,31.0,15.0,9.0,14.0,1.0
2023-04-27 21:06:57.75,1682600817750000000,18.0,17.0,13.5,9277.0,418.0,68445.0,17.5,34.0,18.0,59.0,19.0,11.0,20.0,1.0,21.0,20.0,16.5,107.0,16.0,31.0,15.5,31.0,15.0,209.0,14.0,1.0
2023-04-27 21:06:59.75,1682600819750000000,18.0,17.0,13.5,9277.0,418.0,68445.0,17.5,44.0,18.0,59.0,19.0,11.0,20.0,1.0,21.0,20.0,16.5,107.0,16.0,41.0,15.5,31.0,15.0,209.0,14.5,200.0
2023-04-27 21:07:02.0,1682600822000000000,18.0,17.0,13.5,9277.0,418.0,68445.0,17.5,54.0,18.0,49.0,19.0,11.0,20.0,1.0,21.0,20.0,16.5,107.0,16.0,41.0,15.5,31.0,15.0,209.0,14.5,200.0
2023-04-27 21:07:02.25,1682600822250000000,18.0,17.0,13.5,9277.0,418.0,68445.0,17.5,44.0,18.0,59.0,19.0,11.0,20.0,1.0,21.0,20.0,16.5,107.0,16.0,41.0,15.5,31.0,15.0,209.0,14.5,200.0
2023-04-27 21:07:03.25,1682600823250000000,18.0,17.0,13.5,9277.0,418.0,68445.0,17.5,44.0,18.0,59.0,19.0,11.0,20.0,21.0,22.0,16.0,16.5,107.0,16.0,51.0,15.5,21.0,15.0,209.0,14.5,200.0
2023-04-27 21:07:04.25,1682600824250000000,18.0,17.0,13.5,9277.0,418.0,68445.0,17.5,44.0,18.0,59.0,19.0,31.0,20.0,1.0,22.0,16.0,16.5,107.0,16.0,51.0,15.5,21.0,15.0,209.0,14.5,200.0
2023-04-27 21:07:08.25,1682600828250000000,18.0,17.0,13.5,9277.0,418.0,68445.0,17.5,54.0,18.0,49.0,19.0,31.0,20.0,1.0,22.0,16.0,16.5,107.0,16.0,51.0,15.5,21.0,15.0,209.0,14.5,200.0
2023-04-27 21:07:08.5,1682600828500000000,18.0,17.0,13.5,9277.0,418.0,68445.0,17.5,44.0,18.0,59.0,19.0,31.0,20.0,1.0,22.0,16.0,16.5,107.0,16.0,51.0,15.5,21.0,15.0,209.0,14.5,200.0
2023-04-27 21:07:08.75,1682600828750000000,18.0,17.0,13.5,9277.0,418.0,68445.0,17.5,54.0,18.0,49.0,19.0,31.0,20.0,1.0,22.0,16.0,16.5,107.0,16.0,51.0,15.5,21.0,15.0,209.0,14.5,200.0
2023-04-27 21:07:09.0,1682600829000000000,18.0,17.0,13.5,9277.0,418.0,68445.0,17.5,44.0,18.0,59.0,19.0,31.0,20.0,1.0,22.0,16.0,16.5,107.0,16.0,51.0,15.5,21.0,15.0,209.0,14.5,200.0
2023-04-27 21:07:09.5,1682600829500000000,18.0,17.0,13.5,9277.0,418.0,68445.0,17.5,54.0,18.0,49.0,19.0,31.0,20.0,1.0,22.0,16.0,16.5,107.0,16.0,51.0,15.5,21.0,15.0,209.0,14.5,200.0
2023-04-27 21:07:10.5,1682600830500000000,18.0,17.0,13.5,9277.0,418.0,68445.0,17.5,54.0,18.0,49.0,19.0,31.0,20.0,1.0,22.0,16.0,16.5,107.0,16.0,41.0,15.5,31.0,15.0,209.0,14.5,200.0
2023-04-27 21:07:10.75,1682600830750000000,18.0,17.0,13.5,9277.0,418.0,68445.0,17.5,54.0,18.0,49.0,19.0,11.0,20.0,1.0,20.5,20.0,16.5,107.0,16.0,41.0,15.5,31.0,15.0,209.0,14.5,200.0
2023-04-27 21:07:11.25,1682600831250000000,18.0,17.0,13.5,9277.0,418.0,68445.0,17.5,54.0,18.0,69.0,19.0,11.0,20.0,1.0,20.5,20.0,16.5,107.0,16.0,41.0,15.5,51.0,15.0,209.0,14.5,200.0
2023-04-27 21:07:12.0,1682600832000000000,18.0,17.0,13.5,9277.0,418.0,68445.0,17.5,64.0,18.0,69.0,19.0,11.0,20.0,1.0,20.5,20.0,16.5,107.0,16.0,51.0,15.5,51.0,15.0,209.0,14.5,200.0
2023-04-27 21:07:13.0,1682600833000000000,18.0,17.5,13.5,9279.0,420.0,68795.0,17.5,62.0,18.0,69.0,19.0,11.0,20.0,1.0,20.5,20.0,16.5,107.0,16.0,61.0,15.5,41.0,15.0,209.0,14.5,200.0
2023-04-27 21:07:13.75,1682600833750000000,18.0,17.5,13.5,9279.0,420.0,68795.0,17.5,62.0,18.0,59.0,18.5,10.0,19.0,11.0,20.0,1.0,16.5,107.0,16.0,61.0,15.5,41.0,15.0,209.0,14.5,200.0
2023-04-27 21:07:14.0,1682600834000000000,18.0,17.5,13.5,9279.0,420.0,68795.0,17.5,62.0,18.0,69.0,19.0,11.0,20.0,1.0,20.5,20.0,16.5,107.0,16.0,71.0,15.5,31.0,15.0,209.0,14.5,200.0
2023-04-27 21:07:15.5,1682600835500000000,18.0,17.5,13.5,9279.0,420.0,68795.0,17.5,82.0,18.0,69.0,19.0,11.0,20.0,1.0,20.5,20.0,16.5,107.0,16.0,71.0,15.5,51.0,15.0,209.0,14.5,200.0
2023-04-27 21:07:20.5,1682600840500000000,18.0,17.5,13.5,9279.0,420.0,68795.0,17.5,82.0,18.0,49.0,19.0,11.0,20.0,1.0,20.5,20.0,16.5,107.0,16.0,71.0,15.5,31.0,15.0,209.0,14.5,200.0
2023-04-27 21:07:21.0,1682600841000000000,18.0,17.5,13.5,9279.0,420.0,68795.0,17.5,82.0,18.0,39.0,18.5,10.0,19.0,11.0,20.0,1.0,16.5,107.0,16.0,71.0,15.5,31.0,15.0,209.0,14.5,200.0
2023-04-27 21:07:23.0,1682600843000000000,18.0,17.5,13.5,9279.0,420.0,68795.0,17.5,82.0,18.0,49.0,19.0,11.0,20.0,1.0,20.5,20.0,16.5,107.0,16.0,71.0,15.5,31.0,15.0,209.0,14.5,200.0
2023-04-27 21:07:23.25,1682600843250000000,18.0,17.5,13.5,9279.0,420.0,68795.0,17.5,82.0,18.0,49.0,19.0,31.0,20.0,1.0,20.5,20.0,16.5,107.0,16.0,71.0,15.5,31.0,15.0,229.0,14.5,200.0
2023-04-27 21:07:24.0,1682600844000000000,18.0,17.5,13.5,9279.0,420.0,68795.0,17.5,82.0,18.0,39.0,18.5,10.0,19.0,31.0,20.0,1.0,16.5,107.0,16.0,71.0,15.5,31.0,15.0,229.0,14.5,200.0
2023-04-27 21:07:24.5,1682600844500000000,18.0,17.5,13.5,9279.0,420.0,68795.0,17.5,62.0,18.0,59.0,18.5,10.0,19.0,31.0,20.0,1.0,16.5,107.0,16.0,71.0,15.5,31.0,15.0,229.0,14.5,200.0
2023-04-27 21:07:26.25,1682600846250000000,18.0,17.5,13.5,9279.0,420.0,68795.0,17.5,62.0,18.0,69.0,19.0,31.0,20.0,1.0,20.5,20.0,16.5,107.0,16.0,71.0,15.5,31.0,15.0,229.0,14.5,200.0
2023-04-27 21:07:28.5,1682600848500000000,18.0,16.5,13.5,9279.0,422.0,69125.0,17.5,62.0,18.0,69.0,19.0,31.0,20.0,1.0,20.5,20.0,16.5,105.0,16.0,71.0,15.5,31.0,15.0,229.0,14.5,200.0
2023-04-27 21:07:29.5,1682600849500000000,18.0,16.5,13.5,9279.0,422.0,69125.0,17.5,62.0,18.0,59.0,18.5,10.0,19.0,31.0,20.0,1.0,16.5,105.0,16.0,71.0,15.5,31.0,15.0,229.0,14.5,200.0
2023-04-27 21:07:31.25,1682600851250000000,18.0,16.5,13.5,9279.0,422.0,69125.0,17.5,62.0,18.0,69.0,19.0,31.0,20.0,1.0,20.5,20.0,16.5,105.0,16.0,71.0,15.5,31.0,15.0,229.0,14.5,200.0
2023-04-27 21:07:32.5,1682600852500000000,18.0,16.5,13.5,9279.0,422.0,69125.0,17.5,62.0,18.0,59.0,18.5,10.0,19.0,31.0,20.0,1.0,16.5,105.0,16.0,71.0,15.5,31.0,15.0,229.0,14.5,200.0
2023-04-27 21:07:32.75,1682600852750000000,18.0,16.5,13.5,9279.0,422.0,69125.0,17.5,62.0,18.0,69.0,19.0,31.0,20.0,1.0,20.5,20.0,16.5,105.0,16.0,71.0,15.5,31.0,15.0,229.0,14.5,200.0
2023-04-27 21:07:35.5,1682600855500000000,18.0,16.5,13.5,9279.0,422.0,69125.0,17.5,62.0,18.0,69.0,19.0,11.0,19.5,20.0,20.0,1.0,16.5,105.0,16.0,61.0,15.5,61.0,15.0,209.0,14.5,200.0
2023-04-27 21:07:38.0,1682600858000000000,18.0,16.5,13.5,9279.0,422.0,69125.0,17.5,82.0,18.0,49.0,19.0,11.0,19.5,20.0,20.0,1.0,16.5,105.0,16.0,61.0,15.5,61.0,15.0,209.0,14.5,200.0
2023-04-27 21:07:40.5,1682600860500000000,18.0,16.5,13.5,9279.0,422.0,69125.0,17.5,82.0,18.0,49.0,19.0,11.0,19.5,20.0,20.0,1.0,16.5,105.0,16.0,61.0,15.5,61.0,15.0,209.0,14.5,200.0
2023-04-27 21:07:41.25,1682600861250000000,18.0,16.5,13.5,9279.0,422.0,69125.0,17.5,62.0,18.0,69.0,19.0,11.0,19.5,20.0,20.0,1.0,16.5,105.0,16.0,61.0,15.5,61.0,15.0,209.0,14.5,200.0
2023-04-27 21:07:41.75,1682600861750000000,18.0,16.5,13.5,9279.0,422.0,69125.0,17.5,82.0,18.0,49.0,19.0,11.0,19.5,20.0,20.0,1.0,16.5,105.0,16.0,61.0,15.5,61.0,15.0,209.0,14.5,200.0
2023-04-27 21:07:42.0,1682600862000000000,18.0,16.5,13.5,9279.0,422.0,69125.0,17.5,62.0,18.0,69.0,19.0,11.0,19.5,20.0,20.0,1.0,16.5,105.0,16.0,61.0,15.5,61.0,15.0,209.0,14.5,200.0
2023-04-27 21:07:42.25,1682600862250000000,18.0,16.5,13.5,9279.0,422.0,69125.0,17.5,82.0,18.0,49.0,19.0,11.0,19.5,20.0,20.0,1.0,16.5,105.0,16.0,61.0,15.5,61.0,15.0,209.0,14.5,200.0
2023-04-27 21:07:42.5,1682600862500000000,18.0,16.5,13.5,9279.0,422.0,69125.0,17.5,62.0,18.0,69.0,19.0,11.0,19.5,20.0,20.0,1.0,16.5,105.0,16.0,61.0,15.5,61.0,15.0,209.0,14.5,200.0
2023-04-27 21:07:46.25,1682600866250000000,18.0,16.5,13.5,9279.0,422.0,69125.0,17.5,62.0,18.0,69.0,19.0,11.0,19.5,20.0,20.0,1.0,16.5,105.0,16.0,61.0,15.5,60.0,15.0,209.0,14.5,200.0
2023-04-27 21:07:46.75,1682600866750000000,18.0,16.5,13.5,9279.0,422.0,69125.0,17.5,82.0,18.0,49.0,19.0,11.0,19.5,20.0,20.0,1.0,16.5,105.0,16.0,61.0,15.5,60.0,15.0,209.0,14.5,200.0
2023-04-27 21:07:47.25,1682600867250000000,18.0,16.5,13.5,9279.0,422.0,69125.0,17.5,62.0,18.0,69.0,19.0,11.0,19.5,20.0,20.0,1.0,16.5,105.0,16.0,61.0,15.5,60.0,15.0,209.0,14.5,200.0
2023-04-27 21:07:49.0,1682600869000000000,18.0,16.5,13.5,9279.0,422.0,69125.0,17.5,62.0,18.0,69.0,19.0,11.0,19.5,20.0,20.0,1.0,16.5,105.0,16.0,71.0,15.5,50.0,15.0,209.0,14.5,200.0
2023-04-27 21:07:50.5,1682600870500000000,18.0,17.5,13.5,9279.0,426.0,69825.0,17.5,58.0,18.0,69.0,19.0,11.0,19.5,20.0,20.0,1.0,16.5,105.0,16.0,71.0,15.5,50.0,15.0,209.0,14.5,200.0
2023-04-27 21:07:51.25,1682600871250000000,18.0,17.5,13.5,9279.0,426.0,69825.0,17.5,58.0,18.0,59.0,18.5,10.0,19.0,11.0,19.5,20.0,16.5,105.0,16.0,71.0,15.5,50.0,15.0,209.0,14.5,200.0
2023-04-27 21:07:53.25,1682600873250000000,18.0,17.5,13.5,9279.0,426.0,69825.0,17.5,48.0,18.0,69.0,18.5,10.0,19.0,11.0,19.5,20.0,16.5,105.0,16.0,71.0,15.5,50.0,15.0,209.0,14.5,200.0
2023-04-27 21:07:53.5,1682600873500000000,18.0,16.5,13.5,9279.0,432.0,70815.0,17.5,48.0,18.0,69.0,18.5,10.0,19.0,11.0,19.5,20.0,16.5,99.0,16.0,71.0,15.5,50.0,15.0,209.0,14.5,200.0
2023-04-27 21:07:53.75,1682600873750000000,18.0,16.5,13.5,9279.0,438.0,71805.0,17.5,48.0,18.0,69.0,18.5,10.0,19.0,11.0,19.5,20.0,16.5,93.0,16.0,71.0,15.5,50.0,15.0,209.0,14.5,200.0
2023-04-27 21:07:54.0,1682600874000000000,18.0,16.5,13.5,9279.0,444.0,72795.0,17.5,48.0,18.0,69.0,18.5,10.0,19.0,11.0,19.5,20.0,16.5,87.0,16.0,71.0,15.5,50.0,15.0,209.0,14.5,200.0
2023-04-27 21:07:54.25,1682600874250000000,18.0,16.5,13.5,9279.0,450.0,73785.0,17.5,48.0,18.0,69.0,18.5,10.0,19.0,11.0,19.5,20.0,16.5,81.0,16.0,71.0,15.5,50.0,15.0,209.0,14.5,200.0
2023-04-27 21:07:54.5,1682600874500000000,18.0,16.5,13.5,9279.0,456.0,74775.0,17.5,58.0,18.0,59.0,18.5,10.0,19.0,11.0,19.5,20.0,16.5,75.0,16.0,71.0,15.5,50.0,15.0,209.0,14.5,200.0
2023-04-27 21:07:54.75,1682600874750000000,18.0,16.5,13.5,9279.0,456.0,74775.0,17.5,48.0,18.0,69.0,18.5,10.0,19.0,11.0,19.5,20.0,16.5,75.0,16.0,71.0,15.5,50.0,15.0,209.0,14.5,200.0
2023-04-27 21:07:56.25,1682600876250000000,18.0,16.5,13.5,9279.0,456.0,74775.0,17.5,58.0,18.0,59.0,18.5,10.0,19.0,11.0,19.5,20.0,16.5,75.0,16.0,71.0,15.5,50.0,15.0,209.0,14.5,200.0
2023-04-27 21:07:57.0,1682600877000000000,18.0,16.5,13.5,9279.0,456.0,74775.0,17.5,58.0,18.0,59.0,18.5,10.0,19.0,11.0,19.5,20.0,16.5,75.0,16.0,91.0,15.5,30.0,15.0,209.0,14.5,200.0
2023-04-27 21:07:57.25,1682600877250000000,18.0,16.5,13.5,9279.0,456.0,74775.0,17.5,48.0,18.0,69.0,18.5,10.0,19.0,11.0,19.5,20.0,17.0,10.0,16.5,85.0,16.0,51.0,15.5,50.0,15.0,209.0
2023-04-27 21:07:57.75,1682600877750000000,18.0,17.0,13.5,9279.0,462.0,75795.0,17.5,48.0,18.0,69.0,18.5,10.0,19.0,11.0,19.5,20.0,17.0,4.0,16.5,85.0,16.0,71.0,15.5,30.0,15.0,209.0
2023-04-27 21:07:58.0,1682600878000000000,18.0,17.0,13.5,9279.0,466.0,76475.0,17.5,58.0,18.0,59.0,18.5,10.0,19.0,11.0,19.5,20.0,16.5,85.0,16.0,61.0,15.5,50.0,15.0,209.0,14.5,200.0
2023-04-27 21:07:59.0,1682600879000000000,18.0,17.0,13.5,9279.0,466.0,76475.0,17.5,48.0,18.0,59.0,18.5,10.0,19.0,11.0,19.5,20.0,16.5,85.0,16.0,51.0,15.5,50.0,15.0,209.0,14.5,200.0
2023-04-27 21:08:00.5,1682600880500000000,18.0,17.0,13.5,9279.0,466.0,76475.0,17.5,58.0,18.0,59.0,18.5,10.0,19.0,11.0,19.5,20.0,16.5,85.0,16.0,61.0,15.5,50.0,15.0,209.0,14.5,200.0
2023-04-27 21:08:01.25,1682600881250000000,18.0,17.0,13.5,9279.0,466.0,76475.0,17.5,58.0,18.0,79.0,18.5,10.0,19.0,11.0,20.0,1.0,16.5,85.0,16.0,81.0,15.5,30.0,15.0,209.0,14.5,200.0
2023-04-27 21:08:06.75,1682600886750000000,18.0,17.0,13.5,9279.0,466.0,76475.0,17.5,67.0,18.0,79.0,18.5,10.0,19.0,11.0,20.0,1.0,16.5,85.0,16.0,81.0,15.5,30.0,15.0,209.0,14.5,200.0
2023-04-27 21:08:08.25,1682600888250000000,18.0,17.0,13.5,9279.0,466.0,76475.0,17.5,67.0,18.0,79.0,18.5,10.0,19.0,11.0,19.5,20.0,16.5,85.0,16.0,81.0,15.5,30.0,15.0,209.0,14.5,200.0
2023-04-27 21:08:09.25,1682600889250000000,18.0,17.0,13.5,9279.0,466.0,76475.0,17.5,67.0,18.0,89.0,19.0,11.0,19.5,20.0,20.0,1.0,16.5,85.0,16.0,71.0,15.5,40.0,15.0,209.0,14.5,200.0
2023-04-27 21:08:10.0,1682600890000000000,18.0,17.0,13.5,9279.0,466.0,76475.0,17.5,87.0,18.0,69.0,19.0,11.0,19.5,20.0,20.0,1.0,16.5,67.0,16.0,79.0,15.5,50.0,15.0,209.0,14.5,200.0
2023-04-27 21:08:10.5,1682600890500000000,18.0,17.0,13.5,9279.0,466.0,76475.0,17.0,10.0,17.5,77.0,18.0,69.0,19.0,11.0,19.5,20.0,16.5,67.0,16.0,59.0,15.5,70.0,15.0,209.0,14.5,200.0
2023-04-27 21:08:10.75,1682600890750000000,18.0,17.0,13.5,9279.0,466.0,76475.0,17.0,10.0,17.5,59.0,18.0,69.0,19.0,11.0,19.5,20.0,16.5,67.0,16.0,41.0,15.5,70.0,15.0,209.0,14.5,200.0
2023-04-27 21:08:11.0,1682600891000000000,18.0,17.0,13.5,9279.0,466.0,76475.0,17.0,20.0,17.5,49.0,18.0,69.0,19.0,11.0,19.5,20.0,16.5,67.0,16.0,41.0,15.5,70.0,15.0,209.0,14.5,200.0
2023-04-27 21:08:11.25,1682600891250000000,18.0,17.0,13.5,9279.0,466.0,76475.0,17.0,10.0,17.5,59.0,18.0,69.0,19.0,11.0,19.5,20.0,16.5,67.0,16.0,41.0,15.5,70.0,15.0,209.0,14.5,200.0
2023-04-27 21:08:12.75,1682600892750000000,18.0,17.0,13.5,9279.0,466.0,76475.0,17.0,28.0,17.5,59.0,18.0,69.0,19.0,11.0,19.5,20.0,16.5,67.0,16.0,59.0,15.5,70.0,15.0,209.0,14.5,200.0
2023-04-27 21:08:13.0,1682600893000000000,18.0,17.0,13.5,9279.0,466.0,76475.0,17.0,28.0,17.5,59.0,18.0,69.0,19.0,11.0,19.5,20.0,16.5,67.0,16.0,89.0,15.5,40.0,15.0,209.0,14.5,200.0
2023-04-27 21:08:18.25,1682600898250000000,18.0,17.0,13.5,9279.0,466.0,76475.0,17.0,28.0,17.5,59.0,18.0,69.0,19.0,11.0,19.5,20.0,16.5,58.0,16.0,89.0,15.5,40.0,15.0,209.0,14.5,200.0
2023-04-27 21:08:20.5,1682600900500000000,18.0,17.0,13.5,9279.0,466.0,76475.0,17.0,28.0,17.5,39.0,18.0,89.0,19.0,11.0,19.5,20.0,16.5,76.0,16.0,71.0,15.5,40.0,15.0,209.0,14.5,200.0
2023-04-27 21:08:24.75,1682600904750000000,18.0,17.0,13.5,9279.0,466.0,76475.0,17.0,10.0,17.5,39.0,18.0,89.0,19.0,11.0,19.5,20.0,16.5,58.0,16.0,71.0,15.5,40.0,15.0,209.0,14.5,200.0
2023-04-27 21:08:26.25,1682600906250000000,18.0,17.0,13.5,9279.0,466.0,76475.0,17.0,10.0,17.5,39.0,18.0,89.0,19.0,11.0,19.5,20.0,16.5,58.0,16.0,61.0,15.5,50.0,15.0,209.0,14.5,200.0
2023-04-27 21:08:27.0,1682600907000000000,18.0,17.0,13.5,9279.0,466.0,76475.0,17.0,28.0,17.5,39.0,18.0,89.0,19.0,11.0,19.5,20.0,16.5,58.0,16.0,69.0,15.5,60.0,15.0,209.0,14.5,200.0
2023-04-27 21:08:29.25,1682600909250000000,18.0,17.0,13.5,9279.0,466.0,76475.0,17.0,28.0,17.5,59.0,18.0,89.0,19.0,11.0,20.0,1.0,16.5,58.0,16.0,89.0,15.5,60.0,15.0,209.0,14.5,200.0
2023-04-27 21:08:30.0,1682600910000000000,18.0,17.0,13.5,9279.0,466.0,76475.0,17.0,28.0,17.5,59.0,18.0,89.0,19.0,11.0,20.0,1.0,16.5,76.0,16.0,111.0,15.5,20.0,15.0,209.0,14.5,200.0
2023-04-27 21:08:30.75,1682600910750000000,18.0,17.0,13.5,9279.0,466.0,76475.0,17.0,28.0,17.5,59.0,18.0,89.0,19.0,11.0,20.0,1.0,16.5,76.0,16.0,71.0,15.5,60.0,15.0,209.0,14.5,200.0
2023-04-27 21:08:31.5,1682600911500000000,18.0,17.0,13.5,9279.0,466.0,76475.0,17.0,48.0,17.5,39.0,18.0,89.0,19.0,11.0,20.0,1.0,16.5,76.0,16.0,71.0,15.5,60.0,15.0,209.0,14.5,200.0
2023-04-27 21:08:31.75,1682600911750000000,18.0,17.0,13.5,9279.0,466.0,76475.0,17.0,48.0,17.5,39.0,18.0,89.0,19.0,11.0,20.0,1.0,16.5,76.0,16.0,51.0,15.5,80.0,15.0,209.0,14.5,200.0
2023-04-27 21:08:33.0,1682600913000000000,18.0,17.0,13.5,9279.0,466.0,76475.0,17.0,48.0,17.5,39.0,18.0,89.0,19.0,11.0,20.0,1.0,16.5,76.0,16.0,71.0,15.5,60.0,15.0,209.0,14.5,200.0
2023-04-27 21:08:34.0,1682600914000000000,18.0,17.0,13.5,9279.0,466.0,76475.0,17.0,30.0,17.5,39.0,18.0,89.0,19.0,11.0,20.0,1.0,16.5,58.0,16.0,51.0,15.5,80.0,15.0,209.0,14.5,200.0
2023-04-27 21:08:34.25,1682600914250000000,18.0,17.0,13.5,9279.0,466.0,76475.0,17.0,48.0,17.5,39.0,18.0,89.0,19.0,11.0,20.0,1.0,16.5,58.0,16.0,69.0,15.5,80.0,15.0,209.0,14.5,200.0
2023-04-27 21:08:38.5,1682600918500000000,18.0,17.0,13.5,9279.0,471.0,77325.0,17.0,38.0,17.5,39.0,18.0,89.0,19.0,11.0,20.0,1.0,16.5,58.0,16.0,59.0,15.5,80.0,15.0,209.0,14.5,200.0
2023-04-27 21:08:41.0,1682600921000000000,18.0,17.0,13.5,9279.0,471.0,77325.0,17.0,38.0,17.5,39.0,18.0,89.0,19.0,11.0,20.0,1.0,16.5,61.0,16.0,79.0,15.5,60.0,15.0,209.0,14.5,200.0
2023-04-27 21:08:44.0,1682600924000000000,18.0,17.0,13.5,9279.0,471.0,77325.0,17.0,48.0,17.5,39.0,18.0,89.0,19.0,11.0,20.0,1.0,16.5,61.0,16.0,89.0,15.5,60.0,15.0,209.0,14.5,200.0
2023-04-27 21:08:50.25,1682600930250000000,18.0,17.0,13.5,9279.0,471.0,77325.0,17.0,30.0,17.5,39.0,18.0,89.0,19.0,11.0,20.0,1.0,16.5,61.0,16.0,71.0,15.5,60.0,15.0,209.0,14.5,200.0
2023-04-27 21:08:50.5,1682600930500000000,18.0,17.0,13.5,9279.0,471.0,77325.0,17.0,48.0,17.5,39.0,18.0,89.0,19.0,11.0,20.0,1.0,16.5,79.0,16.0,71.0,15.5,60.0,15.0,209.0,14.5,200.0
2023-04-27 21:08:50.75,1682600930750000000,18.0,17.0,13.5,9279.0,471.0,77325.0,17.0,48.0,17.5,39.0,18.0,89.0,19.0,11.0,20.0,1.0,16.5,79.0,16.0,91.0,15.5,40.0,15.0,209.0,14.5,200.0
2023-04-27 21:08:51.5,1682600931500000000,18.0,17.0,13.5,9279.0,471.0,77325.0,17.0,30.0,17.5,39.0,18.0,89.0,19.0,11.0,20.0,1.0,16.5,61.0,16.0,91.0,15.5,40.0,15.0,209.0,14.5,200.0
2023-04-27 21:08:51.75,1682600931750000000,18.0,17.0,13.5,9279.0,471.0,77325.0,17.0,48.0,17.5,39.0,18.0,89.0,19.0,11.0,20.0,1.0,16.5,61.0,16.0,109.0,15.5,40.0,15.0,209.0,14.5,200.0
2023-04-27 21:08:52.25,1682600932250000000,18.0,17.0,13.5,9279.0,471.0,77325.0,17.0,48.0,17.5,39.0,18.0,89.0,19.0,11.0,20.0,1.0,16.5,70.0,16.0,109.0,15.5,40.0,15.0,209.0,14.5,200.0
2023-04-27 21:08:52.5,1682600932500000000,18.0,17.0,13.5,9279.0,471.0,77325.0,17.0,48.0,17.5,29.0,18.0,89.0,19.0,11.0,20.0,1.0,16.5,70.0,16.0,99.0,15.5,40.0,15.0,209.0,14.5,200.0
2023-04-27 21:08:56.25,1682600936250000000,18.0,17.0,13.5,9279.0,471.0,77325.0,17.0,48.0,17.5,29.0,18.0,89.0,19.0,11.0,20.0,1.0,16.5,67.0,16.0,79.0,15.5,60.0,15.0,209.0,14.5,200.0
2023-04-27 21:08:56.5,1682600936500000000,18.0,17.0,13.5,9279.0,471.0,77325.0,17.0,48.0,17.5,29.0,18.0,89.0,19.0,11.0,20.0,1.0,16.5,67.0,16.0,79.0,15.5,60.0,15.0,209.0,14.5,200.0
2023-04-27 21:09:00.0,1682600940000000000,18.0,17.0,13.5,9279.0,471.0,77325.0,17.0,28.0,17.5,49.0,18.0,89.0,19.0,11.0,20.0,1.0,16.5,67.0,16.0,79.0,15.5,60.0,15.0,209.0,14.5,200.0
2023-04-27 21:09:01.5,1682600941500000000,18.0,17.0,13.5,9279.0,471.0,77325.0,17.0,28.0,17.5,49.0,18.0,89.0,19.0,11.0,20.0,1.0,16.5,67.0,16.0,59.0,15.5,80.0,15.0,209.0,14.5,200.0
2023-04-27 21:09:02.25,1682600942250000000,18.0,17.0,13.5,9279.0,471.0,77325.0,17.0,28.0,17.5,49.0,18.0,89.0,19.0,11.0,20.0,1.0,16.5,67.0,16.0,79.0,15.5,60.0,15.0,209.0,14.5,200.0
2023-04-27 21:09:04.75,1682600944750000000,18.0,17.0,13.5,9279.0,471.0,77325.0,17.0,28.0,17.5,49.0,18.0,89.0,19.0,11.0,20.0,1.0,16.5,67.0,16.0,89.0,15.5,60.0,15.0,209.0,14.5,200.0
2023-04-27 21:09:06.0,1682600946000000000,18.0,17.0,13.5,9279.0,471.0,77325.0,17.0,28.0,17.5,39.0,18.0,99.0,19.0,11.0,20.0,1.0,16.5,85.0,16.0,91.0,15.5,40.0,15.0,209.0,14.5,200.0
2023-04-27 21:09:06.5,1682600946500000000,18.0,17.0,13.5,9279.0,473.0,77665.0,17.0,18.0,17.5,39.0,18.0,99.0,19.0,11.0,20.0,1.0,16.5,85.0,16.0,81.0,15.5,40.0,15.0,209.0,14.5,200.0
2023-04-27 21:09:06.75,1682600946750000000,18.0,17.0,13.5,9279.0,473.0,77665.0,17.0,18.0,17.5,49.0,18.0,89.0,19.0,11.0,20.0,1.0,16.5,67.0,16.0,79.0,15.5,60.0,15.0,209.0,14.5,200.0
2023-04-27 21:09:08.0,1682600948000000000,18.0,17.0,13.5,9279.0,473.0,77665.0,17.0,18.0,17.5,49.0,18.0,89.0,19.0,11.0,20.0,1.0,16.5,67.0,16.0,99.0,15.5,40.0,15.0,209.0,14.5,200.0
2023-04-27 21:09:08.5,1682600948500000000,18.0,17.0,13.5,9279.0,473.0,77665.0,17.0,18.0,17.5,49.0,18.0,89.0,19.0,11.0,20.0,1.0,16.5,85.0,16.0,101.0,15.5,20.0,15.0,209.0,14.5,200.0
2023-04-27 21:09:10.25,1682600950250000000,18.0,17.0,13.5,9279.0,473.0,77665.0,17.5,49.0,18.0,89.0,19.0,11.0,20.0,1.0,22.0,16.0,16.5,67.0,16.0,81.0,15.5,40.0,15.0,209.0,14.5,200.0
2023-04-27 21:09:10.5,1682600950500000000,18.0,17.0,13.5,9289.0,483.0,79365.0,17.5,39.0,18.0,99.0,18.5,18.0,19.0,11.0,20.0,1.0,16.5,75.0,16.0,81.0,15.5,40.0,15.0,209.0,14.5,200.0
2023-04-27 21:09:10.75,1682600950750000000,18.0,17.0,13.5,9289.0,483.0,79365.0,17.5,49.0,18.0,89.0,18.5,18.0,19.0,11.0,20.0,1.0,17.0,10.0,16.5,75.0,16.0,81.0,15.5,40.0,15.0,209.0
2023-04-27 21:09:11.25,1682600951250000000,18.0,17.0,13.5,9289.0,489.0,80385.0,17.5,49.0,18.0,89.0,18.5,18.0,19.0,11.0,20.0,1.0,17.0,4.0,16.5,75.0,16.0,81.0,15.5,40.0,15.0,209.0
2023-04-27 21:09:11.5,1682600951500000000,18.0,17.0,13.5,9289.0,493.0,81065.0,17.5,49.0,18.0,89.0,18.5,18.0,19.0,11.0,20.0,1.0,16.5,85.0,16.0,81.0,15.5,40.0,15.0,209.0,14.5,200.0
2023-04-27 21:09:12.0,1682600952000000000,18.0,17.0,13.5,9289.0,493.0,81065.0,17.5,59.0,18.0,89.0,18.5,18.0,19.0,11.0,20.0,1.0,16.5,85.0,16.0,111.0,15.5,20.0,15.0,209.0,14.5,200.0
2023-04-27 21:09:16.5,1682600956500000000,18.0,17.0,13.5,9289.0,493.0,81065.0,17.0,18.0,17.5,59.0,18.0,89.0,19.0,11.0,20.0,1.0,16.5,85.0,16.0,111.0,15.5,20.0,15.0,209.0,14.5,200.0
2023-04-27 21:09:17.0,1682600957000000000,18.0,17.0,13.5,9289.0,493.0,81065.0,17.0,28.0,17.5,49.0,18.0,89.0,19.0,11.0,20.0,1.0,16.5,85.0,16.0,111.0,15.5,20.0,15.0,209.0,14.5,200.0
2023-04-27 21:09:18.75,1682600958750000000,18.0,17.0,13.5,9289.0,493.0,81065.0,17.0,28.0,17.5,49.0,18.0,89.0,19.0,11.0,20.0,1.0,16.5,67.0,16.0,109.0,15.5,40.0,15.0,209.0,14.5,200.0
2023-04-27 21:09:19.0,1682600959000000000,18.0,17.0,13.5,9289.0,493.0,81065.0,17.0,28.0,17.5,49.0,18.0,89.0,19.0,11.0,20.0,1.0,16.5,85.0,16.0,91.0,15.5,40.0,15.0,209.0,14.5,200.0
2023-04-27 21:09:21.0,1682600961000000000,18.0,17.0,13.5,9289.0,493.0,81065.0,17.0,28.0,17.5,49.0,18.0,89.0,19.0,11.0,20.0,1.0,16.5,76.0,16.0,91.0,15.5,40.0,15.0,209.0,14.5,200.0
2023-04-27 21:09:22.0,1682600962000000000,18.0,17.0,13.5,9289.0,493.0,81065.0,17.0,10.0,17.5,49.0,18.0,89.0,19.0,11.0,20.0,1.0,16.5,58.0,16.0,91.0,15.5,40.0,15.0,209.0,14.5,200.0
2023-04-27 21:09:22.25,1682600962250000000,18.0,17.0,13.5,9289.0,493.0,81065.0,17.0,48.0,17.5,29.0,18.0,89.0,19.0,11.0,20.0,1.0,16.5,58.0,16.0,109.0,15.5,40.0,15.0,209.0,14.5,200.0
2023-04-27 21:09:22.5,1682600962500000000,18.0,17.0,13.5,9289.0,493.0,81065.0,17.0,58.0,17.5,19.0,18.0,89.0,19.0,11.0,20.0,1.0,16.5,48.0,16.0,119.0,15.5,40.0,15.0,209.0,14.5,200.0
2023-04-27 21:09:22.75,1682600962750000000,18.0,17.0,13.5,9289.0,494.0,81235.0,17.0,48.0,17.5,19.0,18.0,89.0,19.0,11.0,20.0,1.0,16.5,48.0,16.0,109.0,15.5,40.0,15.0,209.0,14.5,200.0
2023-04-27 21:09:27.25,1682600967250000000,18.0,17.0,13.5,9289.0,494.0,81235.0,17.0,48.0,17.5,19.0,18.0,89.0,19.0,11.0,20.0,1.0,16.5,48.0,16.0,112.0,15.5,40.0,15.0,209.0,14.5,200.0
2023-04-27 21:09:28.0,1682600968000000000,18.0,17.0,13.5,9289.0,494.0,81235.0,17.0,58.0,17.5,19.0,18.0,89.0,19.0,11.0,20.0,1.0,16.5,48.0,16.0,122.0,15.5,40.0,15.0,209.0,14.5,200.0
2023-04-27 21:09:28.25,1682600968250000000,18.0,17.0,13.5,9289.0,494.0,81235.0,17.0,68.0,17.5,19.0,18.0,89.0,19.0,11.0,20.0,1.0,16.5,48.0,16.0,132.0,15.5,40.0,15.0,209.0,14.5,200.0
2023-04-27 21:09:34.5,1682600974500000000,18.0,17.0,13.5,9289.0,494.0,81235.0,17.0,68.0,17.5,19.0,18.0,89.0,19.0,11.0,20.0,1.0,16.5,48.0,16.0,129.0,15.5,40.0,15.0,209.0,14.5,200.0
2023-04-27 21:09:39.75,1682600979750000000,18.0,17.0,13.5,9289.0,494.0,81235.0,17.0,68.0,17.5,19.0,18.0,89.0,19.0,11.0,20.0,1.0,16.5,48.0,16.0,109.0,15.5,60.0,15.0,209.0,14.5,200.0
2023-04-27 21:09:40.0,1682600980000000000,18.0,17.0,13.5,9289.0,494.0,81235.0,17.0,68.0,17.5,19.0,18.0,89.0,19.0,11.0,20.0,1.0,16.5,48.0,16.0,129.0,15.5,40.0,15.0,209.0,14.5,200.0
2023-04-27 21:09:41.0,1682600981000000000,18.0,17.0,13.5,9289.0,494.0,81235.0,17.0,68.0,17.5,19.0,18.0,89.0,19.0,11.0,20.0,1.0,16.5,48.0,16.0,109.0,15.5,60.0,15.0,209.0,14.5,200.0
2023-04-27 21:09:41.5,1682600981500000000,18.0,17.0,13.5,9289.0,494.0,81235.0,17.0,68.0,17.5,19.0,18.0,89.0,19.0,11.0,20.0,1.0,16.5,48.0,16.0,129.0,15.5,40.0,15.0,209.0,14.5,200.0
2023-04-27 21:09:42.5,1682600982500000000,18.0,17.0,13.5,9289.0,494.0,81235.0,17.0,68.0,17.5,19.0,18.0,89.0,19.0,11.0,20.0,1.0,16.5,48.0,16.0,109.0,15.5,60.0,15.0,209.0,14.5,200.0
2023-04-27 21:09:43.5,1682600983500000000,18.0,17.0,13.5,9289.0,494.0,81235.0,17.0,48.0,17.5,39.0,18.0,89.0,19.0,11.0,20.0,1.0,16.5,48.0,16.0,129.0,15.5,40.0,15.0,209.0,14.5,200.0
2023-04-27 21:09:44.25,1682600984250000000,18.0,17.0,13.5,9299.0,504.0,82935.0,17.0,30.0,17.5,39.0,18.0,89.0,18.5,18.0,19.0,11.0,16.5,48.0,16.0,129.0,15.5,40.0,15.0,209.0,14.5,200.0
2023-04-27 21:09:44.5,1682600984500000000,18.0,17.0,13.5,9299.0,504.0,82935.0,17.0,20.0,17.5,49.0,18.0,89.0,18.5,18.0,19.0,11.0,16.5,48.0,16.0,119.0,15.5,50.0,15.0,209.0,14.5,200.0
2023-04-27 21:09:44.75,1682600984750000000,18.0,17.0,13.5,9299.0,504.0,82935.0,17.0,20.0,17.5,59.0,18.0,89.0,18.5,18.0,19.0,11.0,16.5,48.0,16.0,139.0,15.5,40.0,15.0,209.0,14.5,200.0
2023-04-27 21:09:50.25,1682600990250000000,18.0,17.0,13.5,9299.0,504.0,82935.0,17.0,38.0,17.5,79.0,18.0,69.0,19.0,11.0,20.0,1.0,16.5,48.0,16.0,159.0,15.5,20.0,15.0,209.0,14.5,200.0
2023-04-27 21:09:51.5,1682600991500000000,18.0,17.0,13.5,9299.0,524.0,86335.0,17.0,18.0,17.5,79.0,18.0,69.0,19.0,11.0,20.0,1.0,16.5,48.0,16.0,149.0,15.5,20.0,15.0,209.0,14.5,200.0
2023-04-27 21:09:51.75,1682600991750000000,18.0,17.0,13.5,9299.0,524.0,86335.0,17.0,28.0,17.5,79.0,18.0,69.0,19.0,11.0,20.0,1.0,16.5,58.0,16.0,139.0,15.5,20.0,15.0,209.0,14.5,200.0
2023-04-27 21:09:53.5,1682600993500000000,18.0,17.0,13.5,9299.0,524.0,86335.0,17.0,28.0,17.5,69.0,18.0,79.0,19.0,11.0,20.0,1.0,16.5,48.0,16.0,119.0,15.5,50.0,15.0,209.0,14.5,200.0
2023-04-27 21:09:59.25,1682600999250000000,18.0,17.0,13.5,9299.0,524.0,86335.0,17.0,28.0,17.5,69.0,18.0,79.0,19.0,11.0,20.0,1.0,16.5,48.0,16.0,109.0,15.5,60.0,15.0,209.0,14.5,200.0
2023-04-27 21:10:02.0,1682601002000000000,18.0,17.0,13.5,9299.0,524.0,86335.0,17.0,28.0,17.5,69.0,18.0,79.0,19.0,11.0,20.0,1.0,16.5,48.0,16.0,119.0,15.5,50.0,15.0,209.0,14.5,200.0
2023-04-27 21:10:02.5,1682601002500000000,18.0,17.0,13.5,9301.0,526.0,86675.0,17.0,26.0,17.5,69.0,18.0,79.0,19.0,11.0,20.0,1.0,16.5,48.0,16.0,119.0,15.5,50.0,15.0,209.0,14.5,200.0
2023-04-27 21:10:03.0,1682601003000000000,18.0,17.0,13.5,9301.0,526.0,86675.0,17.0,26.0,17.5,69.0,18.0,79.0,19.0,11.0,20.0,1.0,16.5,48.0,16.0,109.0,15.5,60.0,15.0,209.0,14.5,200.0
2023-04-27 21:10:03.5,1682601003500000000,18.0,17.0,13.5,9301.0,526.0,86675.0,17.0,26.0,17.5,69.0,18.0,79.0,19.0,11.0,20.0,1.0,16.5,48.0,16.0,119.0,15.5,50.0,15.0,209.0,14.5,200.0
2023-04-27 21:10:03.75,1682601003750000000,18.0,17.0,13.5,9301.0,526.0,86675.0,17.0,26.0,17.5,69.0,18.0,79.0,19.0,11.0,20.0,1.0,16.5,48.0,16.0,109.0,15.5,60.0,15.0,209.0,14.5,200.0
2023-04-27 21:10:04.5,1682601004500000000,18.0,17.0,13.5,9301.0,526.0,86675.0,17.0,35.0,17.5,89.0,18.0,50.0,19.0,11.0,20.0,1.0,16.5,48.0,16.0,109.0,15.5,60.0,15.0,209.0,14.5,200.0
2023-04-27 21:10:04.75,1682601004750000000,18.0,17.0,13.5,9301.0,526.0,86675.0,17.0,45.0,17.5,79.0,18.0,50.0,19.0,11.0,20.0,1.0,16.5,48.0,16.0,109.0,15.5,60.0,15.0,209.0,14.5,200.0
2023-04-27 21:10:05.75,1682601005750000000,18.0,17.0,13.5,9301.0,526.0,86675.0,17.0,29.0,17.5,79.0,18.0,50.0,19.0,11.0,20.0,1.0,16.5,48.0,16.0,91.0,15.5,60.0,15.0,209.0,14.5,200.0
2023-04-27 21:10:06.0,1682601006000000000,18.0,17.0,13.5,9301.0,526.0,86675.0,17.0,47.0,17.5,79.0,18.0,50.0,19.0,11.0,20.0,1.0,16.5,66.0,16.0,91.0,15.5,60.0,15.0,209.0,14.5,200.0
2023-04-27 21:10:06.25,1682601006250000000,18.0,17.0,13.5,9301.0,526.0,86675.0,17.0,47.0,17.5,79.0,18.0,50.0,19.0,11.0,20.0,1.0,16.5,48.0,16.0,109.0,15.5,60.0,15.0,209.0,14.5,200.0
2023-04-27 21:10:07.75,1682601007750000000,18.0,17.0,13.5,9301.0,526.0,86675.0,17.0,47.0,17.5,59.0,18.0,50.0,18.5,20.0,19.0,11.0,16.5,48.0,16.0,89.0,15.5,60.0,15.0,229.0,14.5,200.0
2023-04-27 21:10:08.25,1682601008250000000,18.0,17.0,13.5,9301.0,526.0,86675.0,17.0,57.0,17.5,49.0,18.0,50.0,18.5,20.0,19.0,11.0,16.5,48.0,16.0,89.0,15.5,60.0,15.0,229.0,14.5,200.0
2023-04-27 21:10:08.5,1682601008500000000,18.0,17.0,13.5,9301.0,526.0,86675.0,17.0,57.0,17.5,69.0,18.0,50.0,19.0,11.0,20.0,1.0,16.5,48.0,16.0,109.0,15.5,60.0,15.0,209.0,14.5,200.0
2023-04-27 21:10:09.0,1682601009000000000,18.0,17.0,13.5,9301.0,526.0,86675.0,17.0,57.0,17.5,69.0,18.0,50.0,19.0,11.0,20.0,1.0,16.5,66.0,16.0,91.0,15.5,60.0,15.0,209.0,14.5,200.0
2023-04-27 21:10:09.25,1682601009250000000,18.0,17.0,13.5,9301.0,526.0,86675.0,17.0,37.0,17.5,89.0,18.0,50.0,19.0,11.0,20.0,1.0,16.5,66.0,16.0,91.0,15.5,60.0,15.0,209.0,14.5,200.0
2023-04-27 21:10:09.5,1682601009500000000,18.0,17.0,13.5,9301.0,526.0,86675.0,17.0,67.0,17.5,59.0,18.0,50.0,19.0,11.0,20.0,1.0,16.5,66.0,16.0,71.0,15.5,80.0,15.0,209.0,14.5,200.0
2023-04-27 21:10:10.25,1682601010250000000,18.0,17.0,13.5,9301.0,526.0,86675.0,17.0,57.0,17.5,69.0,18.0,50.0,19.0,11.0,20.0,1.0,16.5,66.0,16.0,91.0,15.5,60.0,15.0,209.0,14.5,200.0
2023-04-27 21:10:10.5,1682601010500000000,18.0,17.0,13.5,9301.0,526.0,86675.0,17.0,57.0,17.5,49.0,18.0,50.0,18.5,20.0,19.0,11.0,16.5,66.0,16.0,51.0,15.5,100.0,15.0,209.0,14.5,200.0
2023-04-27 21:10:11.0,1682601011000000000,18.0,17.0,13.5,9301.0,536.0,88375.0,17.0,57.0,17.5,59.0,18.0,50.0,19.0,11.0,20.0,1.0,16.5,66.0,16.0,71.0,15.5,80.0,15.0,209.0,14.5,200.0
2023-04-27 21:10:11.25,1682601011250000000,18.0,17.0,13.5,9301.0,536.0,88375.0,17.0,67.0,17.5,59.0,18.0,50.0,19.0,11.0,20.0,1.0,16.5,66.0,16.0,71.0,15.5,80.0,15.0,209.0,14.5,200.0
2023-04-27 21:10:12.25,1682601012250000000,18.0,17.0,13.5,9301.0,536.0,88375.0,17.0,67.0,17.5,69.0,18.0,40.0,19.0,11.0,20.0,1.0,16.5,66.0,16.0,71.0,15.5,80.0,15.0,209.0,14.5,200.0
2023-04-27 21:10:12.5,1682601012500000000,18.0,17.0,13.5,9301.0,536.0,88375.0,17.0,49.0,17.5,79.0,18.0,30.0,19.0,11.0,20.0,1.0,16.5,48.0,16.0,71.0,15.5,80.0,15.0,209.0,14.5,200.0
2023-04-27 21:10:12.75,1682601012750000000,18.0,17.0,13.5,9301.0,536.0,88375.0,17.0,49.0,17.5,49.0,18.0,40.0,18.5,20.0,19.0,11.0,16.5,48.0,16.0,51.0,15.5,100.0,15.0,209.0,14.5,200.0
2023-04-27 21:10:13.75,1682601013750000000,18.0,17.0,13.5,9301.0,536.0,88375.0,17.0,49.0,17.5,69.0,18.0,40.0,19.0,11.0,20.0,1.0,16.5,48.0,16.0,71.0,15.5,80.0,15.0,209.0,14.5,200.0
2023-04-27 21:10:14.0,1682601014000000000,18.0,17.0,13.5,9301.0,536.0,88375.0,17.0,49.0,17.5,59.0,18.0,30.0,18.5,20.0,19.0,11.0,16.5,48.0,16.0,51.0,15.5,90.0,15.0,219.0,14.5,200.0
2023-04-27 21:10:14.25,1682601014250000000,18.0,17.0,13.5,9301.0,536.0,88375.0,17.0,49.0,17.5,79.0,18.0,30.0,19.0,11.0,20.0,1.0,16.5,48.0,16.0,71.0,15.5,70.0,15.0,219.0,14.5,200.0
2023-04-27 21:10:14.5,1682601014500000000,18.0,17.0,13.5,9301.0,536.0,88375.0,17.0,49.0,17.5,79.0,18.0,30.0,19.0,11.0,20.0,1.0,16.5,48.0,16.0,71.0,15.5,50.0,15.0,239.0,14.5,200.0
2023-04-27 21:10:15.0,1682601015000000000,18.0,17.0,13.5,9301.0,536.0,88375.0,17.0,49.0,17.5,59.0,18.0,30.0,18.5,20.0,19.0,11.0,16.5,48.0,16.0,51.0,15.5,80.0,15.0,229.0,14.5,200.0
2023-04-27 21:10:15.25,1682601015250000000,18.0,17.0,13.5,9301.0,536.0,88375.0,17.0,67.0,17.5,49.0,18.0,30.0,18.5,20.0,19.0,11.0,16.5,66.0,16.0,41.0,15.5,89.0,15.0,229.0,14.5,200.0
2023-04-27 21:10:15.75,1682601015750000000,18.0,17.0,13.5,9301.0,536.0,88375.0,17.0,67.0,17.5,39.0,18.0,40.0,18.5,20.0,19.0,11.0,16.5,66.0,16.0,41.0,15.5,89.0,15.0,229.0,14.5,200.0
2023-04-27 21:10:16.25,1682601016250000000,18.0,17.0,13.5,9301.0,536.0,88375.0,17.0,67.0,17.5,69.0,18.0,30.0,19.0,11.0,20.0,17.0,16.5,66.0,16.0,61.0,15.5,69.0,15.0,229.0,14.5,200.0
2023-04-27 21:10:17.0,1682601017000000000,18.0,17.0,13.5,9301.0,536.0,88375.0,17.0,67.0,17.5,59.0,18.0,40.0,19.0,11.0,20.0,17.0,16.5,66.0,16.0,81.0,15.5,69.0,15.0,209.0,14.5,200.0
2023-04-27 21:10:17.5,1682601017500000000,18.0,17.0,13.5,9301.0,536.0,88375.0,17.0,47.0,17.5,79.0,18.0,40.0,19.0,11.0,20.0,17.0,16.5,66.0,16.0,81.0,15.5,69.0,15.0,209.0,14.5,200.0
2023-04-27 21:10:18.25,1682601018250000000,18.0,16.5,13.5,9301.0,537.0,88540.0,17.0,47.0,17.5,79.0,18.0,40.0,19.0,11.0,20.0,17.0,16.5,65.0,16.0,81.0,15.5,69.0,15.0,209.0,14.5,200.0
2023-04-27 21:10:18.5,1682601018500000000,18.0,16.5,13.5,9301.0,537.0,88540.0,17.0,47.0,17.5,79.0,18.0,40.0,19.0,11.0,20.0,17.0,16.5,66.0,16.0,81.0,15.5,69.0,15.0,209.0,14.5,200.0
2023-04-27 21:10:19.0,1682601019000000000,18.0,16.5,13.5,9301.0,537.0,88540.0,17.0,47.0,17.5,79.0,18.0,40.0,19.0,11.0,20.0,17.0,16.5,66.0,16.0,72.0,15.5,69.0,15.0,209.0,14.5,200.0
2023-04-27 21:10:19.75,1682601019750000000,18.0,16.5,13.5,9301.0,537.0,88540.0,17.0,47.0,17.5,69.0,18.0,50.0,19.0,11.0,20.0,17.0,16.5,66.0,16.0,72.0,15.5,69.0,15.0,209.0,14.5,200.0
2023-04-27 21:10:20.0,1682601020000000000,18.0,16.5,13.5,9301.0,537.0,88540.0,17.0,37.0,17.5,79.0,18.0,50.0,19.0,11.0,20.0,17.0,16.5,66.0,16.0,72.0,15.5,69.0,15.0,209.0,14.5,200.0
2023-04-27 21:10:20.25,1682601020250000000,18.0,16.5,13.5,9301.0,537.0,88540.0,17.0,47.0,17.5,69.0,18.0,50.0,19.0,11.0,20.0,17.0,16.5,66.0,16.0,72.0,15.5,69.0,15.0,209.0,14.5,200.0
2023-04-27 21:10:20.5,1682601020500000000,18.0,16.5,13.5,9301.0,537.0,88540.0,17.0,37.0,17.5,79.0,18.0,50.0,19.0,11.0,20.0,17.0,16.5,66.0,16.0,72.0,15.5,69.0,15.0,209.0,14.5,200.0
2023-04-27 21:10:20.75,1682601020750000000,18.0,16.5,13.5,9301.0,537.0,88540.0,17.0,47.0,17.5,69.0,18.0,50.0,19.0,11.0,20.0,17.0,16.5,66.0,16.0,72.0,15.5,69.0,15.0,209.0,14.5,200.0
2023-04-27 21:10:21.75,1682601021750000000,18.0,16.5,13.5,9301.0,537.0,88540.0,17.0,37.0,17.5,79.0,18.0,50.0,19.0,11.0,20.0,17.0,16.5,66.0,16.0,72.0,15.5,69.0,15.0,209.0,14.5,200.0
2023-04-27 21:10:22.0,1682601022000000000,18.0,16.5,13.5,9301.0,537.0,88540.0,17.0,47.0,17.5,69.0,18.0,50.0,19.0,11.0,20.0,17.0,16.5,66.0,16.0,72.0,15.5,69.0,15.0,209.0,14.5,200.0
2023-04-27 21:10:23.25,1682601023250000000,18.0,16.5,13.5,9301.0,537.0,88540.0,17.0,37.0,17.5,79.0,18.0,50.0,19.0,11.0,20.0,17.0,16.5,66.0,16.0,72.0,15.5,69.0,15.0,209.0,14.5,200.0
2023-04-27 21:10:26.0,1682601026000000000,18.0,16.5,13.5,9301.0,537.0,88540.0,17.0,47.0,17.5,69.0,18.0,50.0,19.0,11.0,20.0,17.0,16.5,67.0,16.0,72.0,15.5,69.0,15.0,209.0,14.5,200.0
2023-04-27 21:10:29.25,1682601029250000000,18.0,16.5,13.5,9301.0,537.0,88540.0,17.0,47.0,17.5,69.0,18.0,50.0,19.0,11.0,20.0,17.0,16.5,67.0,16.0,82.0,15.5,59.0,15.0,209.0,14.5,200.0
2023-04-27 21:10:30.75,1682601030750000000,18.0,17.0,13.5,9310.0,547.0,90240.0,17.0,47.0,17.5,69.0,18.0,50.0,19.0,11.0,20.0,17.0,16.5,67.0,16.0,101.0,15.5,59.0,15.0,209.0,14.5,200.0
2023-04-27 21:10:31.0,1682601031000000000,18.0,17.0,13.5,9310.0,547.0,90240.0,17.0,37.0,17.5,79.0,18.0,50.0,19.0,11.0,20.0,17.0,16.5,67.0,16.0,101.0,15.5,59.0,15.0,209.0,14.5,200.0
2023-04-27 21:10:31.25,1682601031250000000,18.0,17.0,13.5,9310.0,547.0,90240.0,17.0,37.0,17.5,79.0,18.0,50.0,19.0,11.0,20.0,17.0,16.5,67.0,16.0,102.0,15.5,59.0,15.0,209.0,14.5,200.0
2023-04-27 21:10:32.0,1682601032000000000,18.0,17.0,13.5,9310.0,547.0,90240.0,17.0,47.0,17.5,69.0,18.0,50.0,19.0,11.0,20.0,17.0,16.5,67.0,16.0,102.0,15.5,59.0,15.0,209.0,14.5,200.0
2023-04-27 21:10:33.75,1682601033750000000,18.0,17.0,13.5,9310.0,547.0,90240.0,17.0,47.0,17.5,69.0,18.0,50.0,19.0,11.0,20.0,17.0,16.5,67.0,16.0,92.0,15.5,69.0,15.0,209.0,14.5,200.0
2023-04-27 21:10:34.0,1682601034000000000,18.0,17.0,13.5,9310.0,547.0,90240.0,17.0,47.0,17.5,69.0,18.0,50.0,19.0,11.0,20.0,17.0,16.5,67.0,16.0,102.0,15.5,59.0,15.0,209.0,14.5,200.0
2023-04-27 21:10:34.25,1682601034250000000,18.0,17.0,13.5,9310.0,547.0,90240.0,17.0,47.0,17.5,69.0,18.0,50.0,19.0,11.0,20.0,17.0,16.5,68.0,16.0,102.0,15.5,59.0,15.0,209.0,14.5,200.0
2023-04-27 21:10:34.5,1682601034500000000,18.0,17.0,13.5,9310.0,547.0,90240.0,17.0,38.0,17.5,79.0,18.0,50.0,19.0,11.0,20.0,17.0,16.5,78.0,16.0,82.0,15.5,69.0,15.0,209.0,14.5,200.0
2023-04-27 21:10:37.0,1682601037000000000,18.0,17.0,13.5,9310.0,547.0,90240.0,17.0,38.0,17.5,79.0,18.0,50.0,19.0,11.0,20.0,17.0,16.5,78.0,16.0,62.0,15.5,90.0,15.0,209.0,14.5,200.0
2023-04-27 21:10:37.25,1682601037250000000,18.0,17.0,13.5,9310.0,547.0,90240.0,17.0,38.0,17.5,89.0,18.0,40.0,19.0,11.0,20.0,17.0,16.5,78.0,16.0,62.0,15.5,90.0,15.0,209.0,14.5,200.0
2023-04-27 21:10:38.5,1682601038500000000,18.0,17.0,13.5,9310.0,547.0,90240.0,17.0,58.0,17.5,69.0,18.0,40.0,19.0,11.0,20.0,17.0,16.5,78.0,16.0,62.0,15.5,90.0,15.0,209.0,14.5,200.0
2023-04-27 21:10:38.75,1682601038750000000,18.0,17.0,13.5,9310.0,547.0,90240.0,17.0,58.0,17.5,59.0,18.0,50.0,19.0,11.0,20.0,17.0,16.5,78.0,16.0,42.0,15.5,110.0,15.0,209.0,14.5,200.0
2023-04-27 21:10:40.0,1682601040000000000,18.0,17.0,13.5,9320.0,557.0,91940.0,17.0,40.0,17.5,69.0,18.0,40.0,18.5,18.0,19.0,11.0,16.5,60.0,16.0,60.0,15.5,110.0,15.0,210.0,14.5,200.0
2023-04-27 21:10:40.25,1682601040250000000,18.0,17.0,13.5,9320.0,557.0,91940.0,17.0,50.0,17.5,69.0,18.0,40.0,18.5,18.0,19.0,11.0,16.5,78.0,16.0,52.0,15.5,110.0,15.0,210.0,14.5,200.0
2023-04-27 21:10:41.0,1682601041000000000,18.0,17.0,13.5,9320.0,557.0,91940.0,17.0,70.0,17.5,49.0,18.0,40.0,18.5,18.0,19.0,11.0,16.5,78.0,16.0,52.0,15.5,110.0,15.0,210.0,14.5,200.0
2023-04-27 21:10:42.0,1682601042000000000,18.0,16.5,13.5,9320.0,563.0,92930.0,17.0,70.0,17.5,49.0,18.0,40.0,18.5,18.0,19.0,11.0,16.5,72.0,16.0,52.0,15.5,110.0,15.0,210.0,14.5,200.0
2023-04-27 21:10:44.0,1682601044000000000,18.0,16.5,13.5,9330.0,573.0,94580.0,17.0,60.0,17.5,49.0,18.0,40.0,18.5,18.0,19.0,11.0,16.5,42.0,16.0,74.0,15.5,100.0,15.0,210.0,14.5,200.0
2023-04-27 21:10:44.25,1682601044250000000,18.0,16.5,13.5,9330.0,579.0,95570.0,17.0,60.0,17.5,49.0,18.0,40.0,18.5,18.0,19.0,11.0,16.5,36.0,16.0,74.0,15.5,100.0,15.0,210.0,14.5,200.0
2023-04-27 21:10:45.0,1682601045000000000,18.0,16.5,13.5,9330.0,585.0,96560.0,17.0,60.0,17.5,49.0,18.0,40.0,19.0,11.0,20.0,17.0,16.5,30.0,16.0,56.0,15.5,100.0,15.0,210.0,14.5,200.0
2023-04-27 21:10:45.25,1682601045250000000,18.0,16.5,13.5,9330.0,585.0,96560.0,17.0,60.0,17.5,49.0,18.0,40.0,18.5,18.0,19.0,11.0,16.5,30.0,16.0,74.0,15.5,100.0,15.0,210.0,14.5,200.0
2023-04-27 21:10:45.5,1682601045500000000,18.0,16.5,13.5,9330.0,591.0,97550.0,17.0,60.0,17.5,49.0,18.0,40.0,18.5,18.0,19.0,11.0,16.5,24.0,16.0,74.0,15.5,100.0,15.0,210.0,14.5,200.0
2023-04-27 21:10:45.75,1682601045750000000,18.0,16.5,13.5,9330.0,597.0,98540.0,17.0,60.0,17.5,49.0,18.0,40.0,18.5,18.0,19.0,11.0,16.5,18.0,16.0,74.0,15.5,100.0,15.0,210.0,14.5,200.0
2023-04-27 21:10:46.0,1682601046000000000,18.0,16.5,13.5,9330.0,597.0,98540.0,17.0,78.0,17.5,49.0,18.0,40.0,19.0,11.0,20.0,17.0,16.5,18.0,16.0,74.0,15.5,100.0,15.0,210.0,14.5,200.0
2023-04-27 21:10:46.75,1682601046750000000,18.0,16.5,13.5,9330.0,597.0,98540.0,17.0,78.0,17.5,49.0,18.0,40.0,19.0,11.0,20.0,17.0,16.5,36.0,16.0,56.0,15.5,100.0,15.0,210.0,14.5,200.0
2023-04-27 21:10:47.25,1682601047250000000,18.0,16.5,13.5,9330.0,597.0,98540.0,17.0,78.0,17.5,59.0,18.0,40.0,19.0,11.0,20.0,17.0,16.5,36.0,16.0,56.0,15.5,110.0,15.0,210.0,14.5,200.0
2023-04-27 21:10:47.75,1682601047750000000,18.0,16.5,13.5,9330.0,603.0,99530.0,17.0,78.0,17.5,59.0,18.0,40.0,19.0,11.0,20.0,17.0,16.5,30.0,16.0,56.0,15.5,110.0,15.0,210.0,14.5,200.0
2023-04-27 21:10:48.25,1682601048250000000,18.0,16.5,13.5,9330.0,603.0,99530.0,17.0,78.0,17.5,59.0,18.0,40.0,19.0,11.0,20.0,17.0,16.5,30.0,16.0,56.0,15.5,90.0,15.0,230.0,14.5,200.0
2023-04-27 21:10:48.5,1682601048500000000,18.0,16.5,13.5,9330.0,609.0,100520.0,17.0,78.0,17.5,59.0,18.0,40.0,19.0,11.0,20.0,17.0,16.5,24.0,16.0,56.0,15.5,90.0,15.0,230.0,14.5,200.0
2023-04-27 21:10:48.75,1682601048750000000,18.0,17.0,13.5,9340.0,625.0,103210.0,17.0,68.0,17.5,59.0,18.0,40.0,19.0,11.0,20.0,17.0,16.5,10.0,16.0,64.0,15.5,90.0,15.0,230.0,14.5,200.0
2023-04-27 21:10:49.0,1682601049000000000,18.0,16.5,13.5,9340.0,631.0,104200.0,17.0,78.0,17.5,49.0,18.0,40.0,19.0,11.0,20.0,17.0,16.0,64.0,15.5,100.0,15.0,230.0,14.5,200.0,14.0,201.0
2023-04-27 21:10:49.75,1682601049750000000,18.0,16.5,13.5,9340.0,631.0,104200.0,17.0,78.0,17.5,49.0,18.0,40.0,18.5,10.0,19.0,11.0,16.0,64.0,15.5,110.0,15.0,230.0,14.5,200.0,14.0,201.0
2023-04-27 21:10:50.0,1682601050000000000,18.0,16.5,13.5,9340.0,631.0,104200.0,17.0,88.0,17.5,39.0,18.0,40.0,18.5,10.0,19.0,11.0,16.0,64.0,15.5,130.0,15.0,210.0,14.5,200.0,14.0,201.0
2023-04-27 21:10:51.25,1682601051250000000,18.0,16.5,13.5,9340.0,631.0,104200.0,17.0,78.0,17.5,49.0,18.0,40.0,18.5,10.0,19.0,11.0,16.0,84.0,15.5,110.0,15.0,210.0,14.5,200.0,14.0,201.0
2023-04-27 21:10:51.75,1682601051750000000,18.0,16.5,13.5,9340.0,631.0,104200.0,17.0,58.0,17.5,69.0,18.0,40.0,18.5,10.0,19.0,11.0,16.0,84.0,15.5,110.0,15.0,210.0,14.5,200.0,14.0,201.0
2023-04-27 21:10:52.25,1682601052250000000,18.0,16.5,13.5,9340.0,631.0,104200.0,17.0,68.0,17.5,59.0,18.0,40.0,18.5,10.0,19.0,11.0,16.0,84.0,15.5,110.0,15.0,210.0,14.5,200.0,14.0,201.0
2023-04-27 21:10:52.5,1682601052500000000,18.0,16.5,13.5,9340.0,631.0,104200.0,17.0,58.0,17.5,69.0,18.0,40.0,18.5,10.0,19.0,11.0,16.0,84.0,15.5,110.0,15.0,210.0,14.5,200.0,14.0,201.0
