datetime,datetime_nano,highest,last_price,lowest,open_interest,volume,amount,ask_price1,ask_volume1,ask_price2,ask_volume2,ask_price3,ask_volume3,ask_price4,ask_volume4,ask_price5,ask_volume5,bid_price1,bid_volume1,bid_price2,bid_volume2,bid_price3,bid_volume3,bid_price4,bid_volume4,bid_price5,bid_volume5
2023-04-27 20:55:19.5,1682600119500000000,,,,2572.0,0.0,0.0,,0.0,,0.0,,0.0,,0.0,,0.0,,0.0,,0.0,,0.0,,0.0,,0.0
2023-04-27 20:59:00.0,1682600340000000000,,,,2572.0,0.0,0.0,,0.0,,0.0,,0.0,,0.0,,0.0,466.0,2.0,199.0,6.0,175.0,1.0,,0.0,,0.0
2023-04-27 21:00:00.0,1682600400000000000,,,,2572.0,0.0,0.0,,0.0,,0.0,,0.0,,0.0,,0.0,636.0,1.0,466.0,2.0,199.0,6.0,175.0,1.0,,0.0
2023-04-27 21:00:00.25,1682600400250000000,,,,2572.0,0.0,0.0,1174.0,1.0,,0.0,,0.0,,0.0,,0.0,637.5,1.0,636.0,1.0,466.0,2.0,199.0,6.0,175.0,1.0
2023-04-27 21:00:05.5,1682600405500000000,,,,2572.0,0.0,0.0,1174.0,1.0,,0.0,,0.0,,0.0,,0.0,671.5,16.0,637.5,1.0,636.0,1.0,466.0,2.0,199.0,6.0
2023-04-27 21:00:05.75,1682600405750000000,,,,2572.0,0.0,0.0,1173.5,10.0,1174.0,1.0,,0.0,,0.0,,0.0,671.5,16.0,637.5,1.0,636.0,1.0,466.0,2.0,199.0,6.0
2023-04-27 21:00:06.0,1682600406000000000,,,,2572.0,0.0,0.0,1173.5,10.0,1174.0,1.0,,0.0,,0.0,,0.0,671.5,16.0,636.0,1.0,466.0,2.0,199.0,6.0,175.0,1.0
2023-04-27 21:00:06.25,1682600406250000000,,,,2572.0,0.0,0.0,1173.5,10.0,,0.0,,0.0,,0.0,,0.0,671.5,16.0,636.0,1.0,466.0,2.0,199.0,6.0,175.0,1.0
2023-04-27 21:00:06.75,1682600406750000000,,,,2572.0,0.0,0.0,847.0,16.0,1173.5,10.0,,0.0,,0.0,,0.0,671.5,16.0,636.0,1.0,466.0,2.0,199.0,6.0,175.0,1.0
2023-04-27 21:00:07.0,1682600407000000000,,,,2572.0,0.0,0.0,847.0,16.0,,0.0,,0.0,,0.0,,0.0,671.5,16.0,636.0,1.0,466.0,2.0,199.0,6.0,175.0,1.0
2023-04-27 21:00:07.25,1682600407250000000,,,,2572.0,0.0,0.0,846.5,10.0,847.0,16.0,,0.0,,0.0,,0.0,671.5,16.0,636.0,1.0,466.0,2.0,199.0,6.0,175.0,1.0
2023-04-27 21:00:08.0,1682600408000000000,,,,2572.0,0.0,0.0,847.0,16.0,,0.0,,0.0,,0.0,,0.0,671.5,16.0,636.0,1.0,466.0,2.0,199.0,6.0,175.0,1.0
2023-04-27 21:00:09.0,1682600409000000000,,,,2572.0,0.0,0.0,847.0,16.0,,0.0,,0.0,,0.0,,0.0,671.5,16.0,636.0,1.0,466.0,2.0,200.0,1.0,199.0,6.0
2023-04-27 21:00:09.25,1682600409250000000,,,,2572.0,0.0,0.0,846.5,10.0,847.0,16.0,,0.0,,0.0,,0.0,671.5,16.0,636.0,1.0,466.0,2.0,200.0,1.0,199.0,6.0
2023-04-27 21:00:10.0,1682600410000000000,,,,2572.0,0.0,0.0,812.5,16.0,846.5,10.0,,0.0,,0.0,,0.0,671.5,16.0,636.0,1.0,466.0,2.0,200.0,1.0,199.0,6.0
2023-04-27 21:00:10.25,1682600410250000000,,,,2572.0,0.0,0.0,812.5,16.0,,0.0,,0.0,,0.0,,0.0,671.5,16.0,636.0,1.0,466.0,2.0,200.0,1.0,199.0,6.0
2023-04-27 21:00:10.5,1682600410500000000,,,,2572.0,0.0,0.0,812.0,10.0,812.5,16.0,,0.0,,0.0,,0.0,671.5,16.0,636.0,1.0,466.0,2.0,200.0,1.0,199.0,6.0
2023-04-27 21:00:11.0,1682600411000000000,,,,2572.0,0.0,0.0,810.5,1.0,812.0,10.0,812.5,16.0,,0.0,,0.0,671.5,16.0,636.0,1.0,466.0,2.0,200.0,1.0,199.0,6.0
2023-04-27 21:00:11.25,1682600411250000000,,,,2572.0,0.0,0.0,810.5,1.0,812.5,16.0,,0.0,,0.0,,0.0,636.0,1.0,466.0,2.0,200.0,1.0,199.0,6.0,175.0,1.0
2023-04-27 21:00:11.5,1682600411500000000,,,,2572.0,0.0,0.0,810.0,10.0,810.5,1.0,812.5,16.0,,0.0,,0.0,668.5,16.0,636.0,1.0,466.0,2.0,200.0,1.0,199.0,6.0
2023-04-27 21:00:11.75,1682600411750000000,,,,2572.0,0.0,0.0,810.0,10.0,812.5,16.0,,0.0,,0.0,,0.0,668.5,16.0,636.0,1.0,466.0,2.0,200.0,1.0,199.0,6.0
2023-04-27 21:00:12.5,1682600412500000000,,,,2572.0,0.0,0.0,776.0,16.0,810.0,10.0,,0.0,,0.0,,0.0,668.5,16.0,636.0,1.0,466.0,2.0,200.0,1.0,199.0,6.0
2023-04-27 21:00:12.75,1682600412750000000,,,,2572.0,0.0,0.0,776.0,16.0,,0.0,,0.0,,0.0,,0.0,668.5,16.0,636.0,1.0,466.0,2.0,200.0,1.0,199.0,6.0
2023-04-27 21:00:13.0,1682600413000000000,,,,2572.0,0.0,0.0,775.5,10.0,776.0,16.0,,0.0,,0.0,,0.0,668.5,16.0,636.0,1.0,466.0,2.0,200.0,1.0,199.0,6.0
2023-04-27 21:00:13.25,1682600413250000000,,,,2572.0,0.0,0.0,741.5,16.0,775.5,10.0,,0.0,,0.0,,0.0,668.5,16.0,636.0,1.0,466.0,2.0,200.0,1.0,199.0,6.0
2023-04-27 21:00:13.5,1682600413500000000,,,,2572.0,0.0,0.0,741.5,16.0,,0.0,,0.0,,0.0,,0.0,668.5,16.0,636.0,1.0,466.0,2.0,200.0,1.0,199.0,6.0
2023-04-27 21:00:13.75,1682600413750000000,,,,2572.0,0.0,0.0,741.0,10.0,741.5,16.0,,0.0,,0.0,,0.0,668.5,16.0,636.0,1.0,466.0,2.0,200.0,1.0,199.0,6.0
2023-04-27 21:00:40.0,1682600440000000000,,,,2572.0,0.0,0.0,720.5,16.0,741.0,10.0,,0.0,,0.0,,0.0,668.5,16.0,636.0,1.0,466.0,2.0,200.0,1.0,199.0,6.0
2023-04-27 21:00:40.25,1682600440250000000,,,,2572.0,0.0,0.0,720.5,16.0,,0.0,,0.0,,0.0,,0.0,668.5,16.0,636.0,1.0,466.0,2.0,200.0,1.0,199.0,6.0
2023-04-27 21:00:40.5,1682600440500000000,,,,2572.0,0.0,0.0,720.0,10.0,720.5,16.0,,0.0,,0.0,,0.0,668.5,16.0,636.0,1.0,466.0,2.0,200.0,1.0,199.0,6.0
2023-04-27 21:00:48.5,1682600448500000000,,,,2572.0,0.0,0.0,720.0,10.0,720.5,16.0,,0.0,,0.0,,0.0,668.5,16.0,466.0,2.0,200.0,1.0,199.0,6.0,175.0,1.0
2023-04-27 21:00:53.75,1682600453750000000,,,,2572.0,0.0,0.0,720.0,10.0,720.5,16.0,,0.0,,0.0,,0.0,550.5,16.0,466.0,2.0,200.0,1.0,199.0,6.0,175.0,1.0
2023-04-27 21:00:56.25,1682600456250000000,,,,2572.0,0.0,0.0,720.0,10.0,720.5,16.0,,0.0,,0.0,,0.0,552.0,1.0,550.5,16.0,466.0,2.0,200.0,1.0,199.0,6.0
2023-04-27 21:00:56.5,1682600456500000000,,,,2572.0,0.0,0.0,720.0,10.0,720.5,16.0,,0.0,,0.0,,0.0,586.0,16.0,552.0,1.0,466.0,2.0,200.0,1.0,199.0,6.0
2023-04-27 21:00:56.75,1682600456750000000,,,,2572.0,0.0,0.0,720.0,10.0,720.5,16.0,,0.0,,0.0,,0.0,586.0,16.0,466.0,2.0,200.0,1.0,199.0,6.0,175.0,1.0
2023-04-27 21:00:59.75,1682600459750000000,,,,2572.0,0.0,0.0,720.0,10.0,720.5,16.0,,0.0,,0.0,,0.0,587.5,1.0,586.0,16.0,466.0,2.0,200.0,1.0,199.0,6.0
2023-04-27 21:01:00.0,1682600460000000000,,,,2572.0,0.0,0.0,720.0,10.0,720.5,16.0,,0.0,,0.0,,0.0,621.5,16.0,587.5,1.0,466.0,2.0,200.0,1.0,199.0,6.0
2023-04-27 21:01:00.25,1682600460250000000,,,,2572.0,0.0,0.0,720.0,10.0,720.5,16.0,,0.0,,0.0,,0.0,623.0,1.0,621.5,16.0,466.0,2.0,200.0,1.0,199.0,6.0
2023-04-27 21:01:00.5,1682600460500000000,,,,2572.0,0.0,0.0,720.0,10.0,720.5,16.0,,0.0,,0.0,,0.0,657.0,16.0,623.0,1.0,466.0,2.0,200.0,1.0,199.0,6.0
2023-04-27 21:01:00.75,1682600460750000000,,,,2572.0,0.0,0.0,720.0,10.0,720.5,16.0,,0.0,,0.0,,0.0,657.0,16.0,466.0,2.0,200.0,1.0,199.0,6.0,175.0,1.0
2023-04-27 21:01:01.5,1682600461500000000,657.0,657.0,657.0,2573.0,1.0,6570.0,720.0,10.0,720.5,16.0,,0.0,,0.0,,0.0,664.5,31.0,657.0,15.0,466.0,2.0,200.0,1.0,199.0,6.0
2023-04-27 21:01:21.5,1682600481500000000,657.0,657.0,657.0,2573.0,1.0,6570.0,719.5,1.0,720.0,10.0,720.5,16.0,,0.0,,0.0,665.0,1.0,664.5,31.0,657.0,15.0,466.0,2.0,200.0,1.0
2023-04-27 21:01:21.75,1682600481750000000,657.0,657.0,657.0,2573.0,1.0,6570.0,719.5,1.0,720.5,16.0,,0.0,,0.0,,0.0,665.0,1.0,664.5,31.0,657.0,15.0,466.0,2.0,200.0,1.0
2023-04-27 21:01:22.0,1682600482000000000,657.0,657.0,657.0,2573.0,1.0,6570.0,719.0,10.0,719.5,1.0,720.5,16.0,,0.0,,0.0,665.0,1.0,664.5,31.0,657.0,15.0,466.0,2.0,200.0,1.0
2023-04-27 21:01:31.5,1682600491500000000,657.0,657.0,657.0,2573.0,1.0,6570.0,719.0,10.0,720.5,16.0,,0.0,,0.0,,0.0,665.0,1.0,664.5,31.0,657.0,15.0,466.0,2.0,200.0,1.0
2023-04-27 21:04:23.5,1682600663500000000,657.0,657.0,657.0,2573.0,1.0,6570.0,719.0,10.0,720.5,16.0,,0.0,,0.0,,0.0,677.5,16.0,665.0,1.0,664.5,31.0,466.0,2.0,200.0,1.0
2023-04-27 21:11:51.25,1682601111250000000,657.0,657.0,657.0,2573.0,1.0,6570.0,718.5,2.0,719.0,10.0,720.5,16.0,,0.0,,0.0,677.5,16.0,665.0,1.0,664.5,31.0,466.0,2.0,200.0,1.0
2023-04-27 21:11:51.5,1682601111500000000,657.0,657.0,657.0,2573.0,1.0,6570.0,718.5,2.0,720.5,16.0,,0.0,,0.0,,0.0,677.5,16.0,665.0,1.0,664.5,31.0,466.0,2.0,200.0,1.0
2023-04-27 21:11:51.75,1682601111750000000,657.0,657.0,657.0,2573.0,1.0,6570.0,718.0,10.0,718.5,2.0,720.5,16.0,,0.0,,0.0,677.5,16.0,665.0,1.0,664.5,31.0,466.0,2.0,200.0,1.0
2023-04-27 21:12:07.0,1682601127000000000,657.0,657.0,657.0,2573.0,1.0,6570.0,701.0,5.0,718.0,10.0,718.5,2.0,720.5,16.0,,0.0,677.5,16.0,665.0,1.0,664.5,31.0,466.0,2.0,200.0,1.0
2023-04-27 21:12:07.25,1682601127250000000,657.0,657.0,657.0,2573.0,1.0,6570.0,701.0,5.0,720.5,16.0,,0.0,,0.0,,0.0,677.5,16.0,665.0,1.0,664.5,31.0,466.0,2.0,200.0,1.0
2023-04-27 21:12:07.5,1682601127500000000,657.0,657.0,657.0,2573.0,1.0,6570.0,700.5,2.0,701.0,5.0,720.5,16.0,,0.0,,0.0,677.5,16.0,665.0,1.0,664.5,31.0,466.0,2.0,200.0,1.0
2023-04-27 21:12:11.75,1682601131750000000,657.0,657.0,657.0,2573.0,1.0,6570.0,700.5,2.0,704.0,5.0,720.5,16.0,,0.0,,0.0,677.5,16.0,665.0,1.0,664.5,31.0,466.0,2.0,200.0,1.0
2023-04-27 21:12:13.0,1682601133000000000,657.0,657.0,657.0,2573.0,1.0,6570.0,700.5,2.0,702.5,5.0,720.5,16.0,,0.0,,0.0,677.5,16.0,665.0,1.0,664.5,31.0,466.0,2.0,200.0,1.0
2023-04-27 21:12:14.5,1682601134500000000,657.0,657.0,657.0,2573.0,1.0,6570.0,700.5,2.0,704.0,5.0,720.5,16.0,,0.0,,0.0,677.5,16.0,665.0,1.0,664.5,31.0,466.0,2.0,200.0,1.0
2023-04-27 21:12:19.0,1682601139000000000,657.0,657.0,657.0,2573.0,1.0,6570.0,700.5,2.0,702.5,5.0,720.5,16.0,,0.0,,0.0,677.5,16.0,665.0,1.0,664.5,31.0,466.0,2.0,200.0,1.0
2023-04-27 21:12:49.0,1682601169000000000,657.0,657.0,657.0,2573.0,1.0,6570.0,700.5,2.0,704.0,5.0,720.5,16.0,,0.0,,0.0,677.5,16.0,665.0,1.0,664.5,31.0,466.0,2.0,200.0,1.0
2023-04-27 21:12:59.25,1682601179250000000,657.0,657.0,657.0,2573.0,1.0,6570.0,704.0,5.0,720.5,16.0,,0.0,,0.0,,0.0,677.5,16.0,665.0,1.0,664.5,31.0,466.0,2.0,200.0,1.0
2023-04-27 21:12:59.5,1682601179500000000,657.0,657.0,657.0,2573.0,1.0,6570.0,703.5,2.0,704.0,5.0,720.5,16.0,,0.0,,0.0,677.5,16.0,665.0,1.0,664.5,31.0,466.0,2.0,200.0,1.0
2023-04-27 21:12:59.75,1682601179750000000,657.0,657.0,657.0,2573.0,1.0,6570.0,703.5,2.0,705.5,5.0,720.5,16.0,,0.0,,0.0,677.5,16.0,665.0,1.0,664.5,31.0,466.0,2.0,200.0,1.0
2023-04-27 21:13:09.0,1682601189000000000,657.0,657.0,657.0,2573.0,1.0,6570.0,703.5,2.0,707.0,5.0,720.5,16.0,,0.0,,0.0,677.5,16.0,665.0,1.0,664.5,31.0,466.0,2.0,200.0,1.0
2023-04-27 21:13:09.25,1682601189250000000,657.0,657.0,657.0,2573.0,1.0,6570.0,707.0,5.0,720.5,16.0,,0.0,,0.0,,0.0,677.5,16.0,665.0,1.0,664.5,31.0,466.0,2.0,200.0,1.0
2023-04-27 21:13:09.5,1682601189500000000,657.0,657.0,657.0,2573.0,1.0,6570.0,706.5,2.0,707.0,5.0,720.5,16.0,,0.0,,0.0,677.5,16.0,665.0,1.0,664.5,31.0,466.0,2.0,200.0,1.0
2023-04-27 21:13:12.0,1682601192000000000,657.0,657.0,657.0,2573.0,1.0,6570.0,706.5,2.0,708.5,5.0,720.5,16.0,,0.0,,0.0,677.5,16.0,665.0,1.0,664.5,31.0,466.0,2.0,200.0,1.0
2023-04-27 21:13:16.25,1682601196250000000,657.0,657.0,657.0,2573.0,1.0,6570.0,706.5,2.0,710.0,5.0,720.5,16.0,,0.0,,0.0,677.5,16.0,665.0,1.0,664.5,31.0,466.0,2.0,200.0,1.0
2023-04-27 21:13:20.25,1682601200250000000,657.0,657.0,657.0,2573.0,1.0,6570.0,710.0,5.0,720.5,16.0,,0.0,,0.0,,0.0,677.5,16.0,665.0,1.0,664.5,31.0,466.0,2.0,200.0,1.0
2023-04-27 21:13:20.5,1682601200500000000,657.0,657.0,657.0,2573.0,1.0,6570.0,709.5,2.0,710.0,5.0,720.5,16.0,,0.0,,0.0,677.5,16.0,665.0,1.0,664.5,31.0,466.0,2.0,200.0,1.0
2023-04-27 21:13:27.75,1682601207750000000,657.0,657.0,657.0,2573.0,1.0,6570.0,708.5,5.0,709.5,2.0,720.5,16.0,,0.0,,0.0,677.5,16.0,665.0,1.0,664.5,31.0,466.0,2.0,200.0,1.0
2023-04-27 21:13:32.5,1682601212500000000,657.0,657.0,657.0,2573.0,1.0,6570.0,707.0,5.0,709.5,2.0,720.5,16.0,,0.0,,0.0,677.5,16.0,665.0,1.0,664.5,31.0,466.0,2.0,200.0,1.0
2023-04-27 21:13:32.75,1682601212750000000,657.0,657.0,657.0,2573.0,1.0,6570.0,707.0,5.0,720.5,16.0,,0.0,,0.0,,0.0,677.5,16.0,665.0,1.0,664.5,31.0,466.0,2.0,200.0,1.0
2023-04-27 21:13:33.0,1682601213000000000,657.0,657.0,657.0,2573.0,1.0,6570.0,706.5,2.0,707.0,5.0,720.5,16.0,,0.0,,0.0,677.5,16.0,665.0,1.0,664.5,31.0,466.0,2.0,200.0,1.0
2023-04-27 21:13:36.5,1682601216500000000,657.0,657.0,657.0,2573.0,1.0,6570.0,706.5,2.0,708.5,5.0,720.5,16.0,,0.0,,0.0,677.5,16.0,665.0,1.0,664.5,31.0,466.0,2.0,200.0,1.0
2023-04-27 21:13:37.25,1682601217250000000,657.0,657.0,657.0,2573.0,1.0,6570.0,706.5,2.0,710.0,5.0,720.5,16.0,,0.0,,0.0,677.5,16.0,665.0,1.0,664.5,31.0,466.0,2.0,200.0,1.0
2023-04-27 21:13:42.0,1682601222000000000,657.0,657.0,657.0,2573.0,1.0,6570.0,706.5,2.0,708.5,5.0,720.5,16.0,,0.0,,0.0,677.5,16.0,665.0,1.0,664.5,31.0,466.0,2.0,200.0,1.0
2023-04-27 21:13:52.5,1682601232500000000,657.0,657.0,657.0,2573.0,1.0,6570.0,706.5,2.0,710.0,5.0,720.5,16.0,,0.0,,0.0,677.5,16.0,665.0,1.0,664.5,31.0,466.0,2.0,200.0,1.0
2023-04-27 21:14:00.0,1682601240000000000,657.0,657.0,657.0,2573.0,1.0,6570.0,706.5,2.0,708.5,5.0,720.5,16.0,,0.0,,0.0,677.5,16.0,665.0,1.0,664.5,31.0,466.0,2.0,200.0,1.0
2023-04-27 21:14:06.0,1682601246000000000,657.0,657.0,657.0,2573.0,1.0,6570.0,706.5,2.0,707.0,5.0,720.5,16.0,,0.0,,0.0,677.5,16.0,665.0,1.0,664.5,31.0,466.0,2.0,200.0,1.0
2023-04-27 21:14:29.0,1682601269000000000,657.0,657.0,657.0,2573.0,1.0,6570.0,705.5,5.0,706.5,2.0,720.5,16.0,,0.0,,0.0,677.5,16.0,665.0,1.0,664.5,31.0,466.0,2.0,200.0,1.0
2023-04-27 21:14:33.0,1682601273000000000,657.0,657.0,657.0,2573.0,1.0,6570.0,705.5,5.0,720.5,16.0,,0.0,,0.0,,0.0,677.5,16.0,665.0,1.0,664.5,31.0,466.0,2.0,200.0,1.0
2023-04-27 21:14:33.25,1682601273250000000,657.0,657.0,657.0,2573.0,1.0,6570.0,705.0,2.0,705.5,5.0,720.5,16.0,,0.0,,0.0,677.5,16.0,665.0,1.0,664.5,31.0,466.0,2.0,200.0,1.0
2023-04-27 21:14:36.0,1682601276000000000,657.0,657.0,657.0,2573.0,1.0,6570.0,704.0,5.0,705.0,2.0,720.5,16.0,,0.0,,0.0,677.5,16.0,665.0,1.0,664.5,31.0,466.0,2.0,200.0,1.0
2023-04-27 21:14:57.25,1682601297250000000,657.0,657.0,657.0,2573.0,1.0,6570.0,702.5,5.0,705.0,2.0,720.5,16.0,,0.0,,0.0,677.5,16.0,665.0,1.0,664.5,31.0,466.0,2.0,200.0,1.0
2023-04-27 21:14:57.5,1682601297500000000,657.0,657.0,657.0,2573.0,1.0,6570.0,702.5,5.0,720.5,16.0,,0.0,,0.0,,0.0,677.5,16.0,665.0,1.0,664.5,31.0,466.0,2.0,200.0,1.0
2023-04-27 21:14:57.75,1682601297750000000,657.0,657.0,657.0,2573.0,1.0,6570.0,702.0,2.0,702.5,5.0,720.5,16.0,,0.0,,0.0,677.5,16.0,665.0,1.0,664.5,31.0,466.0,2.0,200.0,1.0
2023-04-27 21:15:00.75,1682601300750000000,657.0,657.0,657.0,2573.0,1.0,6570.0,702.0,2.0,704.5,5.0,720.5,16.0,,0.0,,0.0,677.5,16.0,665.0,1.0,664.5,31.0,466.0,2.0,200.0,1.0
2023-04-27 21:15:02.0,1682601302000000000,657.0,657.0,657.0,2573.0,1.0,6570.0,702.0,2.0,703.0,5.0,720.5,16.0,,0.0,,0.0,677.5,16.0,665.0,1.0,664.5,31.0,466.0,2.0,200.0,1.0
2023-04-27 21:15:16.0,1682601316000000000,657.0,657.0,657.0,2573.0,1.0,6570.0,702.0,2.0,704.5,5.0,720.5,16.0,,0.0,,0.0,677.5,16.0,665.0,1.0,664.5,31.0,466.0,2.0,200.0,1.0
2023-04-27 21:15:19.25,1682601319250000000,657.0,657.0,657.0,2573.0,1.0,6570.0,706.5,5.0,720.5,16.0,,0.0,,0.0,,0.0,677.5,16.0,665.0,1.0,664.5,31.0,466.0,2.0,200.0,1.0
2023-04-27 21:15:19.5,1682601319500000000,657.0,657.0,657.0,2573.0,1.0,6570.0,706.0,2.0,706.5,5.0,720.5,16.0,,0.0,,0.0,677.5,16.0,665.0,1.0,664.5,31.0,466.0,2.0,200.0,1.0
2023-04-27 21:15:26.0,1682601326000000000,657.0,657.0,657.0,2573.0,1.0,6570.0,705.0,5.0,706.0,2.0,720.5,16.0,,0.0,,0.0,677.5,16.0,665.0,1.0,664.5,31.0,466.0,2.0,200.0,1.0
2023-04-27 21:15:33.25,1682601333250000000,657.0,657.0,657.0,2573.0,1.0,6570.0,706.0,2.0,706.5,5.0,720.5,16.0,,0.0,,0.0,677.5,16.0,665.0,1.0,664.5,31.0,466.0,2.0,200.0,1.0
2023-04-27 21:15:34.5,1682601334500000000,657.0,657.0,657.0,2573.0,1.0,6570.0,706.0,2.0,708.0,5.0,720.5,16.0,,0.0,,0.0,677.5,16.0,665.0,1.0,664.5,31.0,466.0,2.0,200.0,1.0
2023-04-27 21:15:43.75,1682601343750000000,657.0,657.0,657.0,2573.0,1.0,6570.0,706.0,2.0,706.5,5.0,720.5,16.0,,0.0,,0.0,677.5,16.0,665.0,1.0,664.5,31.0,466.0,2.0,200.0,1.0
2023-04-27 21:15:50.25,1682601350250000000,657.0,657.0,657.0,2573.0,1.0,6570.0,706.0,2.0,708.0,5.0,720.5,16.0,,0.0,,0.0,677.5,16.0,665.0,1.0,664.5,31.0,466.0,2.0,200.0,1.0
2023-04-27 21:16:26.75,1682601386750000000,657.0,657.0,657.0,2573.0,1.0,6570.0,711.0,5.0,720.5,16.0,,0.0,,0.0,,0.0,677.5,16.0,665.0,1.0,664.5,31.0,466.0,2.0,200.0,1.0
2023-04-27 21:16:27.0,1682601387000000000,657.0,657.0,657.0,2573.0,1.0,6570.0,710.5,2.0,711.0,5.0,720.5,16.0,,0.0,,0.0,677.5,16.0,665.0,1.0,664.5,31.0,466.0,2.0,200.0,1.0
2023-04-27 21:16:36.25,1682601396250000000,657.0,657.0,657.0,2573.0,1.0,6570.0,709.0,5.0,710.5,2.0,720.5,16.0,,0.0,,0.0,677.5,16.0,665.0,1.0,664.5,31.0,466.0,2.0,200.0,1.0
2023-04-27 21:16:49.75,1682601409750000000,657.0,657.0,657.0,2573.0,1.0,6570.0,710.5,7.0,720.5,16.0,,0.0,,0.0,,0.0,677.5,16.0,665.0,1.0,664.5,31.0,466.0,2.0,200.0,1.0
2023-04-27 21:16:53.75,1682601413750000000,657.0,657.0,657.0,2573.0,1.0,6570.0,707.0,5.0,710.5,2.0,720.5,16.0,,0.0,,0.0,677.5,16.0,665.0,1.0,664.5,31.0,466.0,2.0,200.0,1.0
2023-04-27 21:16:54.0,1682601414000000000,657.0,657.0,657.0,2573.0,1.0,6570.0,707.0,5.0,720.5,16.0,,0.0,,0.0,,0.0,677.5,16.0,665.0,1.0,664.5,31.0,466.0,2.0,200.0,1.0
2023-04-27 21:16:54.25,1682601414250000000,657.0,657.0,657.0,2573.0,1.0,6570.0,706.5,2.0,707.0,5.0,720.5,16.0,,0.0,,0.0,677.5,16.0,665.0,1.0,664.5,31.0,466.0,2.0,200.0,1.0
2023-04-27 21:17:16.25,1682601436250000000,657.0,657.0,657.0,2573.0,1.0,6570.0,705.5,5.0,706.5,2.0,720.5,16.0,,0.0,,0.0,677.5,16.0,665.0,1.0,664.5,31.0,466.0,2.0,200.0,1.0
2023-04-27 21:17:21.75,1682601441750000000,657.0,657.0,657.0,2573.0,1.0,6570.0,704.0,5.0,706.5,2.0,720.5,16.0,,0.0,,0.0,677.5,16.0,665.0,1.0,664.5,31.0,466.0,2.0,200.0,1.0
2023-04-27 21:17:22.0,1682601442000000000,657.0,657.0,657.0,2573.0,1.0,6570.0,704.0,5.0,720.5,16.0,,0.0,,0.0,,0.0,677.5,16.0,665.0,1.0,664.5,31.0,466.0,2.0,200.0,1.0
2023-04-27 21:17:22.25,1682601442250000000,657.0,657.0,657.0,2573.0,1.0,6570.0,703.5,2.0,704.0,5.0,720.5,16.0,,0.0,,0.0,677.5,16.0,665.0,1.0,664.5,31.0,466.0,2.0,200.0,1.0
2023-04-27 21:17:43.75,1682601463750000000,657.0,657.0,657.0,2573.0,1.0,6570.0,702.5,5.0,703.5,2.0,720.5,16.0,,0.0,,0.0,677.5,16.0,665.0,1.0,664.5,31.0,466.0,2.0,200.0,1.0
2023-04-27 21:17:56.25,1682601476250000000,657.0,657.0,657.0,2573.0,1.0,6570.0,700.5,5.0,703.5,2.0,720.5,16.0,,0.0,,0.0,677.5,16.0,665.0,1.0,664.5,31.0,466.0,2.0,200.0,1.0
2023-04-27 21:17:56.5,1682601476500000000,657.0,657.0,657.0,2573.0,1.0,6570.0,698.5,5.0,720.5,16.0,,0.0,,0.0,,0.0,677.5,16.0,665.0,1.0,664.5,31.0,466.0,2.0,200.0,1.0
2023-04-27 21:17:56.75,1682601476750000000,657.0,657.0,657.0,2573.0,1.0,6570.0,698.0,2.0,698.5,5.0,720.5,16.0,,0.0,,0.0,677.5,16.0,665.0,1.0,664.5,31.0,466.0,2.0,200.0,1.0
2023-04-27 21:18:05.75,1682601485750000000,657.0,657.0,657.0,2573.0,1.0,6570.0,698.0,2.0,700.0,5.0,720.5,16.0,,0.0,,0.0,677.5,16.0,665.0,1.0,664.5,31.0,466.0,2.0,200.0,1.0
2023-04-27 21:18:13.25,1682601493250000000,657.0,657.0,657.0,2573.0,1.0,6570.0,698.0,2.0,698.5,5.0,720.5,16.0,,0.0,,0.0,677.5,16.0,665.0,1.0,664.5,31.0,466.0,2.0,200.0,1.0
2023-04-27 21:18:32.0,1682601512000000000,657.0,657.0,657.0,2573.0,1.0,6570.0,698.0,2.0,700.5,5.0,720.5,16.0,,0.0,,0.0,677.5,16.0,665.0,1.0,664.5,31.0,466.0,2.0,200.0,1.0
2023-04-27 21:18:39.75,1682601519750000000,657.0,657.0,657.0,2573.0,1.0,6570.0,702.0,5.0,720.5,16.0,,0.0,,0.0,,0.0,677.5,16.0,665.0,1.0,664.5,31.0,466.0,2.0,200.0,1.0
2023-04-27 21:18:40.0,1682601520000000000,657.0,657.0,657.0,2573.0,1.0,6570.0,701.5,2.0,702.0,5.0,720.5,16.0,,0.0,,0.0,677.5,16.0,665.0,1.0,664.5,31.0,466.0,2.0,200.0,1.0
2023-04-27 21:18:43.25,1682601523250000000,657.0,657.0,657.0,2573.0,1.0,6570.0,700.5,5.0,701.5,2.0,720.5,16.0,,0.0,,0.0,677.5,16.0,665.0,1.0,664.5,31.0,466.0,2.0,200.0,1.0
2023-04-27 21:18:55.75,1682601535750000000,657.0,657.0,657.0,2573.0,1.0,6570.0,701.5,2.0,703.0,5.0,720.5,16.0,,0.0,,0.0,677.5,16.0,665.0,1.0,664.5,31.0,466.0,2.0,200.0,1.0
2023-04-27 21:19:27.75,1682601567750000000,657.0,657.0,657.0,2573.0,1.0,6570.0,701.5,2.0,704.5,5.0,720.5,16.0,,0.0,,0.0,677.5,16.0,665.0,1.0,664.5,31.0,466.0,2.0,200.0,1.0
2023-04-27 21:19:32.5,1682601572500000000,657.0,657.0,657.0,2573.0,1.0,6570.0,701.5,2.0,703.0,5.0,720.5,16.0,,0.0,,0.0,677.5,16.0,665.0,1.0,664.5,31.0,466.0,2.0,200.0,1.0
2023-04-27 21:19:38.0,1682601578000000000,657.0,657.0,657.0,2573.0,1.0,6570.0,701.5,2.0,704.5,5.0,720.5,16.0,,0.0,,0.0,677.5,16.0,665.0,1.0,664.5,31.0,466.0,2.0,200.0,1.0
2023-04-27 21:19:40.25,1682601580250000000,657.0,657.0,657.0,2573.0,1.0,6570.0,704.5,5.0,720.5,16.0,,0.0,,0.0,,0.0,677.5,16.0,665.0,1.0,664.5,31.0,466.0,2.0,200.0,1.0
2023-04-27 21:19:40.5,1682601580500000000,657.0,657.0,657.0,2573.0,1.0,6570.0,704.0,2.0,704.5,5.0,720.5,16.0,,0.0,,0.0,677.5,16.0,665.0,1.0,664.5,31.0,466.0,2.0,200.0,1.0
2023-04-27 21:19:50.75,1682601590750000000,657.0,657.0,657.0,2573.0,1.0,6570.0,704.0,2.0,706.0,5.0,720.5,16.0,,0.0,,0.0,677.5,16.0,665.0,1.0,664.5,31.0,466.0,2.0,200.0,1.0
2023-04-27 21:20:00.75,1682601600750000000,657.0,657.0,657.0,2573.0,1.0,6570.0,707.5,5.0,720.5,16.0,,0.0,,0.0,,0.0,677.5,16.0,665.0,1.0,664.5,31.0,466.0,2.0,200.0,1.0
2023-04-27 21:20:01.0,1682601601000000000,657.0,657.0,657.0,2573.0,1.0,6570.0,707.0,2.0,707.5,5.0,720.5,16.0,,0.0,,0.0,677.5,16.0,665.0,1.0,664.5,31.0,466.0,2.0,200.0,1.0
2023-04-27 21:20:09.5,1682601609500000000,657.0,657.0,657.0,2573.0,1.0,6570.0,706.0,5.0,707.0,2.0,720.5,16.0,,0.0,,0.0,677.5,16.0,665.0,1.0,664.5,31.0,466.0,2.0,200.0,1.0
2023-04-27 21:20:36.75,1682601636750000000,657.0,657.0,657.0,2573.0,1.0,6570.0,704.5,5.0,707.0,2.0,720.5,16.0,,0.0,,0.0,677.5,16.0,665.0,1.0,664.5,31.0,466.0,2.0,200.0,1.0
2023-04-27 21:20:37.0,1682601637000000000,657.0,657.0,657.0,2573.0,1.0,6570.0,704.5,5.0,720.5,16.0,,0.0,,0.0,,0.0,677.5,16.0,665.0,1.0,664.5,31.0,466.0,2.0,200.0,1.0
2023-04-27 21:20:37.25,1682601637250000000,657.0,657.0,657.0,2573.0,1.0,6570.0,704.0,2.0,704.5,5.0,720.5,16.0,,0.0,,0.0,677.5,16.0,665.0,1.0,664.5,31.0,466.0,2.0,200.0,1.0
2023-04-27 21:21:11.0,1682601671000000000,657.0,657.0,657.0,2573.0,1.0,6570.0,703.0,5.0,704.0,2.0,720.5,16.0,,0.0,,0.0,677.5,16.0,665.0,1.0,664.5,31.0,466.0,2.0,200.0,1.0
2023-04-27 21:21:20.0,1682601680000000000,657.0,657.0,657.0,2573.0,1.0,6570.0,701.5,5.0,704.0,2.0,720.5,16.0,,0.0,,0.0,677.5,16.0,665.0,1.0,664.5,31.0,466.0,2.0,200.0,1.0
2023-04-27 21:21:20.25,1682601680250000000,657.0,657.0,657.0,2573.0,1.0,6570.0,701.5,5.0,720.5,16.0,,0.0,,0.0,,0.0,677.5,16.0,665.0,1.0,664.5,31.0,466.0,2.0,200.0,1.0
2023-04-27 21:21:20.5,1682601680500000000,657.0,657.0,657.0,2573.0,1.0,6570.0,701.0,2.0,701.5,5.0,720.5,16.0,,0.0,,0.0,677.5,16.0,665.0,1.0,664.5,31.0,466.0,2.0,200.0,1.0
2023-04-27 21:21:24.5,1682601684500000000,657.0,657.0,657.0,2573.0,1.0,6570.0,700.0,5.0,701.0,2.0,720.5,16.0,,0.0,,0.0,677.5,16.0,665.0,1.0,664.5,31.0,466.0,2.0,200.0,1.0
2023-04-27 21:21:55.0,1682601715000000000,657.0,657.0,657.0,2573.0,1.0,6570.0,701.0,2.0,701.5,5.0,720.5,16.0,,0.0,,0.0,677.5,16.0,665.0,1.0,664.5,31.0,466.0,2.0,200.0,1.0
2023-04-27 21:22:16.75,1682601736750000000,657.0,657.0,657.0,2573.0,1.0,6570.0,701.0,2.0,703.5,5.0,720.5,16.0,,0.0,,0.0,677.5,16.0,665.0,1.0,664.5,31.0,466.0,2.0,200.0,1.0
2023-04-27 21:22:26.0,1682601746000000000,657.0,657.0,657.0,2573.0,1.0,6570.0,701.0,2.0,702.0,5.0,720.5,16.0,,0.0,,0.0,677.5,16.0,665.0,1.0,664.5,31.0,466.0,2.0,200.0,1.0
2023-04-27 21:22:31.5,1682601751500000000,657.0,657.0,657.0,2573.0,1.0,6570.0,701.0,2.0,703.5,5.0,720.5,16.0,,0.0,,0.0,677.5,16.0,665.0,1.0,664.5,31.0,466.0,2.0,200.0,1.0
2023-04-27 21:22:40.5,1682601760500000000,657.0,657.0,657.0,2573.0,1.0,6570.0,703.5,5.0,720.5,16.0,,0.0,,0.0,,0.0,677.5,16.0,665.0,1.0,664.5,31.0,466.0,2.0,200.0,1.0
2023-04-27 21:22:40.75,1682601760750000000,657.0,657.0,657.0,2573.0,1.0,6570.0,703.0,2.0,703.5,5.0,720.5,16.0,,0.0,,0.0,677.5,16.0,665.0,1.0,664.5,31.0,466.0,2.0,200.0,1.0
2023-04-27 21:22:42.0,1682601762000000000,657.0,657.0,657.0,2573.0,1.0,6570.0,703.0,2.0,705.0,5.0,720.5,16.0,,0.0,,0.0,677.5,16.0,665.0,1.0,664.5,31.0,466.0,2.0,200.0,1.0
2023-04-27 21:22:46.0,1682601766000000000,657.0,657.0,657.0,2573.0,1.0,6570.0,703.0,2.0,703.5,5.0,720.5,16.0,,0.0,,0.0,677.5,16.0,665.0,1.0,664.5,31.0,466.0,2.0,200.0,1.0
2023-04-27 21:23:23.0,1682601803000000000,657.0,657.0,657.0,2573.0,1.0,6570.0,701.5,5.0,703.0,2.0,720.5,16.0,,0.0,,0.0,677.5,16.0,665.0,1.0,664.5,31.0,466.0,2.0,200.0,1.0
2023-04-27 21:23:41.0,1682601821000000000,657.0,657.0,657.0,2573.0,1.0,6570.0,701.5,5.0,720.5,16.0,,0.0,,0.0,,0.0,677.5,16.0,665.0,1.0,664.5,31.0,466.0,2.0,200.0,1.0
2023-04-27 21:23:41.25,1682601821250000000,657.0,657.0,657.0,2573.0,1.0,6570.0,701.0,2.0,701.5,5.0,720.5,16.0,,0.0,,0.0,677.5,16.0,665.0,1.0,664.5,31.0,466.0,2.0,200.0,1.0
2023-04-27 21:24:00.75,1682601840750000000,657.0,657.0,657.0,2573.0,1.0,6570.0,700.0,5.0,701.0,2.0,720.5,16.0,,0.0,,0.0,677.5,16.0,665.0,1.0,664.5,31.0,466.0,2.0,200.0,1.0
2023-04-27 21:24:02.75,1682601842750000000,657.0,657.0,657.0,2573.0,1.0,6570.0,697.0,5.0,701.0,2.0,720.5,16.0,,0.0,,0.0,677.5,16.0,665.0,1.0,664.5,31.0,466.0,2.0,200.0,1.0
2023-04-27 21:24:03.0,1682601843000000000,657.0,657.0,657.0,2573.0,1.0,6570.0,697.0,5.0,720.5,16.0,,0.0,,0.0,,0.0,677.5,16.0,665.0,1.0,664.5,31.0,466.0,2.0,200.0,1.0
2023-04-27 21:24:03.25,1682601843250000000,657.0,657.0,657.0,2573.0,1.0,6570.0,696.5,2.0,697.0,5.0,720.5,16.0,,0.0,,0.0,677.5,16.0,665.0,1.0,664.5,31.0,466.0,2.0,200.0,1.0
2023-04-27 21:24:12.75,1682601852750000000,657.0,657.0,657.0,2573.0,1.0,6570.0,696.5,2.0,698.5,5.0,720.5,16.0,,0.0,,0.0,677.5,16.0,665.0,1.0,664.5,31.0,466.0,2.0,200.0,1.0
2023-04-27 21:24:22.5,1682601862500000000,657.0,657.0,657.0,2573.0,1.0,6570.0,696.5,2.0,697.0,5.0,720.5,16.0,,0.0,,0.0,677.5,16.0,665.0,1.0,664.5,31.0,466.0,2.0,200.0,1.0
2023-04-27 21:24:38.25,1682601878250000000,657.0,657.0,657.0,2573.0,1.0,6570.0,696.5,2.0,698.5,5.0,720.5,16.0,,0.0,,0.0,677.5,16.0,665.0,1.0,664.5,31.0,466.0,2.0,200.0,1.0
2023-04-27 21:24:49.75,1682601889750000000,657.0,657.0,657.0,2573.0,1.0,6570.0,696.5,7.0,720.5,16.0,,0.0,,0.0,,0.0,677.5,16.0,665.0,1.0,664.5,31.0,466.0,2.0,200.0,1.0
2023-04-27 21:24:57.25,1682601897250000000,657.0,657.0,657.0,2573.0,1.0,6570.0,695.0,5.0,696.5,2.0,720.5,16.0,,0.0,,0.0,677.5,16.0,665.0,1.0,664.5,31.0,466.0,2.0,200.0,1.0
2023-04-27 21:25:03.25,1682601903250000000,657.0,657.0,657.0,2573.0,1.0,6570.0,695.0,5.0,720.5,16.0,,0.0,,0.0,,0.0,677.5,16.0,665.0,1.0,664.5,31.0,466.0,2.0,200.0,1.0
2023-04-27 21:25:03.5,1682601903500000000,657.0,657.0,657.0,2573.0,1.0,6570.0,694.5,2.0,695.0,5.0,720.5,16.0,,0.0,,0.0,677.5,16.0,665.0,1.0,664.5,31.0,466.0,2.0,200.0,1.0
2023-04-27 21:25:08.25,1682601908250000000,657.0,657.0,657.0,2573.0,1.0,6570.0,694.5,2.0,696.5,5.0,720.5,16.0,,0.0,,0.0,677.5,16.0,665.0,1.0,664.5,31.0,466.0,2.0,200.0,1.0
2023-04-27 21:25:15.5,1682601915500000000,657.0,657.0,657.0,2573.0,1.0,6570.0,694.5,2.0,698.0,5.0,720.5,16.0,,0.0,,0.0,677.5,16.0,665.0,1.0,664.5,31.0,466.0,2.0,200.0,1.0
2023-04-27 21:25:18.75,1682601918750000000,657.0,657.0,657.0,2573.0,1.0,6570.0,699.5,5.0,720.5,16.0,,0.0,,0.0,,0.0,677.5,16.0,665.0,1.0,664.5,31.0,466.0,2.0,200.0,1.0
2023-04-27 21:25:19.0,1682601919000000000,657.0,657.0,657.0,2573.0,1.0,6570.0,699.0,2.0,699.5,5.0,720.5,16.0,,0.0,,0.0,677.5,16.0,665.0,1.0,664.5,31.0,466.0,2.0,200.0,1.0
2023-04-27 21:26:08.75,1682601968750000000,657.0,657.0,657.0,2573.0,1.0,6570.0,697.5,5.0,699.0,2.0,720.5,16.0,,0.0,,0.0,677.5,16.0,665.0,1.0,664.5,31.0,466.0,2.0,200.0,1.0
2023-04-27 21:26:19.0,1682601979000000000,657.0,657.0,657.0,2573.0,1.0,6570.0,697.5,5.0,720.5,16.0,,0.0,,0.0,,0.0,677.5,16.0,665.0,1.0,664.5,31.0,466.0,2.0,200.0,1.0
2023-04-27 21:26:19.25,1682601979250000000,657.0,657.0,657.0,2573.0,1.0,6570.0,697.0,2.0,697.5,5.0,720.5,16.0,,0.0,,0.0,677.5,16.0,665.0,1.0,664.5,31.0,466.0,2.0,200.0,1.0
2023-04-27 21:27:37.5,1682602057500000000,657.0,657.0,657.0,2573.0,1.0,6570.0,697.0,2.0,699.0,5.0,720.5,16.0,,0.0,,0.0,677.5,16.0,665.0,1.0,664.5,31.0,466.0,2.0,200.0,1.0
2023-04-27 21:28:12.0,1682602092000000000,657.0,657.0,657.0,2573.0,1.0,6570.0,700.5,5.0,720.5,16.0,,0.0,,0.0,,0.0,677.5,16.0,665.0,1.0,664.5,31.0,466.0,2.0,200.0,1.0
2023-04-27 21:28:12.25,1682602092250000000,657.0,657.0,657.0,2573.0,1.0,6570.0,700.0,2.0,700.5,5.0,720.5,16.0,,0.0,,0.0,677.5,16.0,665.0,1.0,664.5,31.0,466.0,2.0,200.0,1.0
2023-04-27 21:28:16.0,1682602096000000000,657.0,657.0,657.0,2573.0,1.0,6570.0,700.0,2.0,702.0,5.0,720.5,16.0,,0.0,,0.0,677.5,16.0,665.0,1.0,664.5,31.0,466.0,2.0,200.0,1.0
2023-04-27 21:28:16.75,1682602096750000000,657.0,657.0,657.0,2573.0,1.0,6570.0,702.0,5.0,720.5,16.0,,0.0,,0.0,,0.0,677.5,16.0,665.0,1.0,664.5,31.0,466.0,2.0,200.0,1.0
2023-04-27 21:28:17.0,1682602097000000000,657.0,657.0,657.0,2573.0,1.0,6570.0,701.5,2.0,702.0,5.0,720.5,16.0,,0.0,,0.0,677.5,16.0,665.0,1.0,664.5,31.0,466.0,2.0,200.0,1.0
2023-04-27 21:28:17.25,1682602097250000000,657.0,657.0,657.0,2573.0,1.0,6570.0,701.5,2.0,703.5,5.0,720.5,16.0,,0.0,,0.0,677.5,16.0,665.0,1.0,664.5,31.0,466.0,2.0,200.0,1.0
2023-04-27 21:28:18.5,1682602098500000000,657.0,657.0,657.0,2573.0,1.0,6570.0,703.5,5.0,720.5,16.0,,0.0,,0.0,,0.0,677.5,16.0,665.0,1.0,664.5,31.0,466.0,2.0,200.0,1.0
2023-04-27 21:28:18.75,1682602098750000000,657.0,657.0,657.0,2573.0,1.0,6570.0,703.0,2.0,703.5,5.0,720.5,16.0,,0.0,,0.0,677.5,16.0,665.0,1.0,664.5,31.0,466.0,2.0,200.0,1.0
2023-04-27 21:28:27.5,1682602107500000000,657.0,657.0,657.0,2573.0,1.0,6570.0,703.0,2.0,705.0,5.0,720.5,16.0,,0.0,,0.0,677.5,16.0,665.0,1.0,664.5,31.0,466.0,2.0,200.0,1.0
2023-04-27 21:28:44.0,1682602124000000000,657.0,657.0,657.0,2573.0,1.0,6570.0,703.0,2.0,703.5,5.0,720.5,16.0,,0.0,,0.0,677.5,16.0,665.0,1.0,664.5,31.0,466.0,2.0,200.0,1.0
2023-04-27 21:29:26.5,1682602166500000000,657.0,657.0,657.0,2573.0,1.0,6570.0,703.0,2.0,705.0,5.0,720.5,16.0,,0.0,,0.0,677.5,16.0,665.0,1.0,664.5,31.0,466.0,2.0,200.0,1.0
2023-04-27 21:29:44.0,1682602184000000000,657.0,657.0,657.0,2573.0,1.0,6570.0,703.0,7.0,720.5,16.0,,0.0,,0.0,,0.0,677.5,16.0,665.0,1.0,664.5,31.0,466.0,2.0,200.0,1.0
2023-04-27 21:30:04.75,1682602204750000000,657.0,657.0,657.0,2573.0,1.0,6570.0,703.0,2.0,704.5,5.0,720.5,16.0,,0.0,,0.0,677.5,16.0,665.0,1.0,664.5,31.0,466.0,2.0,200.0,1.0
2023-04-27 21:30:56.0,1682602256000000000,657.0,657.0,657.0,2573.0,1.0,6570.0,703.0,7.0,720.5,16.0,,0.0,,0.0,,0.0,677.5,16.0,665.0,1.0,664.5,31.0,466.0,2.0,200.0,1.0
2023-04-27 21:31:13.5,1682602273500000000,657.0,657.0,657.0,2573.0,1.0,6570.0,701.5,5.0,703.0,2.0,720.5,16.0,,0.0,,0.0,677.5,16.0,665.0,1.0,664.5,31.0,466.0,2.0,200.0,1.0
2023-04-27 21:31:13.75,1682602273750000000,657.0,657.0,657.0,2573.0,1.0,6570.0,701.5,5.0,720.5,16.0,,0.0,,0.0,,0.0,677.5,16.0,665.0,1.0,664.5,31.0,466.0,2.0,200.0,1.0
2023-04-27 21:31:14.0,1682602274000000000,657.0,657.0,657.0,2573.0,1.0,6570.0,701.0,2.0,701.5,5.0,720.5,16.0,,0.0,,0.0,677.5,16.0,665.0,1.0,664.5,31.0,466.0,2.0,200.0,1.0
2023-04-27 21:31:29.75,1682602289750000000,657.0,657.0,657.0,2573.0,1.0,6570.0,701.0,2.0,703.0,5.0,720.5,16.0,,0.0,,0.0,677.5,16.0,665.0,1.0,664.5,31.0,466.0,2.0,200.0,1.0
2023-04-27 21:31:39.5,1682602299500000000,657.0,657.0,657.0,2573.0,1.0,6570.0,701.0,2.0,704.5,5.0,720.5,16.0,,0.0,,0.0,677.5,16.0,665.0,1.0,664.5,31.0,466.0,2.0,200.0,1.0
2023-04-27 21:31:44.0,1682602304000000000,657.0,657.0,657.0,2573.0,1.0,6570.0,704.5,5.0,720.5,16.0,,0.0,,0.0,,0.0,677.5,16.0,665.0,1.0,664.5,31.0,466.0,2.0,200.0,1.0
2023-04-27 21:31:44.25,1682602304250000000,657.0,657.0,657.0,2573.0,1.0,6570.0,704.0,2.0,704.5,5.0,720.5,16.0,,0.0,,0.0,677.5,16.0,665.0,1.0,664.5,31.0,466.0,2.0,200.0,1.0
2023-04-27 21:32:12.0,1682602332000000000,657.0,657.0,657.0,2573.0,1.0,6570.0,708.0,5.0,720.5,16.0,,0.0,,0.0,,0.0,677.5,16.0,665.0,1.0,664.5,31.0,466.0,2.0,200.0,1.0
2023-04-27 21:32:12.25,1682602332250000000,657.0,657.0,657.0,2573.0,1.0,6570.0,707.5,2.0,720.5,16.0,,0.0,,0.0,,0.0,677.5,16.0,665.0,1.0,664.5,31.0,466.0,2.0,200.0,1.0
2023-04-27 21:32:53.75,1682602373750000000,657.0,657.0,657.0,2573.0,1.0,6570.0,707.5,2.0,710.0,5.0,720.5,16.0,,0.0,,0.0,677.5,16.0,665.0,1.0,664.5,31.0,466.0,2.0,200.0,1.0
2023-04-27 21:32:58.75,1682602378750000000,657.0,657.0,657.0,2573.0,1.0,6570.0,711.5,5.0,720.5,16.0,,0.0,,0.0,,0.0,677.5,16.0,665.0,1.0,664.5,31.0,466.0,2.0,200.0,1.0
2023-04-27 21:32:59.0,1682602379000000000,657.0,657.0,657.0,2573.0,1.0,6570.0,711.0,2.0,711.5,5.0,720.5,16.0,,0.0,,0.0,677.5,16.0,665.0,1.0,664.5,31.0,466.0,2.0,200.0,1.0
2023-04-27 21:33:04.5,1682602384500000000,657.0,657.0,657.0,2573.0,1.0,6570.0,711.0,2.0,713.0,5.0,720.5,16.0,,0.0,,0.0,677.5,16.0,665.0,1.0,664.5,31.0,466.0,2.0,200.0,1.0
2023-04-27 21:33:44.0,1682602424000000000,657.0,657.0,657.0,2573.0,1.0,6570.0,711.0,2.0,711.5,5.0,720.5,16.0,,0.0,,0.0,677.5,16.0,665.0,1.0,664.5,31.0,466.0,2.0,200.0,1.0
2023-04-27 21:34:01.75,1682602441750000000,657.0,657.0,657.0,2573.0,1.0,6570.0,710.0,5.0,711.0,2.0,720.5,16.0,,0.0,,0.0,677.5,16.0,665.0,1.0,664.5,31.0,466.0,2.0,200.0,1.0
2023-04-27 21:34:02.0,1682602442000000000,657.0,657.0,657.0,2573.0,1.0,6570.0,710.0,5.0,720.5,16.0,,0.0,,0.0,,0.0,677.5,16.0,665.0,1.0,664.5,31.0,466.0,2.0,200.0,1.0
2023-04-27 21:34:02.25,1682602442250000000,657.0,657.0,657.0,2573.0,1.0,6570.0,709.5,2.0,710.0,5.0,720.5,16.0,,0.0,,0.0,677.5,16.0,665.0,1.0,664.5,31.0,466.0,2.0,200.0,1.0
2023-04-27 21:34:03.25,1682602443250000000,657.0,657.0,657.0,2573.0,1.0,6570.0,708.5,5.0,709.5,2.0,720.5,16.0,,0.0,,0.0,677.5,16.0,665.0,1.0,664.5,31.0,466.0,2.0,200.0,1.0
2023-04-27 21:34:07.0,1682602447000000000,657.0,657.0,657.0,2573.0,1.0,6570.0,707.0,5.0,709.5,2.0,720.5,16.0,,0.0,,0.0,677.5,16.0,665.0,1.0,664.5,31.0,466.0,2.0,200.0,1.0
2023-04-27 21:34:07.25,1682602447250000000,657.0,657.0,657.0,2573.0,1.0,6570.0,707.0,5.0,720.5,16.0,,0.0,,0.0,,0.0,677.5,16.0,665.0,1.0,664.5,31.0,466.0,2.0,200.0,1.0
2023-04-27 21:34:07.5,1682602447500000000,657.0,657.0,657.0,2573.0,1.0,6570.0,706.5,2.0,707.0,5.0,720.5,16.0,,0.0,,0.0,677.5,16.0,665.0,1.0,664.5,31.0,466.0,2.0,200.0,1.0
2023-04-27 21:34:11.75,1682602451750000000,657.0,657.0,657.0,2573.0,1.0,6570.0,706.5,2.0,708.5,5.0,720.5,16.0,,0.0,,0.0,677.5,16.0,665.0,1.0,664.5,31.0,466.0,2.0,200.0,1.0
2023-04-27 21:34:20.25,1682602460250000000,657.0,657.0,657.0,2573.0,1.0,6570.0,706.5,2.0,707.0,5.0,720.5,16.0,,0.0,,0.0,677.5,16.0,665.0,1.0,664.5,31.0,466.0,2.0,200.0,1.0
2023-04-27 21:34:26.25,1682602466250000000,657.0,657.0,657.0,2573.0,1.0,6570.0,706.5,2.0,708.5,5.0,720.5,16.0,,0.0,,0.0,677.5,16.0,665.0,1.0,664.5,31.0,466.0,2.0,200.0,1.0
2023-04-27 21:34:58.75,1682602498750000000,657.0,657.0,657.0,2573.0,1.0,6570.0,706.5,2.0,710.0,5.0,720.5,16.0,,0.0,,0.0,677.5,16.0,665.0,1.0,664.5,31.0,466.0,2.0,200.0,1.0
2023-04-27 21:35:00.5,1682602500500000000,657.0,657.0,657.0,2573.0,1.0,6570.0,706.5,2.0,708.5,5.0,720.5,16.0,,0.0,,0.0,677.5,16.0,665.0,1.0,664.5,31.0,466.0,2.0,200.0,1.0
2023-04-27 21:35:39.0,1682602539000000000,657.0,657.0,657.0,2573.0,1.0,6570.0,706.5,7.0,720.5,16.0,,0.0,,0.0,,0.0,677.5,16.0,665.0,1.0,664.5,31.0,466.0,2.0,200.0,1.0
2023-04-27 21:35:41.0,1682602541000000000,657.0,657.0,657.0,2573.0,1.0,6570.0,704.5,5.0,706.5,2.0,720.5,16.0,,0.0,,0.0,677.5,16.0,665.0,1.0,664.5,31.0,466.0,2.0,200.0,1.0
2023-04-27 21:35:41.25,1682602541250000000,657.0,657.0,657.0,2573.0,1.0,6570.0,704.5,5.0,720.5,16.0,,0.0,,0.0,,0.0,677.5,16.0,665.0,1.0,664.5,31.0,466.0,2.0,200.0,1.0
2023-04-27 21:35:41.5,1682602541500000000,657.0,657.0,657.0,2573.0,1.0,6570.0,704.0,2.0,704.5,5.0,720.5,16.0,,0.0,,0.0,677.5,16.0,665.0,1.0,664.5,31.0,466.0,2.0,200.0,1.0
2023-04-27 21:35:42.5,1682602542500000000,657.0,657.0,657.0,2573.0,1.0,6570.0,704.0,2.0,706.0,5.0,720.5,16.0,,0.0,,0.0,677.5,16.0,665.0,1.0,664.5,31.0,466.0,2.0,200.0,1.0
2023-04-27 21:35:50.75,1682602550750000000,657.0,657.0,657.0,2573.0,1.0,6570.0,704.0,2.0,707.5,5.0,720.5,16.0,,0.0,,0.0,677.5,16.0,665.0,1.0,664.5,31.0,466.0,2.0,200.0,1.0
2023-04-27 21:36:59.75,1682602619750000000,704.0,704.0,657.0,2571.0,3.0,20650.0,707.5,5.0,720.5,16.0,,0.0,,0.0,,0.0,677.5,16.0,665.0,1.0,664.5,31.0,466.0,2.0,200.0,1.0
2023-04-27 21:37:00.0,1682602620000000000,704.0,704.0,657.0,2571.0,3.0,20650.0,707.0,2.0,709.5,5.0,720.5,16.0,,0.0,,0.0,677.5,16.0,665.0,1.0,664.5,31.0,466.0,2.0,200.0,1.0
2023-04-27 21:37:00.25,1682602620250000000,704.0,704.0,657.0,2571.0,3.0,20650.0,707.0,2.0,709.5,5.0,720.5,16.0,,0.0,,0.0,678.0,1.0,677.5,16.0,665.0,1.0,664.5,31.0,466.0,2.0
2023-04-27 21:37:12.0,1682602632000000000,704.0,704.0,657.0,2571.0,3.0,20650.0,707.0,2.0,708.0,5.0,720.5,16.0,,0.0,,0.0,678.0,1.0,677.5,16.0,665.0,1.0,664.5,31.0,466.0,2.0
2023-04-27 21:37:25.5,1682602645500000000,704.0,704.0,657.0,2571.0,3.0,20650.0,706.5,5.0,707.0,2.0,720.5,16.0,,0.0,,0.0,678.0,1.0,677.5,16.0,665.0,1.0,664.5,31.0,466.0,2.0
2023-04-27 21:37:26.25,1682602646250000000,704.0,704.0,657.0,2571.0,3.0,20650.0,704.5,5.0,707.0,2.0,720.5,16.0,,0.0,,0.0,678.0,1.0,677.5,16.0,665.0,1.0,664.5,31.0,466.0,2.0
2023-04-27 21:37:26.5,1682602646500000000,704.0,704.0,657.0,2571.0,3.0,20650.0,704.5,5.0,720.5,16.0,,0.0,,0.0,,0.0,678.0,1.0,677.5,16.0,665.0,1.0,664.5,31.0,466.0,2.0
2023-04-27 21:37:26.75,1682602646750000000,704.0,704.0,657.0,2571.0,3.0,20650.0,704.0,2.0,704.5,5.0,720.5,16.0,,0.0,,0.0,678.0,1.0,677.5,16.0,665.0,1.0,664.5,31.0,466.0,2.0
2023-04-27 21:37:37.0,1682602657000000000,704.0,704.0,657.0,2571.0,3.0,20650.0,703.0,5.0,704.0,2.0,720.5,16.0,,0.0,,0.0,678.0,1.0,677.5,16.0,665.0,1.0,664.5,31.0,466.0,2.0
2023-04-27 21:38:02.25,1682602682250000000,704.0,704.0,657.0,2571.0,3.0,20650.0,701.0,5.0,704.0,2.0,720.5,16.0,,0.0,,0.0,678.0,1.0,677.5,16.0,665.0,1.0,664.5,31.0,466.0,2.0
2023-04-27 21:38:02.5,1682602682500000000,704.0,704.0,657.0,2571.0,3.0,20650.0,701.0,5.0,720.5,16.0,,0.0,,0.0,,0.0,678.0,1.0,677.5,16.0,665.0,1.0,664.5,31.0,466.0,2.0
2023-04-27 21:38:02.75,1682602682750000000,704.0,704.0,657.0,2571.0,3.0,20650.0,700.5,2.0,701.0,5.0,720.5,16.0,,0.0,,0.0,678.0,1.0,677.5,16.0,665.0,1.0,664.5,31.0,466.0,2.0
2023-04-27 21:38:08.75,1682602688750000000,704.0,704.0,657.0,2571.0,3.0,20650.0,700.5,2.0,702.5,5.0,720.5,16.0,,0.0,,0.0,678.0,1.0,677.5,16.0,665.0,1.0,664.5,31.0,466.0,2.0
2023-04-27 21:38:16.75,1682602696750000000,704.0,704.0,657.0,2571.0,3.0,20650.0,700.5,2.0,704.0,5.0,720.5,16.0,,0.0,,0.0,678.0,1.0,677.5,16.0,665.0,1.0,664.5,31.0,466.0,2.0
2023-04-27 21:38:31.75,1682602711750000000,704.0,704.0,657.0,2571.0,3.0,20650.0,700.5,2.0,702.5,5.0,720.5,16.0,,0.0,,0.0,678.0,1.0,677.5,16.0,665.0,1.0,664.5,31.0,466.0,2.0
2023-04-27 21:39:10.25,1682602750250000000,704.0,704.0,657.0,2571.0,3.0,20650.0,700.5,2.0,704.0,5.0,720.5,16.0,,0.0,,0.0,678.0,1.0,677.5,16.0,665.0,1.0,664.5,31.0,466.0,2.0
2023-04-27 21:39:18.5,1682602758500000000,704.0,704.0,657.0,2571.0,3.0,20650.0,704.0,5.0,720.5,16.0,,0.0,,0.0,,0.0,678.0,1.0,677.5,16.0,665.0,1.0,664.5,31.0,466.0,2.0
2023-04-27 21:39:18.75,1682602758750000000,704.0,704.0,657.0,2571.0,3.0,20650.0,703.5,2.0,704.0,5.0,720.5,16.0,,0.0,,0.0,678.0,1.0,677.5,16.0,665.0,1.0,664.5,31.0,466.0,2.0
2023-04-27 21:39:29.0,1682602769000000000,704.0,704.0,657.0,2571.0,3.0,20650.0,703.5,2.0,705.5,5.0,720.5,16.0,,0.0,,0.0,678.0,1.0,677.5,16.0,665.0,1.0,664.5,31.0,466.0,2.0
2023-04-27 21:39:49.5,1682602789500000000,704.0,704.0,657.0,2571.0,3.0,20650.0,703.5,2.0,704.0,5.0,720.5,16.0,,0.0,,0.0,678.0,1.0,677.5,16.0,665.0,1.0,664.5,31.0,466.0,2.0
2023-04-27 21:40:00.75,1682602800750000000,704.0,704.0,657.0,2571.0,3.0,20650.0,702.0,5.0,703.5,2.0,720.5,16.0,,0.0,,0.0,678.0,1.0,677.5,16.0,665.0,1.0,664.5,31.0,466.0,2.0
2023-04-27 21:40:18.75,1682602818750000000,704.0,704.0,657.0,2571.0,3.0,20650.0,702.0,5.0,720.5,16.0,,0.0,,0.0,,0.0,678.0,1.0,677.5,16.0,665.0,1.0,664.5,31.0,466.0,2.0
2023-04-27 21:40:19.0,1682602819000000000,704.0,704.0,657.0,2571.0,3.0,20650.0,701.5,2.0,702.0,5.0,720.5,16.0,,0.0,,0.0,678.0,1.0,677.5,16.0,665.0,1.0,664.5,31.0,466.0,2.0
2023-04-27 21:40:22.5,1682602822500000000,704.0,704.0,657.0,2571.0,3.0,20650.0,701.5,2.0,703.5,5.0,720.5,16.0,,0.0,,0.0,678.0,1.0,677.5,16.0,665.0,1.0,664.5,31.0,466.0,2.0
2023-04-27 21:41:03.0,1682602863000000000,704.0,704.0,657.0,2571.0,3.0,20650.0,701.5,2.0,702.0,5.0,720.5,16.0,,0.0,,0.0,678.0,1.0,677.5,16.0,665.0,1.0,664.5,31.0,466.0,2.0
2023-04-27 21:41:06.75,1682602866750000000,704.0,704.0,657.0,2571.0,3.0,20650.0,701.5,2.0,703.5,5.0,720.5,16.0,,0.0,,0.0,678.0,1.0,677.5,16.0,665.0,1.0,664.5,31.0,466.0,2.0
2023-04-27 21:41:28.75,1682602888750000000,704.0,704.0,657.0,2571.0,3.0,20650.0,701.5,7.0,720.5,16.0,,0.0,,0.0,,0.0,678.0,1.0,677.5,16.0,665.0,1.0,664.5,31.0,466.0,2.0
2023-04-27 21:41:42.5,1682602902500000000,704.0,704.0,657.0,2571.0,3.0,20650.0,700.0,5.0,701.5,2.0,720.5,16.0,,0.0,,0.0,678.0,1.0,677.5,16.0,665.0,1.0,664.5,31.0,466.0,2.0
2023-04-27 21:41:42.75,1682602902750000000,704.0,704.0,657.0,2571.0,3.0,20650.0,700.0,5.0,720.5,16.0,,0.0,,0.0,,0.0,678.0,1.0,677.5,16.0,665.0,1.0,664.5,31.0,466.0,2.0
2023-04-27 21:41:43.0,1682602903000000000,704.0,704.0,657.0,2571.0,3.0,20650.0,699.5,2.0,700.0,5.0,720.5,16.0,,0.0,,0.0,678.0,1.0,677.5,16.0,665.0,1.0,664.5,31.0,466.0,2.0
2023-04-27 21:41:57.5,1682602917500000000,704.0,704.0,657.0,2571.0,3.0,20650.0,699.5,2.0,701.5,5.0,720.5,16.0,,0.0,,0.0,678.0,1.0,677.5,16.0,665.0,1.0,664.5,31.0,466.0,2.0
2023-04-27 21:42:01.0,1682602921000000000,704.0,704.0,657.0,2571.0,3.0,20650.0,699.5,2.0,700.0,5.0,720.5,16.0,,0.0,,0.0,678.0,1.0,677.5,16.0,665.0,1.0,664.5,31.0,466.0,2.0
2023-04-27 21:42:21.25,1682602941250000000,704.0,704.0,657.0,2571.0,3.0,20650.0,699.5,2.0,701.5,5.0,720.5,16.0,,0.0,,0.0,678.0,1.0,677.5,16.0,665.0,1.0,664.5,31.0,466.0,2.0
2023-04-27 21:43:05.0,1682602985000000000,704.0,704.0,657.0,2571.0,3.0,20650.0,699.5,2.0,703.0,5.0,720.5,16.0,,0.0,,0.0,678.0,1.0,677.5,16.0,665.0,1.0,664.5,31.0,466.0,2.0
2023-04-27 21:43:05.25,1682602985250000000,704.0,704.0,657.0,2571.0,3.0,20650.0,703.0,5.0,720.5,16.0,,0.0,,0.0,,0.0,678.0,1.0,677.5,16.0,665.0,1.0,664.5,31.0,466.0,2.0
2023-04-27 21:43:05.5,1682602985500000000,704.0,704.0,657.0,2571.0,3.0,20650.0,702.5,2.0,703.0,5.0,720.5,16.0,,0.0,,0.0,678.0,1.0,677.5,16.0,665.0,1.0,664.5,31.0,466.0,2.0
2023-04-27 21:43:06.25,1682602986250000000,704.0,704.0,657.0,2571.0,3.0,20650.0,702.5,2.0,706.0,5.0,720.5,16.0,,0.0,,0.0,678.0,1.0,677.5,16.0,665.0,1.0,664.5,31.0,466.0,2.0
2023-04-27 21:43:06.5,1682602986500000000,704.0,704.0,657.0,2571.0,3.0,20650.0,706.0,5.0,720.5,16.0,,0.0,,0.0,,0.0,678.0,1.0,677.5,16.0,665.0,1.0,664.5,31.0,466.0,2.0
2023-04-27 21:43:06.75,1682602986750000000,704.0,704.0,657.0,2571.0,3.0,20650.0,705.5,2.0,706.0,5.0,720.5,16.0,,0.0,,0.0,678.0,1.0,677.5,16.0,665.0,1.0,664.5,31.0,466.0,2.0
2023-04-27 21:43:41.75,1682603021750000000,704.0,704.0,657.0,2571.0,3.0,20650.0,705.5,2.0,707.5,5.0,720.5,16.0,,0.0,,0.0,678.0,1.0,677.5,16.0,665.0,1.0,664.5,31.0,466.0,2.0
2023-04-27 21:43:46.0,1682603026000000000,704.0,704.0,657.0,2571.0,3.0,20650.0,705.5,2.0,709.0,5.0,720.5,16.0,,0.0,,0.0,678.0,1.0,677.5,16.0,665.0,1.0,664.5,31.0,466.0,2.0
2023-04-27 21:43:51.0,1682603031000000000,704.0,704.0,657.0,2571.0,3.0,20650.0,705.5,2.0,707.5,5.0,720.5,16.0,,0.0,,0.0,678.0,1.0,677.5,16.0,665.0,1.0,664.5,31.0,466.0,2.0
2023-04-27 21:43:53.5,1682603033500000000,704.0,704.0,657.0,2571.0,3.0,20650.0,705.5,2.0,709.0,5.0,720.5,16.0,,0.0,,0.0,678.0,1.0,677.5,16.0,665.0,1.0,664.5,31.0,466.0,2.0
2023-04-27 21:43:59.0,1682603039000000000,704.0,704.0,657.0,2571.0,3.0,20650.0,705.5,2.0,707.5,5.0,720.5,16.0,,0.0,,0.0,678.0,1.0,677.5,16.0,665.0,1.0,664.5,31.0,466.0,2.0
2023-04-27 21:44:01.75,1682603041750000000,704.0,704.0,657.0,2571.0,3.0,20650.0,705.5,2.0,709.0,5.0,720.5,16.0,,0.0,,0.0,678.0,1.0,677.5,16.0,665.0,1.0,664.5,31.0,466.0,2.0
2023-04-27 21:44:18.75,1682603058750000000,704.0,704.0,657.0,2571.0,3.0,20650.0,705.5,2.0,707.5,5.0,720.5,16.0,,0.0,,0.0,678.0,1.0,677.5,16.0,665.0,1.0,664.5,31.0,466.0,2.0
2023-04-27 21:45:01.25,1682603101250000000,704.0,704.0,657.0,2571.0,3.0,20650.0,705.5,2.0,709.0,5.0,720.5,16.0,,0.0,,0.0,678.0,1.0,677.5,16.0,665.0,1.0,664.5,31.0,466.0,2.0
2023-04-27 21:45:01.5,1682603101500000000,704.0,704.0,657.0,2571.0,3.0,20650.0,709.0,5.0,720.5,16.0,,0.0,,0.0,,0.0,678.0,1.0,677.5,16.0,665.0,1.0,664.5,31.0,466.0,2.0
2023-04-27 21:45:01.75,1682603101750000000,704.0,704.0,657.0,2571.0,3.0,20650.0,708.5,2.0,709.0,5.0,720.5,16.0,,0.0,,0.0,678.0,1.0,677.5,16.0,665.0,1.0,664.5,31.0,466.0,2.0
2023-04-27 21:45:03.5,1682603103500000000,704.0,704.0,657.0,2571.0,3.0,20650.0,706.5,5.0,708.5,2.0,720.5,16.0,,0.0,,0.0,678.0,1.0,677.5,16.0,665.0,1.0,664.5,31.0,466.0,2.0
2023-04-27 21:45:03.75,1682603103750000000,704.0,704.0,657.0,2571.0,3.0,20650.0,706.5,5.0,720.5,16.0,,0.0,,0.0,,0.0,678.0,1.0,677.5,16.0,665.0,1.0,664.5,31.0,466.0,2.0
2023-04-27 21:45:04.0,1682603104000000000,704.0,704.0,657.0,2571.0,3.0,20650.0,706.0,2.0,706.5,5.0,720.5,16.0,,0.0,,0.0,678.0,1.0,677.5,16.0,665.0,1.0,664.5,31.0,466.0,2.0
2023-04-27 21:45:06.0,1682603106000000000,704.0,704.0,657.0,2571.0,3.0,20650.0,706.0,2.0,708.0,5.0,720.5,16.0,,0.0,,0.0,678.0,1.0,677.5,16.0,665.0,1.0,664.5,31.0,466.0,2.0
2023-04-27 21:46:03.75,1682603163750000000,704.0,704.0,657.0,2571.0,3.0,20650.0,706.0,2.0,709.5,5.0,720.5,16.0,,0.0,,0.0,678.0,1.0,677.5,16.0,665.0,1.0,664.5,31.0,466.0,2.0
2023-04-27 21:46:04.25,1682603164250000000,704.0,704.0,657.0,2571.0,3.0,20650.0,709.5,5.0,720.5,16.0,,0.0,,0.0,,0.0,678.0,1.0,677.5,16.0,665.0,1.0,664.5,31.0,466.0,2.0
2023-04-27 21:46:04.5,1682603164500000000,704.0,704.0,657.0,2571.0,3.0,20650.0,709.0,2.0,709.5,5.0,720.5,16.0,,0.0,,0.0,678.0,1.0,677.5,16.0,665.0,1.0,664.5,31.0,466.0,2.0
2023-04-27 21:46:13.25,1682603173250000000,704.0,704.0,657.0,2571.0,3.0,20650.0,708.0,5.0,709.0,2.0,720.5,16.0,,0.0,,0.0,678.0,1.0,677.5,16.0,665.0,1.0,664.5,31.0,466.0,2.0
2023-04-27 21:46:27.75,1682603187750000000,704.0,704.0,657.0,2571.0,3.0,20650.0,709.0,2.0,709.5,5.0,720.5,16.0,,0.0,,0.0,678.0,1.0,677.5,16.0,665.0,1.0,664.5,31.0,466.0,2.0
2023-04-27 21:46:38.75,1682603198750000000,704.0,704.0,657.0,2571.0,3.0,20650.0,708.0,5.0,709.0,2.0,720.5,16.0,,0.0,,0.0,678.0,1.0,677.5,16.0,665.0,1.0,664.5,31.0,466.0,2.0
2023-04-27 21:47:04.5,1682603224500000000,704.0,704.0,657.0,2571.0,3.0,20650.0,708.0,5.0,720.5,16.0,,0.0,,0.0,,0.0,678.0,1.0,677.5,16.0,665.0,1.0,664.5,31.0,466.0,2.0
2023-04-27 21:47:04.75,1682603224750000000,704.0,704.0,657.0,2571.0,3.0,20650.0,707.5,2.0,708.0,5.0,720.5,16.0,,0.0,,0.0,678.0,1.0,677.5,16.0,665.0,1.0,664.5,31.0,466.0,2.0
2023-04-27 21:47:15.0,1682603235000000000,704.0,704.0,657.0,2571.0,3.0,20650.0,706.5,5.0,707.5,2.0,720.5,16.0,,0.0,,0.0,678.0,1.0,677.5,16.0,665.0,1.0,664.5,31.0,466.0,2.0
2023-04-27 21:47:41.0,1682603261000000000,704.0,704.0,657.0,2571.0,3.0,20650.0,705.0,5.0,707.5,2.0,720.5,16.0,,0.0,,0.0,678.0,1.0,677.5,16.0,665.0,1.0,664.5,31.0,466.0,2.0
2023-04-27 21:47:41.25,1682603261250000000,704.0,704.0,657.0,2571.0,3.0,20650.0,705.0,5.0,720.5,16.0,,0.0,,0.0,,0.0,678.0,1.0,677.5,16.0,665.0,1.0,664.5,31.0,466.0,2.0
2023-04-27 21:47:41.5,1682603261500000000,704.0,704.0,657.0,2571.0,3.0,20650.0,704.5,2.0,705.0,5.0,720.5,16.0,,0.0,,0.0,678.0,1.0,677.5,16.0,665.0,1.0,664.5,31.0,466.0,2.0
2023-04-27 21:47:48.75,1682603268750000000,704.0,704.0,657.0,2571.0,3.0,20650.0,704.5,2.0,706.5,5.0,720.5,16.0,,0.0,,0.0,678.0,1.0,677.5,16.0,665.0,1.0,664.5,31.0,466.0,2.0
2023-04-27 21:48:02.25,1682603282250000000,704.0,704.0,657.0,2571.0,3.0,20650.0,704.5,2.0,705.0,5.0,720.5,16.0,,0.0,,0.0,678.0,1.0,677.5,16.0,665.0,1.0,664.5,31.0,466.0,2.0
2023-04-27 21:48:09.25,1682603289250000000,704.0,704.0,657.0,2571.0,3.0,20650.0,704.5,2.0,706.5,5.0,720.5,16.0,,0.0,,0.0,678.0,1.0,677.5,16.0,665.0,1.0,664.5,31.0,466.0,2.0
2023-04-27 21:48:23.5,1682603303500000000,704.0,704.0,657.0,2571.0,3.0,20650.0,708.5,5.0,720.5,16.0,,0.0,,0.0,,0.0,678.0,1.0,677.5,16.0,665.0,1.0,664.5,31.0,466.0,2.0
2023-04-27 21:48:23.75,1682603303750000000,704.0,704.0,657.0,2571.0,3.0,20650.0,708.0,2.0,708.5,5.0,720.5,16.0,,0.0,,0.0,678.0,1.0,677.5,16.0,665.0,1.0,664.5,31.0,466.0,2.0
2023-04-27 21:48:58.0,1682603338000000000,704.0,704.0,657.0,2571.0,3.0,20650.0,707.0,5.0,708.0,2.0,720.5,16.0,,0.0,,0.0,678.0,1.0,677.5,16.0,665.0,1.0,664.5,31.0,466.0,2.0
2023-04-27 21:49:00.75,1682603340750000000,704.0,704.0,657.0,2571.0,3.0,20650.0,705.5,5.0,708.0,2.0,720.5,16.0,,0.0,,0.0,678.0,1.0,677.5,16.0,665.0,1.0,664.5,31.0,466.0,2.0
2023-04-27 21:49:01.0,1682603341000000000,704.0,704.0,657.0,2571.0,3.0,20650.0,705.5,5.0,720.5,16.0,,0.0,,0.0,,0.0,678.0,1.0,677.5,16.0,665.0,1.0,664.5,31.0,466.0,2.0
2023-04-27 21:49:01.25,1682603341250000000,704.0,704.0,657.0,2571.0,3.0,20650.0,705.0,2.0,705.5,5.0,720.5,16.0,,0.0,,0.0,678.0,1.0,677.5,16.0,665.0,1.0,664.5,31.0,466.0,2.0
2023-04-27 21:49:29.5,1682603369500000000,704.0,704.0,657.0,2571.0,3.0,20650.0,705.0,2.0,707.0,5.0,720.5,16.0,,0.0,,0.0,678.0,1.0,677.5,16.0,665.0,1.0,664.5,31.0,466.0,2.0
2023-04-27 21:50:44.0,1682603444000000000,704.0,704.0,657.0,2571.0,3.0,20650.0,707.0,5.0,720.5,16.0,,0.0,,0.0,,0.0,678.0,1.0,677.5,16.0,665.0,1.0,664.5,31.0,466.0,2.0
2023-04-27 21:50:44.25,1682603444250000000,704.0,704.0,657.0,2571.0,3.0,20650.0,706.5,2.0,707.0,5.0,720.5,16.0,,0.0,,0.0,678.0,1.0,677.5,16.0,665.0,1.0,664.5,31.0,466.0,2.0
2023-04-27 21:51:07.0,1682603467000000000,704.0,704.0,657.0,2571.0,3.0,20650.0,706.5,2.0,709.0,5.0,720.5,16.0,,0.0,,0.0,678.0,1.0,677.5,16.0,665.0,1.0,664.5,31.0,466.0,2.0
2023-04-27 21:51:07.25,1682603467250000000,704.0,704.0,657.0,2571.0,3.0,20650.0,709.0,5.0,720.5,16.0,,0.0,,0.0,,0.0,678.0,1.0,677.5,16.0,665.0,1.0,664.5,31.0,466.0,2.0
2023-04-27 21:51:07.5,1682603467500000000,704.0,704.0,657.0,2571.0,3.0,20650.0,708.5,2.0,709.0,5.0,720.5,16.0,,0.0,,0.0,678.0,1.0,677.5,16.0,665.0,1.0,664.5,31.0,466.0,2.0
2023-04-27 21:51:11.5,1682603471500000000,704.0,704.0,657.0,2571.0,3.0,20650.0,708.5,2.0,711.0,5.0,720.5,16.0,,0.0,,0.0,678.0,1.0,677.5,16.0,665.0,1.0,664.5,31.0,466.0,2.0
2023-04-27 21:51:22.5,1682603482500000000,704.0,704.0,657.0,2571.0,3.0,20650.0,708.5,2.0,709.5,5.0,720.5,16.0,,0.0,,0.0,678.0,1.0,677.5,16.0,665.0,1.0,664.5,31.0,466.0,2.0
2023-04-27 21:51:54.0,1682603514000000000,704.0,704.0,657.0,2571.0,3.0,20650.0,708.0,5.0,708.5,2.0,720.5,16.0,,0.0,,0.0,678.0,1.0,677.5,16.0,665.0,1.0,664.5,31.0,466.0,2.0
2023-04-27 21:52:07.5,1682603527500000000,704.0,704.0,657.0,2571.0,3.0,20650.0,708.0,5.0,720.5,16.0,,0.0,,0.0,,0.0,678.0,1.0,677.5,16.0,665.0,1.0,664.5,31.0,466.0,2.0
2023-04-27 21:52:07.75,1682603527750000000,704.0,704.0,657.0,2571.0,3.0,20650.0,707.5,2.0,708.0,5.0,720.5,16.0,,0.0,,0.0,678.0,1.0,677.5,16.0,665.0,1.0,664.5,31.0,466.0,2.0
2023-04-27 21:52:14.5,1682603534500000000,704.0,704.0,657.0,2571.0,3.0,20650.0,707.5,2.0,710.0,5.0,720.5,16.0,,0.0,,0.0,678.0,1.0,677.5,16.0,665.0,1.0,664.5,31.0,466.0,2.0
2023-04-27 21:52:17.75,1682603537750000000,704.0,704.0,657.0,2571.0,3.0,20650.0,712.0,5.0,720.5,16.0,,0.0,,0.0,,0.0,678.0,1.0,677.5,16.0,665.0,1.0,664.5,31.0,466.0,2.0
2023-04-27 21:52:18.0,1682603538000000000,704.0,704.0,657.0,2571.0,3.0,20650.0,711.5,2.0,712.0,5.0,720.5,16.0,,0.0,,0.0,678.0,1.0,677.5,16.0,665.0,1.0,664.5,31.0,466.0,2.0
2023-04-27 21:52:25.75,1682603545750000000,704.0,704.0,657.0,2571.0,3.0,20650.0,710.5,5.0,711.5,2.0,720.5,16.0,,0.0,,0.0,678.0,1.0,677.5,16.0,665.0,1.0,664.5,31.0,466.0,2.0
2023-04-27 21:52:35.75,1682603555750000000,704.0,704.0,657.0,2571.0,3.0,20650.0,709.0,5.0,711.5,2.0,720.5,16.0,,0.0,,0.0,678.0,1.0,677.5,16.0,665.0,1.0,664.5,31.0,466.0,2.0
2023-04-27 21:52:36.0,1682603556000000000,704.0,704.0,657.0,2571.0,3.0,20650.0,709.0,5.0,720.5,16.0,,0.0,,0.0,,0.0,678.0,1.0,677.5,16.0,665.0,1.0,664.5,31.0,466.0,2.0
2023-04-27 21:52:36.25,1682603556250000000,704.0,704.0,657.0,2571.0,3.0,20650.0,708.5,2.0,709.0,5.0,720.5,16.0,,0.0,,0.0,678.0,1.0,677.5,16.0,665.0,1.0,664.5,31.0,466.0,2.0
2023-04-27 21:52:39.25,1682603559250000000,704.0,704.0,657.0,2571.0,3.0,20650.0,708.5,2.0,711.0,5.0,720.5,16.0,,0.0,,0.0,678.0,1.0,677.5,16.0,665.0,1.0,664.5,31.0,466.0,2.0
2023-04-27 21:52:52.0,1682603572000000000,704.0,704.0,657.0,2571.0,3.0,20650.0,711.0,5.0,720.5,16.0,,0.0,,0.0,,0.0,678.0,1.0,677.5,16.0,665.0,1.0,664.5,31.0,466.0,2.0
2023-04-27 21:52:52.25,1682603572250000000,704.0,704.0,657.0,2571.0,3.0,20650.0,710.5,2.0,711.0,5.0,720.5,16.0,,0.0,,0.0,678.0,1.0,677.5,16.0,665.0,1.0,664.5,31.0,466.0,2.0
2023-04-27 21:52:58.25,1682603578250000000,704.0,704.0,657.0,2571.0,3.0,20650.0,710.5,2.0,713.0,5.0,720.5,16.0,,0.0,,0.0,678.0,1.0,677.5,16.0,665.0,1.0,664.5,31.0,466.0,2.0
2023-04-27 21:53:00.5,1682603580500000000,704.0,704.0,657.0,2571.0,3.0,20650.0,713.0,5.0,720.5,16.0,,0.0,,0.0,,0.0,678.0,1.0,677.5,16.0,665.0,1.0,664.5,31.0,466.0,2.0
2023-04-27 21:53:00.75,1682603580750000000,704.0,704.0,657.0,2571.0,3.0,20650.0,713.0,2.0,715.0,5.0,720.5,16.0,,0.0,,0.0,678.0,1.0,677.5,16.0,665.0,1.0,664.5,31.0,466.0,2.0
2023-04-27 21:53:05.0,1682603585000000000,704.0,704.0,657.0,2571.0,3.0,20650.0,713.0,2.0,714.0,5.0,720.5,16.0,,0.0,,0.0,678.0,1.0,677.5,16.0,665.0,1.0,664.5,31.0,466.0,2.0
2023-04-27 21:53:32.0,1682603612000000000,704.0,704.0,657.0,2571.0,3.0,20650.0,713.0,2.0,714.0,5.0,720.5,16.0,,0.0,,0.0,678.0,1.0,677.5,16.0,664.5,31.0,466.0,2.0,200.0,1.0
2023-04-27 21:53:32.5,1682603612500000000,704.0,704.0,657.0,2571.0,3.0,20650.0,712.0,5.0,713.0,2.0,720.5,16.0,,0.0,,0.0,678.0,1.0,677.5,16.0,664.5,31.0,466.0,2.0,200.0,1.0
2023-04-27 21:53:44.75,1682603624750000000,704.0,704.0,657.0,2571.0,3.0,20650.0,713.0,2.0,713.5,5.0,720.5,16.0,,0.0,,0.0,678.0,1.0,677.5,16.0,664.5,31.0,466.0,2.0,200.0,1.0
2023-04-27 21:55:08.25,1682603708250000000,704.0,704.0,657.0,2571.0,3.0,20650.0,712.0,5.0,713.0,2.0,720.5,16.0,,0.0,,0.0,678.0,1.0,677.5,16.0,664.5,31.0,466.0,2.0,200.0,1.0
2023-04-27 21:55:08.5,1682603708500000000,704.0,704.0,657.0,2571.0,3.0,20650.0,712.0,5.0,720.5,16.0,,0.0,,0.0,,0.0,678.0,1.0,677.5,16.0,664.5,31.0,466.0,2.0,200.0,1.0
2023-04-27 21:55:08.75,1682603708750000000,704.0,704.0,657.0,2571.0,3.0,20650.0,711.5,2.0,712.0,5.0,720.5,16.0,,0.0,,0.0,678.0,1.0,677.5,16.0,664.5,31.0,466.0,2.0,200.0,1.0
2023-04-27 21:55:43.5,1682603743500000000,704.0,704.0,657.0,2571.0,3.0,20650.0,710.5,5.0,711.5,2.0,720.5,16.0,,0.0,,0.0,678.0,1.0,677.5,16.0,664.5,31.0,466.0,2.0,200.0,1.0
2023-04-27 21:55:46.75,1682603746750000000,704.0,704.0,657.0,2571.0,3.0,20650.0,709.0,5.0,711.5,2.0,720.5,16.0,,0.0,,0.0,678.0,1.0,677.5,16.0,664.5,31.0,466.0,2.0,200.0,1.0
2023-04-27 21:55:47.0,1682603747000000000,704.0,704.0,657.0,2571.0,3.0,20650.0,709.0,5.0,720.5,16.0,,0.0,,0.0,,0.0,678.0,1.0,677.5,16.0,664.5,31.0,466.0,2.0,200.0,1.0
2023-04-27 21:55:47.25,1682603747250000000,704.0,704.0,657.0,2571.0,3.0,20650.0,708.5,2.0,709.0,5.0,720.5,16.0,,0.0,,0.0,678.0,1.0,677.5,16.0,664.5,31.0,466.0,2.0,200.0,1.0
2023-04-27 21:55:51.25,1682603751250000000,704.0,704.0,657.0,2571.0,3.0,20650.0,708.5,2.0,711.0,5.0,720.5,16.0,,0.0,,0.0,678.0,1.0,677.5,16.0,664.5,31.0,466.0,2.0,200.0,1.0
2023-04-27 21:56:46.0,1682603806000000000,704.0,704.0,657.0,2571.0,3.0,20650.0,711.0,5.0,720.5,16.0,,0.0,,0.0,,0.0,678.0,1.0,677.5,16.0,664.5,31.0,466.0,2.0,200.0,1.0
2023-04-27 21:56:46.25,1682603806250000000,704.0,704.0,657.0,2571.0,3.0,20650.0,710.5,2.0,712.5,5.0,720.5,16.0,,0.0,,0.0,678.0,1.0,677.5,16.0,664.5,31.0,466.0,2.0,200.0,1.0
2023-04-27 21:57:28.5,1682603848500000000,704.0,704.0,657.0,2571.0,3.0,20650.0,710.5,2.0,711.0,5.0,720.5,16.0,,0.0,,0.0,678.0,1.0,677.5,16.0,664.5,31.0,466.0,2.0,200.0,1.0
2023-04-27 21:58:04.5,1682603884500000000,704.0,704.0,657.0,2571.0,3.0,20650.0,710.5,2.0,712.5,5.0,720.5,16.0,,0.0,,0.0,678.0,1.0,677.5,16.0,664.5,31.0,466.0,2.0,200.0,1.0
2023-04-27 21:58:26.0,1682603906000000000,704.0,704.0,657.0,2571.0,3.0,20650.0,710.5,7.0,720.5,16.0,,0.0,,0.0,,0.0,678.0,1.0,677.5,16.0,664.5,31.0,466.0,2.0,200.0,1.0
2023-04-27 21:58:30.5,1682603910500000000,704.0,704.0,657.0,2571.0,3.0,20650.0,709.0,5.0,710.5,2.0,720.5,16.0,,0.0,,0.0,678.0,1.0,677.5,16.0,664.5,31.0,466.0,2.0,200.0,1.0
2023-04-27 21:58:30.75,1682603910750000000,704.0,704.0,657.0,2571.0,3.0,20650.0,709.0,5.0,720.5,16.0,,0.0,,0.0,,0.0,678.0,1.0,677.5,16.0,664.5,31.0,466.0,2.0,200.0,1.0
2023-04-27 21:58:31.0,1682603911000000000,704.0,704.0,657.0,2571.0,3.0,20650.0,708.5,2.0,709.0,5.0,720.5,16.0,,0.0,,0.0,678.0,1.0,677.5,16.0,664.5,31.0,466.0,2.0,200.0,1.0
2023-04-27 21:58:41.0,1682603921000000000,704.0,704.0,657.0,2571.0,3.0,20650.0,708.5,2.0,710.5,5.0,720.5,16.0,,0.0,,0.0,678.0,1.0,677.5,16.0,664.5,31.0,466.0,2.0,200.0,1.0
2023-04-27 21:59:02.75,1682603942750000000,704.0,704.0,657.0,2571.0,3.0,20650.0,708.5,2.0,709.0,5.0,720.5,16.0,,0.0,,0.0,678.0,1.0,677.5,16.0,664.5,31.0,466.0,2.0,200.0,1.0
2023-04-27 21:59:21.0,1682603961000000000,704.0,704.0,657.0,2571.0,3.0,20650.0,707.5,5.0,708.5,2.0,720.5,16.0,,0.0,,0.0,678.0,1.0,677.5,16.0,664.5,31.0,466.0,2.0,200.0,1.0
2023-04-27 21:59:30.5,1682603970500000000,704.0,704.0,657.0,2571.0,3.0,20650.0,705.5,5.0,708.5,2.0,720.5,16.0,,0.0,,0.0,678.0,1.0,677.5,16.0,664.5,31.0,466.0,2.0,200.0,1.0
2023-04-27 21:59:30.75,1682603970750000000,704.0,704.0,657.0,2571.0,3.0,20650.0,705.5,5.0,720.5,16.0,,0.0,,0.0,,0.0,678.0,1.0,677.5,16.0,664.5,31.0,466.0,2.0,200.0,1.0
2023-04-27 21:59:31.0,1682603971000000000,704.0,704.0,657.0,2571.0,3.0,20650.0,705.0,2.0,705.5,5.0,720.5,16.0,,0.0,,0.0,678.0,1.0,677.5,16.0,664.5,31.0,466.0,2.0,200.0,1.0
2023-04-27 21:59:45.0,1682603985000000000,704.0,704.0,657.0,2571.0,3.0,20650.0,705.0,2.0,707.0,5.0,720.5,16.0,,0.0,,0.0,678.0,1.0,677.5,16.0,664.5,31.0,466.0,2.0,200.0,1.0
2023-04-27 22:00:01.25,1682604001250000000,704.0,704.0,657.0,2571.0,3.0,20650.0,705.0,2.0,708.5,5.0,720.5,16.0,,0.0,,0.0,678.0,1.0,677.5,16.0,664.5,31.0,466.0,2.0,200.0,1.0
2023-04-27 22:00:11.25,1682604011250000000,704.0,704.0,657.0,2571.0,3.0,20650.0,708.5,5.0,720.5,16.0,,0.0,,0.0,,0.0,678.0,1.0,677.5,16.0,664.5,31.0,466.0,2.0,200.0,1.0
2023-04-27 22:00:11.5,1682604011500000000,704.0,704.0,657.0,2571.0,3.0,20650.0,708.0,2.0,710.5,5.0,720.5,16.0,,0.0,,0.0,678.0,1.0,677.5,16.0,664.5,31.0,466.0,2.0,200.0,1.0
2023-04-27 22:00:30.5,1682604030500000000,704.0,704.0,657.0,2571.0,3.0,20650.0,708.0,2.0,709.0,5.0,720.5,16.0,,0.0,,0.0,678.0,1.0,677.5,16.0,664.5,31.0,466.0,2.0,200.0,1.0
2023-04-27 22:00:36.25,1682604036250000000,704.0,704.0,657.0,2571.0,3.0,20650.0,707.5,5.0,708.0,2.0,720.5,16.0,,0.0,,0.0,678.0,1.0,677.5,16.0,664.5,31.0,466.0,2.0,200.0,1.0
2023-04-27 22:01:02.75,1682604062750000000,704.0,704.0,657.0,2571.0,3.0,20650.0,708.0,2.0,709.0,5.0,720.5,16.0,,0.0,,0.0,678.0,1.0,677.5,16.0,664.5,31.0,466.0,2.0,200.0,1.0
2023-04-27 22:01:05.75,1682604065750000000,704.0,704.0,657.0,2571.0,3.0,20650.0,708.0,2.0,712.0,5.0,720.5,16.0,,0.0,,0.0,678.0,1.0,677.5,16.0,664.5,31.0,466.0,2.0,200.0,1.0
2023-04-27 22:01:06.25,1682604066250000000,704.0,704.0,657.0,2571.0,3.0,20650.0,712.0,5.0,720.5,16.0,,0.0,,0.0,,0.0,678.0,1.0,677.5,16.0,664.5,31.0,466.0,2.0,200.0,1.0
2023-04-27 22:01:06.5,1682604066500000000,704.0,704.0,657.0,2571.0,3.0,20650.0,711.5,2.0,712.0,5.0,720.5,16.0,,0.0,,0.0,678.0,1.0,677.5,16.0,664.5,31.0,466.0,2.0,200.0,1.0
2023-04-27 22:01:23.75,1682604083750000000,704.0,704.0,657.0,2571.0,3.0,20650.0,711.5,2.0,713.5,5.0,720.5,16.0,,0.0,,0.0,678.0,1.0,677.5,16.0,664.5,31.0,466.0,2.0,200.0,1.0
2023-04-27 22:01:33.25,1682604093250000000,704.0,704.0,657.0,2571.0,3.0,20650.0,711.5,2.0,715.0,5.0,720.5,16.0,,0.0,,0.0,678.0,1.0,677.5,16.0,664.5,31.0,466.0,2.0,200.0,1.0
2023-04-27 22:01:34.25,1682604094250000000,704.0,704.0,657.0,2571.0,3.0,20650.0,715.0,5.0,720.5,16.0,,0.0,,0.0,,0.0,678.0,1.0,677.5,16.0,664.5,31.0,466.0,2.0,200.0,1.0
2023-04-27 22:01:34.5,1682604094500000000,704.0,704.0,657.0,2571.0,3.0,20650.0,714.5,2.0,715.0,5.0,720.5,16.0,,0.0,,0.0,678.0,1.0,677.5,16.0,664.5,31.0,466.0,2.0,200.0,1.0
2023-04-27 22:01:35.25,1682604095250000000,704.0,704.0,657.0,2571.0,3.0,20650.0,714.5,2.0,716.5,5.0,720.5,16.0,,0.0,,0.0,678.0,1.0,677.5,16.0,664.5,31.0,466.0,2.0,200.0,1.0
2023-04-27 22:02:19.75,1682604139750000000,704.0,704.0,657.0,2571.0,3.0,20650.0,714.5,2.0,715.0,5.0,720.5,16.0,,0.0,,0.0,678.0,1.0,677.5,16.0,664.5,31.0,466.0,2.0,200.0,1.0
2023-04-27 22:02:29.75,1682604149750000000,704.0,704.0,657.0,2571.0,3.0,20650.0,713.5,5.0,714.5,2.0,720.5,16.0,,0.0,,0.0,678.0,1.0,677.5,16.0,664.5,31.0,466.0,2.0,200.0,1.0
2023-04-27 22:02:34.5,1682604154500000000,704.0,704.0,657.0,2571.0,3.0,20650.0,713.5,5.0,720.5,16.0,,0.0,,0.0,,0.0,678.0,1.0,677.5,16.0,664.5,31.0,466.0,2.0,200.0,1.0
2023-04-27 22:02:34.75,1682604154750000000,704.0,704.0,657.0,2571.0,3.0,20650.0,713.0,2.0,713.5,5.0,720.5,16.0,,0.0,,0.0,678.0,1.0,677.5,16.0,664.5,31.0,466.0,2.0,200.0,1.0
2023-04-27 22:02:45.0,1682604165000000000,704.0,704.0,657.0,2571.0,3.0,20650.0,711.0,5.0,713.0,2.0,720.5,16.0,,0.0,,0.0,678.0,1.0,677.5,16.0,664.5,31.0,466.0,2.0,200.0,1.0
2023-04-27 22:02:45.25,1682604165250000000,704.0,704.0,657.0,2571.0,3.0,20650.0,711.0,5.0,720.5,16.0,,0.0,,0.0,,0.0,678.0,1.0,677.5,16.0,664.5,31.0,466.0,2.0,200.0,1.0
2023-04-27 22:02:45.5,1682604165500000000,704.0,704.0,657.0,2571.0,3.0,20650.0,710.5,2.0,711.0,5.0,720.5,16.0,,0.0,,0.0,678.0,1.0,677.5,16.0,664.5,31.0,466.0,2.0,200.0,1.0
2023-04-27 22:02:55.25,1682604175250000000,704.0,704.0,657.0,2571.0,3.0,20650.0,710.5,2.0,712.5,5.0,720.5,16.0,,0.0,,0.0,678.0,1.0,677.5,16.0,664.5,31.0,466.0,2.0,200.0,1.0
2023-04-27 22:03:10.75,1682604190750000000,704.0,704.0,657.0,2571.0,3.0,20650.0,710.5,2.0,714.0,5.0,720.5,16.0,,0.0,,0.0,678.0,1.0,677.5,16.0,664.5,31.0,466.0,2.0,200.0,1.0
2023-04-27 22:03:14.0,1682604194000000000,704.0,704.0,657.0,2571.0,3.0,20650.0,714.0,5.0,720.5,16.0,,0.0,,0.0,,0.0,678.0,1.0,677.5,16.0,664.5,31.0,466.0,2.0,200.0,1.0
2023-04-27 22:03:14.25,1682604194250000000,704.0,704.0,657.0,2571.0,3.0,20650.0,713.5,2.0,716.0,5.0,720.5,16.0,,0.0,,0.0,678.0,1.0,677.5,16.0,664.5,31.0,466.0,2.0,200.0,1.0
2023-04-27 22:03:38.75,1682604218750000000,704.0,704.0,657.0,2571.0,3.0,20650.0,718.0,5.0,720.5,16.0,,0.0,,0.0,,0.0,678.0,1.0,677.5,16.0,664.5,31.0,466.0,2.0,200.0,1.0
2023-04-27 22:03:39.0,1682604219000000000,704.0,704.0,657.0,2571.0,3.0,20650.0,717.5,2.0,718.0,5.0,720.5,16.0,,0.0,,0.0,678.0,1.0,677.5,16.0,664.5,31.0,466.0,2.0,200.0,1.0
2023-04-27 22:03:52.5,1682604232500000000,704.0,704.0,657.0,2571.0,3.0,20650.0,717.5,2.0,718.0,5.0,743.0,16.0,,0.0,,0.0,678.0,1.0,677.5,16.0,664.5,31.0,466.0,2.0,200.0,1.0
2023-04-27 22:04:32.0,1682604272000000000,704.0,704.0,657.0,2571.0,3.0,20650.0,716.5,5.0,717.5,2.0,743.0,16.0,,0.0,,0.0,678.0,1.0,677.5,16.0,664.5,31.0,466.0,2.0,200.0,1.0
2023-04-27 22:04:38.5,1682604278500000000,704.0,704.0,657.0,2571.0,3.0,20650.0,715.0,5.0,717.5,2.0,743.0,16.0,,0.0,,0.0,678.0,1.0,677.5,16.0,664.5,31.0,466.0,2.0,200.0,1.0
2023-04-27 22:04:38.75,1682604278750000000,704.0,704.0,657.0,2571.0,3.0,20650.0,715.0,5.0,743.0,16.0,,0.0,,0.0,,0.0,678.0,1.0,677.5,16.0,664.5,31.0,466.0,2.0,200.0,1.0
2023-04-27 22:04:39.0,1682604279000000000,704.0,704.0,657.0,2571.0,3.0,20650.0,714.5,2.0,715.0,5.0,743.0,16.0,,0.0,,0.0,678.0,1.0,677.5,16.0,664.5,31.0,466.0,2.0,200.0,1.0
2023-04-27 22:04:58.0,1682604298000000000,704.0,704.0,657.0,2571.0,3.0,20650.0,714.5,2.0,716.5,5.0,743.0,16.0,,0.0,,0.0,678.0,1.0,677.5,16.0,664.5,31.0,466.0,2.0,200.0,1.0
2023-04-27 22:05:31.75,1682604331750000000,704.0,704.0,657.0,2571.0,3.0,20650.0,714.5,2.0,718.0,5.0,743.0,16.0,,0.0,,0.0,678.0,1.0,677.5,16.0,664.5,31.0,466.0,2.0,200.0,1.0
2023-04-27 22:05:39.75,1682604339750000000,704.0,704.0,657.0,2571.0,3.0,20650.0,714.5,2.0,716.5,5.0,743.0,16.0,,0.0,,0.0,678.0,1.0,677.5,16.0,664.5,31.0,466.0,2.0,200.0,1.0
2023-04-27 22:05:52.25,1682604352250000000,704.0,704.0,657.0,2571.0,3.0,20650.0,714.5,2.0,718.0,5.0,743.0,16.0,,0.0,,0.0,678.0,1.0,677.5,16.0,664.5,31.0,466.0,2.0,200.0,1.0
2023-04-27 22:05:56.25,1682604356250000000,704.0,704.0,657.0,2571.0,3.0,20650.0,718.0,5.0,743.0,16.0,,0.0,,0.0,,0.0,678.0,1.0,677.5,16.0,664.5,31.0,466.0,2.0,200.0,1.0
2023-04-27 22:05:56.5,1682604356500000000,704.0,704.0,657.0,2571.0,3.0,20650.0,717.5,2.0,718.0,5.0,743.0,16.0,,0.0,,0.0,678.0,1.0,677.5,16.0,664.5,31.0,466.0,2.0,200.0,1.0
2023-04-27 22:06:53.0,1682604413000000000,704.0,704.0,657.0,2571.0,3.0,20650.0,716.5,5.0,717.5,2.0,743.0,16.0,,0.0,,0.0,678.0,1.0,677.5,16.0,664.5,31.0,466.0,2.0,200.0,1.0
2023-04-27 22:06:56.5,1682604416500000000,704.0,704.0,657.0,2571.0,3.0,20650.0,716.5,5.0,743.0,16.0,,0.0,,0.0,,0.0,678.0,1.0,677.5,16.0,664.5,31.0,466.0,2.0,200.0,1.0
2023-04-27 22:06:56.75,1682604416750000000,704.0,704.0,657.0,2571.0,3.0,20650.0,716.0,2.0,716.5,5.0,743.0,16.0,,0.0,,0.0,678.0,1.0,677.5,16.0,664.5,31.0,466.0,2.0,200.0,1.0
2023-04-27 22:07:14.5,1682604434500000000,704.0,704.0,657.0,2571.0,3.0,20650.0,715.0,5.0,716.0,2.0,743.0,16.0,,0.0,,0.0,678.0,1.0,677.5,16.0,664.5,31.0,466.0,2.0,200.0,1.0
2023-04-27 22:07:16.75,1682604436750000000,704.0,704.0,657.0,2571.0,3.0,20650.0,712.5,5.0,716.0,2.0,743.0,16.0,,0.0,,0.0,678.0,1.0,677.5,16.0,664.5,31.0,466.0,2.0,200.0,1.0
2023-04-27 22:07:17.0,1682604437000000000,704.0,704.0,657.0,2571.0,3.0,20650.0,712.5,5.0,743.0,16.0,,0.0,,0.0,,0.0,678.0,1.0,677.5,16.0,664.5,31.0,466.0,2.0,200.0,1.0
2023-04-27 22:07:17.25,1682604437250000000,704.0,704.0,657.0,2571.0,3.0,20650.0,712.0,2.0,712.5,5.0,743.0,16.0,,0.0,,0.0,678.0,1.0,677.5,16.0,664.5,31.0,466.0,2.0,200.0,1.0
2023-04-27 22:07:41.25,1682604461250000000,704.0,704.0,657.0,2571.0,3.0,20650.0,710.5,5.0,712.0,2.0,743.0,16.0,,0.0,,0.0,678.0,1.0,677.5,16.0,664.5,31.0,466.0,2.0,200.0,1.0
2023-04-27 22:07:52.25,1682604472250000000,704.0,704.0,657.0,2571.0,3.0,20650.0,712.0,7.0,743.0,16.0,,0.0,,0.0,,0.0,678.0,1.0,677.5,16.0,664.5,31.0,466.0,2.0,200.0,1.0
2023-04-27 22:08:22.25,1682604502250000000,704.0,704.0,657.0,2571.0,3.0,20650.0,712.0,2.0,713.5,5.0,743.0,16.0,,0.0,,0.0,678.0,1.0,677.5,16.0,664.5,31.0,466.0,2.0,200.0,1.0
2023-04-27 22:09:15.5,1682604555500000000,704.0,704.0,657.0,2571.0,3.0,20650.0,712.0,2.0,715.0,5.0,743.0,16.0,,0.0,,0.0,678.0,1.0,677.5,16.0,664.5,31.0,466.0,2.0,200.0,1.0
2023-04-27 22:09:32.0,1682604572000000000,704.0,704.0,657.0,2571.0,3.0,20650.0,712.0,2.0,713.5,5.0,743.0,16.0,,0.0,,0.0,678.0,1.0,677.5,16.0,664.5,31.0,466.0,2.0,200.0,1.0
2023-04-27 22:10:12.25,1682604612250000000,704.0,704.0,657.0,2571.0,3.0,20650.0,712.0,2.0,715.0,5.0,743.0,16.0,,0.0,,0.0,678.0,1.0,677.5,16.0,664.5,31.0,466.0,2.0,200.0,1.0
2023-04-27 22:10:46.75,1682604646750000000,704.0,704.0,657.0,2571.0,3.0,20650.0,712.0,2.0,716.5,5.0,743.0,16.0,,0.0,,0.0,678.0,1.0,677.5,16.0,664.5,31.0,466.0,2.0,200.0,1.0
2023-04-27 22:10:48.5,1682604648500000000,704.0,704.0,657.0,2571.0,3.0,20650.0,716.5,5.0,743.0,16.0,,0.0,,0.0,,0.0,678.0,1.0,677.5,16.0,664.5,31.0,466.0,2.0,200.0,1.0
2023-04-27 22:10:48.75,1682604648750000000,704.0,704.0,657.0,2571.0,3.0,20650.0,716.0,2.0,716.5,5.0,743.0,16.0,,0.0,,0.0,678.0,1.0,677.5,16.0,664.5,31.0,466.0,2.0,200.0,1.0
2023-04-27 22:10:51.0,1682604651000000000,704.0,704.0,657.0,2571.0,3.0,20650.0,716.0,2.0,718.0,5.0,743.0,16.0,,0.0,,0.0,678.0,1.0,677.5,16.0,664.5,31.0,466.0,2.0,200.0,1.0
2023-04-27 22:11:15.25,1682604675250000000,704.0,704.0,657.0,2571.0,3.0,20650.0,716.0,7.0,743.0,16.0,,0.0,,0.0,,0.0,678.0,1.0,677.5,16.0,664.5,31.0,466.0,2.0,200.0,1.0
2023-04-27 22:11:23.25,1682604683250000000,704.0,704.0,657.0,2571.0,3.0,20650.0,714.5,5.0,716.0,2.0,743.0,16.0,,0.0,,0.0,678.0,1.0,677.5,16.0,664.5,31.0,466.0,2.0,200.0,1.0
2023-04-27 22:11:48.75,1682604708750000000,704.0,704.0,657.0,2571.0,3.0,20650.0,714.5,5.0,743.0,16.0,,0.0,,0.0,,0.0,678.0,1.0,677.5,16.0,664.5,31.0,466.0,2.0,200.0,1.0
2023-04-27 22:11:49.0,1682604709000000000,704.0,704.0,657.0,2571.0,3.0,20650.0,714.0,2.0,714.5,5.0,743.0,16.0,,0.0,,0.0,678.0,1.0,677.5,16.0,664.5,31.0,466.0,2.0,200.0,1.0
2023-04-27 22:12:09.25,1682604729250000000,704.0,704.0,657.0,2571.0,3.0,20650.0,713.0,5.0,714.0,2.0,743.0,16.0,,0.0,,0.0,678.0,1.0,677.5,16.0,664.5,31.0,466.0,2.0,200.0,1.0
2023-04-27 22:12:27.0,1682604747000000000,704.0,704.0,657.0,2571.0,3.0,20650.0,711.5,5.0,714.0,2.0,743.0,16.0,,0.0,,0.0,678.0,1.0,677.5,16.0,664.5,31.0,466.0,2.0,200.0,1.0
2023-04-27 22:12:27.25,1682604747250000000,704.0,704.0,657.0,2571.0,3.0,20650.0,711.5,5.0,743.0,16.0,,0.0,,0.0,,0.0,678.0,1.0,677.5,16.0,664.5,31.0,466.0,2.0,200.0,1.0
2023-04-27 22:12:27.5,1682604747500000000,704.0,704.0,657.0,2571.0,3.0,20650.0,711.0,2.0,711.5,5.0,743.0,16.0,,0.0,,0.0,678.0,1.0,677.5,16.0,664.5,31.0,466.0,2.0,200.0,1.0
2023-04-27 22:13:08.0,1682604788000000000,704.0,704.0,657.0,2571.0,3.0,20650.0,711.0,2.0,713.0,5.0,743.0,16.0,,0.0,,0.0,678.0,1.0,677.5,16.0,664.5,31.0,466.0,2.0,200.0,1.0
2023-04-27 22:13:24.25,1682604804250000000,704.0,704.0,657.0,2571.0,3.0,20650.0,711.0,2.0,711.5,5.0,743.0,16.0,,0.0,,0.0,678.0,1.0,677.5,16.0,664.5,31.0,466.0,2.0,200.0,1.0
2023-04-27 22:14:03.5,1682604843500000000,704.0,704.0,657.0,2571.0,3.0,20650.0,711.0,2.0,713.0,5.0,743.0,16.0,,0.0,,0.0,678.0,1.0,677.5,16.0,664.5,31.0,466.0,2.0,200.0,1.0
2023-04-27 22:14:20.0,1682604860000000000,704.0,704.0,657.0,2571.0,3.0,20650.0,711.0,2.0,714.5,5.0,743.0,16.0,,0.0,,0.0,678.0,1.0,677.5,16.0,664.5,31.0,466.0,2.0,200.0,1.0
2023-04-27 22:14:25.0,1682604865000000000,704.0,704.0,657.0,2571.0,3.0,20650.0,714.5,5.0,743.0,16.0,,0.0,,0.0,,0.0,678.0,1.0,677.5,16.0,664.5,31.0,466.0,2.0,200.0,1.0
2023-04-27 22:14:25.25,1682604865250000000,704.0,704.0,657.0,2571.0,3.0,20650.0,714.0,2.0,714.5,5.0,743.0,16.0,,0.0,,0.0,678.0,1.0,677.5,16.0,664.5,31.0,466.0,2.0,200.0,1.0
2023-04-27 22:14:48.0,1682604888000000000,704.0,704.0,657.0,2571.0,3.0,20650.0,714.0,2.0,716.0,5.0,743.0,16.0,,0.0,,0.0,678.0,1.0,677.5,16.0,664.5,31.0,466.0,2.0,200.0,1.0
2023-04-27 22:14:50.25,1682604890250000000,704.0,704.0,657.0,2571.0,3.0,20650.0,714.0,2.0,743.0,16.0,,0.0,,0.0,,0.0,678.0,1.0,677.5,16.0,664.5,31.0,466.0,2.0,200.0,1.0
2023-04-27 22:17:33.5,1682605053500000000,704.0,704.0,657.0,2571.0,3.0,20650.0,711.5,5.0,714.0,2.0,743.0,16.0,,0.0,,0.0,678.0,1.0,677.5,16.0,664.5,31.0,466.0,2.0,200.0,1.0
2023-04-27 22:17:33.75,1682605053750000000,704.0,704.0,657.0,2571.0,3.0,20650.0,711.5,5.0,743.0,16.0,,0.0,,0.0,,0.0,678.0,1.0,677.5,16.0,664.5,31.0,466.0,2.0,200.0,1.0
2023-04-27 22:17:34.0,1682605054000000000,704.0,704.0,657.0,2571.0,3.0,20650.0,711.0,2.0,711.5,5.0,743.0,16.0,,0.0,,0.0,678.0,1.0,677.5,16.0,664.5,31.0,466.0,2.0,200.0,1.0
2023-04-27 22:17:56.75,1682605076750000000,704.0,704.0,657.0,2571.0,3.0,20650.0,711.0,2.0,713.0,5.0,743.0,16.0,,0.0,,0.0,678.0,1.0,677.5,16.0,664.5,31.0,466.0,2.0,200.0,1.0
2023-04-27 22:18:30.0,1682605110000000000,704.0,704.0,657.0,2571.0,3.0,20650.0,711.0,2.0,711.5,5.0,743.0,16.0,,0.0,,0.0,678.0,1.0,677.5,16.0,664.5,31.0,466.0,2.0,200.0,1.0
2023-04-27 22:19:17.75,1682605157750000000,704.0,704.0,657.0,2571.0,3.0,20650.0,710.0,5.0,711.0,2.0,743.0,16.0,,0.0,,0.0,678.0,1.0,677.5,16.0,664.5,31.0,466.0,2.0,200.0,1.0
2023-04-27 22:19:18.0,1682605158000000000,704.0,704.0,657.0,2571.0,3.0,20650.0,710.0,5.0,743.0,16.0,,0.0,,0.0,,0.0,678.0,1.0,677.5,16.0,664.5,31.0,466.0,2.0,200.0,1.0
2023-04-27 22:19:18.25,1682605158250000000,704.0,704.0,657.0,2571.0,3.0,20650.0,709.5,2.0,710.0,5.0,743.0,16.0,,0.0,,0.0,678.0,1.0,677.5,16.0,664.5,31.0,466.0,2.0,200.0,1.0
2023-04-27 22:19:21.5,1682605161500000000,704.0,704.0,657.0,2571.0,3.0,20650.0,709.5,2.0,712.0,5.0,743.0,16.0,,0.0,,0.0,678.0,1.0,677.5,16.0,664.5,31.0,466.0,2.0,200.0,1.0
2023-04-27 22:20:01.75,1682605201750000000,704.0,704.0,657.0,2571.0,3.0,20650.0,709.5,2.0,710.5,5.0,743.0,16.0,,0.0,,0.0,678.0,1.0,677.5,16.0,664.5,31.0,466.0,2.0,200.0,1.0
2023-04-27 22:20:29.5,1682605229500000000,704.0,704.0,657.0,2571.0,3.0,20650.0,709.5,2.0,712.0,5.0,743.0,16.0,,0.0,,0.0,678.0,1.0,677.5,16.0,664.5,31.0,466.0,2.0,200.0,1.0
2023-04-27 22:20:43.0,1682605243000000000,704.0,704.0,657.0,2571.0,3.0,20650.0,714.5,5.0,743.0,16.0,,0.0,,0.0,,0.0,678.0,1.0,677.5,16.0,664.5,31.0,466.0,2.0,200.0,1.0
2023-04-27 22:20:43.25,1682605243250000000,704.0,704.0,657.0,2571.0,3.0,20650.0,714.0,2.0,714.5,5.0,743.0,16.0,,0.0,,0.0,678.0,1.0,677.5,16.0,664.5,31.0,466.0,2.0,200.0,1.0
2023-04-27 22:21:02.25,1682605262250000000,704.0,704.0,657.0,2571.0,3.0,20650.0,713.0,5.0,714.0,2.0,743.0,16.0,,0.0,,0.0,678.0,1.0,677.5,16.0,664.5,31.0,466.0,2.0,200.0,1.0
2023-04-27 22:21:22.75,1682605282750000000,704.0,704.0,657.0,2571.0,3.0,20650.0,711.5,5.0,714.0,2.0,743.0,16.0,,0.0,,0.0,678.0,1.0,677.5,16.0,664.5,31.0,466.0,2.0,200.0,1.0
2023-04-27 22:21:23.0,1682605283000000000,704.0,704.0,657.0,2571.0,3.0,20650.0,711.5,5.0,743.0,16.0,,0.0,,0.0,,0.0,678.0,1.0,677.5,16.0,664.5,31.0,466.0,2.0,200.0,1.0
2023-04-27 22:21:23.25,1682605283250000000,704.0,704.0,657.0,2571.0,3.0,20650.0,711.0,2.0,711.5,5.0,743.0,16.0,,0.0,,0.0,678.0,1.0,677.5,16.0,664.5,31.0,466.0,2.0,200.0,1.0
2023-04-27 22:21:31.25,1682605291250000000,704.0,704.0,657.0,2571.0,3.0,20650.0,710.0,5.0,711.0,2.0,743.0,16.0,,0.0,,0.0,678.0,1.0,677.5,16.0,664.5,31.0,466.0,2.0,200.0,1.0
2023-04-27 22:21:33.75,1682605293750000000,704.0,704.0,657.0,2571.0,3.0,20650.0,708.5,5.0,711.0,2.0,743.0,16.0,,0.0,,0.0,678.0,1.0,677.5,16.0,664.5,31.0,466.0,2.0,200.0,1.0
2023-04-27 22:21:34.0,1682605294000000000,704.0,704.0,657.0,2571.0,3.0,20650.0,708.5,5.0,743.0,16.0,,0.0,,0.0,,0.0,678.0,1.0,677.5,16.0,664.5,31.0,466.0,2.0,200.0,1.0
2023-04-27 22:21:34.25,1682605294250000000,704.0,704.0,657.0,2571.0,3.0,20650.0,708.0,2.0,708.5,5.0,743.0,16.0,,0.0,,0.0,678.0,1.0,677.5,16.0,664.5,31.0,466.0,2.0,200.0,1.0
2023-04-27 22:21:41.0,1682605301000000000,704.0,704.0,657.0,2571.0,3.0,20650.0,708.0,2.0,710.0,5.0,743.0,16.0,,0.0,,0.0,678.0,1.0,677.5,16.0,664.5,31.0,466.0,2.0,200.0,1.0
2023-04-27 22:22:02.25,1682605322250000000,704.0,704.0,657.0,2571.0,3.0,20650.0,708.0,2.0,708.5,5.0,743.0,16.0,,0.0,,0.0,678.0,1.0,677.5,16.0,664.5,31.0,466.0,2.0,200.0,1.0
2023-04-27 22:23:26.75,1682605406750000000,704.0,704.0,657.0,2571.0,3.0,20650.0,707.0,5.0,708.0,2.0,743.0,16.0,,0.0,,0.0,678.0,1.0,677.5,16.0,664.5,31.0,466.0,2.0,200.0,1.0
2023-04-27 22:23:27.0,1682605407000000000,704.0,704.0,657.0,2571.0,3.0,20650.0,707.0,5.0,743.0,16.0,,0.0,,0.0,,0.0,678.0,1.0,677.5,16.0,664.5,31.0,466.0,2.0,200.0,1.0
2023-04-27 22:23:27.25,1682605407250000000,704.0,704.0,657.0,2571.0,3.0,20650.0,706.5,2.0,707.0,5.0,743.0,16.0,,0.0,,0.0,678.0,1.0,677.5,16.0,664.5,31.0,466.0,2.0,200.0,1.0
2023-04-27 22:23:28.25,1682605408250000000,704.0,704.0,657.0,2571.0,3.0,20650.0,704.5,5.0,706.5,2.0,743.0,16.0,,0.0,,0.0,678.0,1.0,677.5,16.0,664.5,31.0,466.0,2.0,200.0,1.0
2023-04-27 22:23:28.5,1682605408500000000,704.0,704.0,657.0,2571.0,3.0,20650.0,704.5,5.0,743.0,16.0,,0.0,,0.0,,0.0,678.0,1.0,677.5,16.0,664.5,31.0,466.0,2.0,200.0,1.0
2023-04-27 22:23:28.75,1682605408750000000,704.0,704.0,657.0,2571.0,3.0,20650.0,704.0,2.0,704.5,5.0,743.0,16.0,,0.0,,0.0,678.0,1.0,677.5,16.0,664.5,31.0,466.0,2.0,200.0,1.0
2023-04-27 22:23:35.5,1682605415500000000,704.0,704.0,657.0,2571.0,3.0,20650.0,704.0,2.0,706.0,5.0,743.0,16.0,,0.0,,0.0,678.0,1.0,677.5,16.0,664.5,31.0,466.0,2.0,200.0,1.0
2023-04-27 22:24:00.5,1682605440500000000,704.0,704.0,657.0,2571.0,3.0,20650.0,704.0,2.0,707.5,5.0,743.0,16.0,,0.0,,0.0,678.0,1.0,677.5,16.0,664.5,31.0,466.0,2.0,200.0,1.0
2023-04-27 22:24:01.5,1682605441500000000,704.0,704.0,657.0,2571.0,3.0,20650.0,707.5,5.0,743.0,16.0,,0.0,,0.0,,0.0,678.0,1.0,677.5,16.0,664.5,31.0,466.0,2.0,200.0,1.0
2023-04-27 22:24:01.75,1682605441750000000,704.0,704.0,657.0,2571.0,3.0,20650.0,707.0,2.0,707.5,5.0,743.0,16.0,,0.0,,0.0,678.0,1.0,677.5,16.0,664.5,31.0,466.0,2.0,200.0,1.0
2023-04-27 22:25:08.25,1682605508250000000,704.0,704.0,657.0,2571.0,3.0,20650.0,707.0,2.0,709.0,5.0,743.0,16.0,,0.0,,0.0,678.0,1.0,677.5,16.0,664.5,31.0,466.0,2.0,200.0,1.0
2023-04-27 22:25:34.5,1682605534500000000,704.0,704.0,657.0,2571.0,3.0,20650.0,707.0,2.0,707.5,5.0,743.0,16.0,,0.0,,0.0,678.0,1.0,677.5,16.0,664.5,31.0,466.0,2.0,200.0,1.0
2023-04-27 22:25:38.0,1682605538000000000,704.0,704.0,657.0,2571.0,3.0,20650.0,706.0,5.0,707.0,2.0,743.0,16.0,,0.0,,0.0,678.0,1.0,677.5,16.0,664.5,31.0,466.0,2.0,200.0,1.0
2023-04-27 22:25:38.25,1682605538250000000,704.0,704.0,657.0,2571.0,3.0,20650.0,706.0,5.0,743.0,16.0,,0.0,,0.0,,0.0,678.0,1.0,677.5,16.0,664.5,31.0,466.0,2.0,200.0,1.0
2023-04-27 22:25:38.5,1682605538500000000,704.0,704.0,657.0,2571.0,3.0,20650.0,705.5,2.0,706.0,5.0,743.0,16.0,,0.0,,0.0,678.0,1.0,677.5,16.0,664.5,31.0,466.0,2.0,200.0,1.0
2023-04-27 22:26:03.25,1682605563250000000,704.0,704.0,657.0,2571.0,3.0,20650.0,704.5,5.0,705.5,2.0,743.0,16.0,,0.0,,0.0,678.0,1.0,677.5,16.0,664.5,31.0,466.0,2.0,200.0,1.0
2023-04-27 22:26:38.5,1682605598500000000,704.0,704.0,657.0,2571.0,3.0,20650.0,704.5,5.0,743.0,16.0,,0.0,,0.0,,0.0,678.0,1.0,677.5,16.0,664.5,31.0,466.0,2.0,200.0,1.0
2023-04-27 22:26:38.75,1682605598750000000,704.0,704.0,657.0,2571.0,3.0,20650.0,704.0,2.0,704.5,5.0,743.0,16.0,,0.0,,0.0,678.0,1.0,677.5,16.0,664.5,31.0,466.0,2.0,200.0,1.0
2023-04-27 22:27:15.75,1682605635750000000,704.0,704.0,657.0,2571.0,3.0,20650.0,704.0,2.0,706.0,5.0,743.0,16.0,,0.0,,0.0,678.0,1.0,677.5,16.0,664.5,31.0,466.0,2.0,200.0,1.0
2023-04-27 22:27:32.5,1682605652500000000,704.0,704.0,657.0,2571.0,3.0,20650.0,704.0,2.0,704.5,5.0,743.0,16.0,,0.0,,0.0,678.0,1.0,677.5,16.0,664.5,31.0,466.0,2.0,200.0,1.0
2023-04-27 22:27:39.0,1682605659000000000,704.0,704.0,657.0,2571.0,3.0,20650.0,702.5,5.0,704.0,2.0,743.0,16.0,,0.0,,0.0,678.0,1.0,677.5,16.0,664.5,31.0,466.0,2.0,200.0,1.0
2023-04-27 22:27:39.25,1682605659250000000,704.0,704.0,657.0,2571.0,3.0,20650.0,702.5,5.0,743.0,16.0,,0.0,,0.0,,0.0,678.0,1.0,677.5,16.0,664.5,31.0,466.0,2.0,200.0,1.0
2023-04-27 22:27:39.5,1682605659500000000,704.0,704.0,657.0,2571.0,3.0,20650.0,702.0,2.0,702.5,5.0,743.0,16.0,,0.0,,0.0,678.0,1.0,677.5,16.0,664.5,31.0,466.0,2.0,200.0,1.0
2023-04-27 22:28:01.5,1682605681500000000,704.0,704.0,657.0,2571.0,3.0,20650.0,701.0,5.0,702.0,2.0,743.0,16.0,,0.0,,0.0,678.0,1.0,677.5,16.0,664.5,31.0,466.0,2.0,200.0,1.0
2023-04-27 22:28:15.0,1682605695000000000,704.0,704.0,657.0,2571.0,3.0,20650.0,702.0,2.0,703.0,5.0,743.0,16.0,,0.0,,0.0,678.0,1.0,677.5,16.0,664.5,31.0,466.0,2.0,200.0,1.0
2023-04-27 22:28:21.75,1682605701750000000,704.0,704.0,657.0,2571.0,3.0,20650.0,702.0,2.0,704.5,5.0,743.0,16.0,,0.0,,0.0,678.0,1.0,677.5,16.0,664.5,31.0,466.0,2.0,200.0,1.0
2023-04-27 22:28:49.25,1682605729250000000,704.0,704.0,657.0,2571.0,3.0,20650.0,702.0,2.0,703.0,5.0,743.0,16.0,,0.0,,0.0,678.0,1.0,677.5,16.0,664.5,31.0,466.0,2.0,200.0,1.0
2023-04-27 22:28:58.0,1682605738000000000,704.0,704.0,657.0,2571.0,3.0,20650.0,701.0,5.0,702.0,2.0,743.0,16.0,,0.0,,0.0,678.0,1.0,677.5,16.0,664.5,31.0,466.0,2.0,200.0,1.0
2023-04-27 22:28:58.25,1682605738250000000,704.0,704.0,657.0,2571.0,3.0,20650.0,701.0,5.0,743.0,16.0,,0.0,,0.0,,0.0,678.0,1.0,677.5,16.0,664.5,31.0,466.0,2.0,200.0,1.0
2023-04-27 22:28:58.5,1682605738500000000,704.0,704.0,657.0,2571.0,3.0,20650.0,700.5,2.0,701.0,5.0,743.0,16.0,,0.0,,0.0,678.0,1.0,677.5,16.0,664.5,31.0,466.0,2.0,200.0,1.0
2023-04-27 22:28:59.0,1682605739000000000,704.0,704.0,657.0,2571.0,3.0,20650.0,700.5,2.0,701.0,5.0,723.5,16.0,,0.0,,0.0,678.0,1.0,677.5,16.0,664.5,31.0,466.0,2.0,200.0,1.0
2023-04-27 22:29:16.5,1682605756500000000,704.0,704.0,657.0,2571.0,3.0,20650.0,700.5,2.0,702.5,5.0,723.5,16.0,,0.0,,0.0,678.0,1.0,677.5,16.0,664.5,31.0,466.0,2.0,200.0,1.0
2023-04-27 22:29:31.75,1682605771750000000,704.0,704.0,657.0,2571.0,3.0,20650.0,700.5,2.0,701.0,5.0,723.5,16.0,,0.0,,0.0,678.0,1.0,677.5,16.0,664.5,31.0,466.0,2.0,200.0,1.0
2023-04-27 22:29:42.5,1682605782500000000,704.0,704.0,657.0,2571.0,3.0,20650.0,699.5,5.0,700.5,2.0,723.5,16.0,,0.0,,0.0,678.0,1.0,677.5,16.0,664.5,31.0,466.0,2.0,200.0,1.0
2023-04-27 22:29:53.75,1682605793750000000,704.0,704.0,657.0,2571.0,3.0,20650.0,698.0,5.0,700.5,2.0,723.5,16.0,,0.0,,0.0,678.0,1.0,677.5,16.0,664.5,31.0,466.0,2.0,200.0,1.0
2023-04-27 22:29:54.0,1682605794000000000,704.0,704.0,657.0,2571.0,3.0,20650.0,698.0,5.0,723.5,16.0,,0.0,,0.0,,0.0,678.0,1.0,677.5,16.0,664.5,31.0,466.0,2.0,200.0,1.0
2023-04-27 22:29:54.25,1682605794250000000,704.0,704.0,657.0,2571.0,3.0,20650.0,696.5,5.0,697.5,2.0,723.5,16.0,,0.0,,0.0,678.0,1.0,677.5,16.0,664.5,31.0,466.0,2.0,200.0,1.0
2023-04-27 22:30:20.75,1682605820750000000,704.0,704.0,657.0,2571.0,3.0,20650.0,696.5,5.0,697.5,2.0,723.5,16.0,,0.0,,0.0,677.5,16.0,664.5,31.0,466.0,2.0,200.0,1.0,199.0,6.0
2023-04-27 22:30:24.75,1682605824750000000,704.0,704.0,657.0,2571.0,3.0,20650.0,695.0,5.0,697.5,2.0,723.5,16.0,,0.0,,0.0,677.5,16.0,664.5,31.0,466.0,2.0,200.0,1.0,199.0,6.0
2023-04-27 22:30:25.0,1682605825000000000,704.0,704.0,657.0,2571.0,3.0,20650.0,695.0,5.0,723.5,16.0,,0.0,,0.0,,0.0,677.5,16.0,664.5,31.0,466.0,2.0,200.0,1.0,199.0,6.0
2023-04-27 22:30:25.25,1682605825250000000,704.0,704.0,657.0,2571.0,3.0,20650.0,694.5,2.0,695.0,5.0,723.5,16.0,,0.0,,0.0,677.5,16.0,664.5,31.0,466.0,2.0,200.0,1.0,199.0,6.0
2023-04-27 22:30:41.75,1682605841750000000,704.0,704.0,657.0,2571.0,3.0,20650.0,694.5,2.0,696.5,5.0,723.5,16.0,,0.0,,0.0,677.5,16.0,664.5,31.0,466.0,2.0,200.0,1.0,199.0,6.0
2023-04-27 22:30:48.25,1682605848250000000,704.0,704.0,657.0,2571.0,3.0,20650.0,698.5,5.0,723.5,16.0,,0.0,,0.0,,0.0,677.5,16.0,664.5,31.0,466.0,2.0,200.0,1.0,199.0,6.0
2023-04-27 22:30:48.5,1682605848500000000,704.0,704.0,657.0,2571.0,3.0,20650.0,698.0,2.0,698.5,5.0,723.5,16.0,,0.0,,0.0,677.5,16.0,664.5,31.0,466.0,2.0,200.0,1.0,199.0,6.0
2023-04-27 22:31:01.5,1682605861500000000,704.0,704.0,657.0,2571.0,3.0,20650.0,697.0,5.0,698.0,2.0,723.5,16.0,,0.0,,0.0,677.5,16.0,664.5,31.0,466.0,2.0,200.0,1.0,199.0,6.0
2023-04-27 22:31:04.25,1682605864250000000,704.0,704.0,657.0,2571.0,3.0,20650.0,695.5,5.0,698.0,2.0,723.5,16.0,,0.0,,0.0,677.5,16.0,664.5,31.0,466.0,2.0,200.0,1.0,199.0,6.0
2023-04-27 22:31:04.5,1682605864500000000,704.0,704.0,657.0,2571.0,3.0,20650.0,695.5,5.0,723.5,16.0,,0.0,,0.0,,0.0,677.5,16.0,664.5,31.0,466.0,2.0,200.0,1.0,199.0,6.0
2023-04-27 22:31:04.75,1682605864750000000,704.0,704.0,657.0,2571.0,3.0,20650.0,695.0,2.0,695.5,5.0,723.5,16.0,,0.0,,0.0,677.5,16.0,664.5,31.0,466.0,2.0,200.0,1.0,199.0,6.0
2023-04-27 22:31:05.75,1682605865750000000,704.0,704.0,657.0,2571.0,3.0,20650.0,694.0,5.0,695.0,2.0,723.5,16.0,,0.0,,0.0,677.5,16.0,664.5,31.0,466.0,2.0,200.0,1.0,199.0,6.0
2023-04-27 22:31:07.0,1682605867000000000,704.0,704.0,657.0,2571.0,3.0,20650.0,692.5,5.0,695.0,2.0,723.5,16.0,,0.0,,0.0,677.5,16.0,664.5,31.0,466.0,2.0,200.0,1.0,199.0,6.0
2023-04-27 22:31:07.25,1682605867250000000,704.0,704.0,657.0,2571.0,3.0,20650.0,692.5,5.0,723.5,16.0,,0.0,,0.0,,0.0,677.5,16.0,664.5,31.0,466.0,2.0,200.0,1.0,199.0,6.0
2023-04-27 22:31:07.5,1682605867500000000,704.0,704.0,657.0,2571.0,3.0,20650.0,692.0,2.0,692.5,5.0,723.5,16.0,,0.0,,0.0,677.5,16.0,664.5,31.0,466.0,2.0,200.0,1.0,199.0,6.0
2023-04-27 22:31:08.25,1682605868250000000,704.0,704.0,657.0,2571.0,3.0,20650.0,691.0,5.0,692.0,2.0,723.5,16.0,,0.0,,0.0,677.5,16.0,664.5,31.0,466.0,2.0,200.0,1.0,199.0,6.0
2023-04-27 22:31:08.75,1682605868750000000,704.0,704.0,657.0,2571.0,3.0,20650.0,691.0,5.0,692.0,2.0,723.5,16.0,,0.0,,0.0,664.5,31.0,546.5,16.0,466.0,2.0,200.0,1.0,199.0,6.0
2023-04-27 22:31:09.0,1682605869000000000,704.0,704.0,657.0,2571.0,3.0,20650.0,688.5,5.0,692.0,2.0,723.5,16.0,,0.0,,0.0,664.5,31.0,546.5,16.0,466.0,2.0,200.0,1.0,199.0,6.0
2023-04-27 22:31:09.25,1682605869250000000,704.0,704.0,657.0,2571.0,3.0,20650.0,688.5,5.0,723.5,16.0,,0.0,,0.0,,0.0,664.5,31.0,546.5,16.0,466.0,2.0,200.0,1.0,199.0,6.0
2023-04-27 22:31:09.5,1682605869500000000,704.0,704.0,657.0,2571.0,3.0,20650.0,687.0,5.0,688.0,2.0,723.5,16.0,,0.0,,0.0,664.5,31.0,546.5,16.0,466.0,2.0,200.0,1.0,199.0,6.0
2023-04-27 22:31:09.75,1682605869750000000,704.0,704.0,657.0,2571.0,3.0,20650.0,688.0,2.0,689.0,5.0,723.5,16.0,,0.0,,0.0,664.5,31.0,546.5,16.0,466.0,2.0,200.0,1.0,199.0,6.0
2023-04-27 22:31:11.25,1682605871250000000,704.0,704.0,657.0,2571.0,3.0,20650.0,687.5,5.0,688.0,2.0,723.5,16.0,,0.0,,0.0,664.5,31.0,546.5,16.0,466.0,2.0,200.0,1.0,199.0,6.0
2023-04-27 22:31:12.0,1682605872000000000,704.0,704.0,657.0,2571.0,3.0,20650.0,686.0,5.0,688.0,2.0,723.5,16.0,,0.0,,0.0,664.5,31.0,546.5,16.0,466.0,2.0,200.0,1.0,199.0,6.0
2023-04-27 22:31:12.25,1682605872250000000,704.0,704.0,657.0,2571.0,3.0,20650.0,686.0,5.0,723.5,16.0,,0.0,,0.0,,0.0,664.5,31.0,546.5,16.0,466.0,2.0,200.0,1.0,199.0,6.0
2023-04-27 22:31:12.5,1682605872500000000,704.0,704.0,657.0,2571.0,3.0,20650.0,685.5,2.0,686.0,5.0,723.5,16.0,,0.0,,0.0,664.5,31.0,546.5,16.0,466.0,2.0,200.0,1.0,199.0,6.0
2023-04-27 22:31:17.25,1682605877250000000,704.0,704.0,657.0,2571.0,3.0,20650.0,684.5,5.0,685.5,2.0,723.5,16.0,,0.0,,0.0,664.5,31.0,546.5,16.0,466.0,2.0,200.0,1.0,199.0,6.0
2023-04-27 22:31:18.0,1682605878000000000,704.0,704.0,657.0,2571.0,3.0,20650.0,685.5,2.0,686.0,5.0,723.5,16.0,,0.0,,0.0,664.5,31.0,546.5,16.0,466.0,2.0,200.0,1.0,199.0,6.0
2023-04-27 22:31:18.75,1682605878750000000,704.0,704.0,657.0,2571.0,3.0,20650.0,685.5,2.0,687.5,5.0,723.5,16.0,,0.0,,0.0,664.5,31.0,546.5,16.0,466.0,2.0,200.0,1.0,199.0,6.0
2023-04-27 22:31:21.25,1682605881250000000,704.0,704.0,657.0,2571.0,3.0,20650.0,685.5,2.0,689.0,5.0,723.5,16.0,,0.0,,0.0,664.5,31.0,546.5,16.0,466.0,2.0,200.0,1.0,199.0,6.0
2023-04-27 22:31:22.75,1682605882750000000,704.0,704.0,657.0,2571.0,3.0,20650.0,685.5,2.0,687.5,5.0,723.5,16.0,,0.0,,0.0,664.5,31.0,546.5,16.0,466.0,2.0,200.0,1.0,199.0,6.0
2023-04-27 22:31:24.25,1682605884250000000,704.0,704.0,657.0,2571.0,3.0,20650.0,685.5,2.0,686.0,5.0,723.5,16.0,,0.0,,0.0,664.5,31.0,546.5,16.0,466.0,2.0,200.0,1.0,199.0,6.0
2023-04-27 22:31:25.5,1682605885500000000,704.0,704.0,657.0,2571.0,3.0,20650.0,684.5,5.0,685.5,2.0,723.5,16.0,,0.0,,0.0,664.5,31.0,546.5,16.0,466.0,2.0,200.0,1.0,199.0,6.0
2023-04-27 22:31:30.75,1682605890750000000,704.0,704.0,657.0,2571.0,3.0,20650.0,682.5,5.0,685.5,2.0,723.5,16.0,,0.0,,0.0,664.5,31.0,546.5,16.0,466.0,2.0,200.0,1.0,199.0,6.0
2023-04-27 22:31:31.0,1682605891000000000,704.0,704.0,657.0,2571.0,3.0,20650.0,682.5,5.0,723.5,16.0,,0.0,,0.0,,0.0,664.5,31.0,546.5,16.0,466.0,2.0,200.0,1.0,199.0,6.0
2023-04-27 22:31:31.25,1682605891250000000,704.0,704.0,657.0,2571.0,3.0,20650.0,682.0,2.0,682.5,5.0,723.5,16.0,,0.0,,0.0,664.5,31.0,546.5,16.0,466.0,2.0,200.0,1.0,199.0,6.0
2023-04-27 22:31:41.0,1682605901000000000,704.0,704.0,657.0,2571.0,3.0,20650.0,682.0,2.0,684.0,5.0,723.5,16.0,,0.0,,0.0,664.5,31.0,546.5,16.0,466.0,2.0,200.0,1.0,199.0,6.0
2023-04-27 22:31:43.25,1682605903250000000,704.0,704.0,657.0,2571.0,3.0,20650.0,682.0,2.0,685.5,5.0,723.5,16.0,,0.0,,0.0,664.5,31.0,546.5,16.0,466.0,2.0,200.0,1.0,199.0,6.0
2023-04-27 22:31:47.5,1682605907500000000,704.0,704.0,657.0,2571.0,3.0,20650.0,682.0,2.0,684.0,5.0,723.5,16.0,,0.0,,0.0,664.5,31.0,546.5,16.0,466.0,2.0,200.0,1.0,199.0,6.0
2023-04-27 22:31:50.5,1682605910500000000,704.0,704.0,657.0,2571.0,3.0,20650.0,682.0,2.0,682.5,5.0,723.5,16.0,,0.0,,0.0,664.5,31.0,546.5,16.0,466.0,2.0,200.0,1.0,199.0,6.0
2023-04-27 22:31:52.25,1682605912250000000,704.0,704.0,657.0,2571.0,3.0,20650.0,682.0,2.0,682.5,5.0,704.0,16.0,,0.0,,0.0,664.5,31.0,546.5,16.0,466.0,2.0,200.0,1.0,199.0,6.0
2023-04-27 22:31:52.75,1682605912750000000,704.0,704.0,657.0,2571.0,3.0,20650.0,680.0,5.0,682.0,2.0,704.0,16.0,,0.0,,0.0,664.5,31.0,546.5,16.0,466.0,2.0,200.0,1.0,199.0,6.0
2023-04-27 22:31:53.0,1682605913000000000,704.0,704.0,657.0,2571.0,3.0,20650.0,680.0,5.0,704.0,16.0,,0.0,,0.0,,0.0,664.5,31.0,546.5,16.0,466.0,2.0,200.0,1.0,199.0,6.0
2023-04-27 22:31:53.25,1682605913250000000,704.0,704.0,657.0,2571.0,3.0,20650.0,679.5,2.0,680.0,5.0,704.0,16.0,,0.0,,0.0,664.5,31.0,546.5,16.0,466.0,2.0,200.0,1.0,199.0,6.0
2023-04-27 22:31:58.5,1682605918500000000,704.0,704.0,657.0,2571.0,3.0,20650.0,679.5,2.0,682.0,5.0,704.0,16.0,,0.0,,0.0,664.5,31.0,546.5,16.0,466.0,2.0,200.0,1.0,199.0,6.0
2023-04-27 22:32:04.25,1682605924250000000,704.0,704.0,657.0,2571.0,3.0,20650.0,683.5,5.0,704.0,16.0,,0.0,,0.0,,0.0,664.5,31.0,546.5,16.0,466.0,2.0,200.0,1.0,199.0,6.0
2023-04-27 22:32:04.5,1682605924500000000,704.0,704.0,657.0,2571.0,3.0,20650.0,683.0,2.0,683.5,5.0,704.0,16.0,,0.0,,0.0,664.5,31.0,546.5,16.0,466.0,2.0,200.0,1.0,199.0,6.0
2023-04-27 22:32:09.25,1682605929250000000,704.0,704.0,657.0,2571.0,3.0,20650.0,683.0,2.0,685.0,5.0,704.0,16.0,,0.0,,0.0,664.5,31.0,546.5,16.0,466.0,2.0,200.0,1.0,199.0,6.0
2023-04-27 22:32:15.5,1682605935500000000,704.0,704.0,657.0,2571.0,3.0,20650.0,683.0,2.0,683.5,5.0,704.0,16.0,,0.0,,0.0,664.5,31.0,546.5,16.0,466.0,2.0,200.0,1.0,199.0,6.0
2023-04-27 22:32:27.0,1682605947000000000,704.0,704.0,657.0,2571.0,3.0,20650.0,682.0,5.0,683.0,2.0,704.0,16.0,,0.0,,0.0,664.5,31.0,546.5,16.0,466.0,2.0,200.0,1.0,199.0,6.0
2023-04-27 22:32:30.75,1682605950750000000,704.0,704.0,657.0,2571.0,3.0,20650.0,680.5,5.0,683.0,2.0,704.0,16.0,,0.0,,0.0,664.5,31.0,546.5,16.0,466.0,2.0,200.0,1.0,199.0,6.0
2023-04-27 22:32:31.0,1682605951000000000,704.0,704.0,657.0,2571.0,3.0,20650.0,680.5,5.0,704.0,16.0,,0.0,,0.0,,0.0,664.5,31.0,546.5,16.0,466.0,2.0,200.0,1.0,199.0,6.0
2023-04-27 22:32:31.25,1682605951250000000,704.0,704.0,657.0,2571.0,3.0,20650.0,680.0,2.0,680.5,5.0,704.0,16.0,,0.0,,0.0,664.5,31.0,546.5,16.0,466.0,2.0,200.0,1.0,199.0,6.0
2023-04-27 22:32:50.25,1682605970250000000,704.0,704.0,657.0,2571.0,3.0,20650.0,679.0,5.0,680.0,2.0,704.0,16.0,,0.0,,0.0,664.5,31.0,546.5,16.0,466.0,2.0,200.0,1.0,199.0,6.0
2023-04-27 22:32:53.5,1682605973500000000,704.0,704.0,657.0,2571.0,3.0,20650.0,680.0,2.0,680.5,5.0,704.0,16.0,,0.0,,0.0,664.5,31.0,546.5,16.0,466.0,2.0,200.0,1.0,199.0,6.0
2023-04-27 22:33:00.5,1682605980500000000,704.0,704.0,657.0,2571.0,3.0,20650.0,680.0,2.0,682.5,5.0,704.0,16.0,,0.0,,0.0,664.5,31.0,546.5,16.0,466.0,2.0,200.0,1.0,199.0,6.0
2023-04-27 22:33:00.75,1682605980750000000,704.0,704.0,657.0,2571.0,3.0,20650.0,682.5,5.0,704.0,16.0,,0.0,,0.0,,0.0,664.5,31.0,546.5,16.0,466.0,2.0,200.0,1.0,199.0,6.0
2023-04-27 22:33:01.0,1682605981000000000,704.0,704.0,657.0,2571.0,3.0,20650.0,682.0,2.0,682.5,5.0,704.0,16.0,,0.0,,0.0,664.5,31.0,546.5,16.0,466.0,2.0,200.0,1.0,199.0,6.0
2023-04-27 22:33:02.25,1682605982250000000,704.0,704.0,657.0,2571.0,3.0,20650.0,680.0,5.0,682.0,2.0,704.0,16.0,,0.0,,0.0,664.5,31.0,546.5,16.0,466.0,2.0,200.0,1.0,199.0,6.0
2023-04-27 22:33:02.5,1682605982500000000,704.0,704.0,657.0,2571.0,3.0,20650.0,680.0,5.0,704.0,16.0,,0.0,,0.0,,0.0,664.5,31.0,546.5,16.0,466.0,2.0,200.0,1.0,199.0,6.0
2023-04-27 22:33:02.75,1682605982750000000,704.0,704.0,657.0,2571.0,3.0,20650.0,679.5,2.0,680.0,5.0,704.0,16.0,,0.0,,0.0,664.5,31.0,546.5,16.0,466.0,2.0,200.0,1.0,199.0,6.0
2023-04-27 22:33:04.25,1682605984250000000,704.0,704.0,657.0,2571.0,3.0,20650.0,678.5,5.0,679.5,2.0,704.0,16.0,,0.0,,0.0,664.5,31.0,546.5,16.0,466.0,2.0,200.0,1.0,199.0,6.0
2023-04-27 22:33:11.25,1682605991250000000,704.0,704.0,657.0,2571.0,3.0,20650.0,679.5,2.0,680.0,5.0,704.0,16.0,,0.0,,0.0,664.5,31.0,546.5,16.0,466.0,2.0,200.0,1.0,199.0,6.0
2023-04-27 22:33:13.75,1682605993750000000,704.0,704.0,657.0,2571.0,3.0,20650.0,679.5,2.0,681.5,5.0,704.0,16.0,,0.0,,0.0,664.5,31.0,546.5,16.0,466.0,2.0,200.0,1.0,199.0,6.0
2023-04-27 22:33:14.75,1682605994750000000,704.0,704.0,657.0,2571.0,3.0,20650.0,679.5,7.0,704.0,16.0,,0.0,,0.0,,0.0,664.5,31.0,546.5,16.0,466.0,2.0,200.0,1.0,199.0,6.0
2023-04-27 22:33:23.75,1682606003750000000,704.0,704.0,657.0,2571.0,3.0,20650.0,678.0,5.0,679.5,2.0,704.0,16.0,,0.0,,0.0,664.5,31.0,546.5,16.0,466.0,2.0,200.0,1.0,199.0,6.0
2023-04-27 22:33:25.75,1682606005750000000,704.0,704.0,657.0,2571.0,3.0,20650.0,676.5,5.0,679.5,2.0,704.0,16.0,,0.0,,0.0,664.5,31.0,546.5,16.0,466.0,2.0,200.0,1.0,199.0,6.0
2023-04-27 22:33:26.0,1682606006000000000,704.0,704.0,657.0,2571.0,3.0,20650.0,676.5,5.0,704.0,16.0,,0.0,,0.0,,0.0,664.5,31.0,546.5,16.0,466.0,2.0,200.0,1.0,199.0,6.0
2023-04-27 22:33:26.25,1682606006250000000,704.0,704.0,657.0,2571.0,3.0,20650.0,676.0,2.0,676.5,5.0,704.0,16.0,,0.0,,0.0,664.5,31.0,546.5,16.0,466.0,2.0,200.0,1.0,199.0,6.0
2023-04-27 22:33:29.25,1682606009250000000,704.0,704.0,657.0,2571.0,3.0,20650.0,676.0,2.0,676.5,5.0,704.0,16.0,,0.0,,0.0,546.5,16.0,466.0,2.0,200.0,1.0,199.0,6.0,81.0,1.0
2023-04-27 22:33:29.5,1682606009500000000,704.0,704.0,657.0,2571.0,3.0,20650.0,676.0,2.0,676.5,5.0,704.0,16.0,,0.0,,0.0,548.0,1.0,546.5,16.0,466.0,2.0,200.0,1.0,199.0,6.0
2023-04-27 22:33:29.75,1682606009750000000,704.0,704.0,657.0,2571.0,3.0,20650.0,676.0,2.0,676.5,5.0,704.0,16.0,,0.0,,0.0,605.0,16.0,548.0,1.0,466.0,2.0,200.0,1.0,199.0,6.0
2023-04-27 22:33:30.0,1682606010000000000,704.0,704.0,657.0,2571.0,3.0,20650.0,676.0,2.0,676.5,5.0,704.0,16.0,,0.0,,0.0,605.0,16.0,466.0,2.0,200.0,1.0,199.0,6.0,81.0,1.0
2023-04-27 22:33:30.5,1682606010500000000,704.0,704.0,657.0,2571.0,3.0,20650.0,676.0,2.0,676.5,5.0,704.0,16.0,,0.0,,0.0,605.5,1.0,605.0,16.0,466.0,2.0,200.0,1.0,199.0,6.0
2023-04-27 22:33:30.75,1682606010750000000,704.0,704.0,657.0,2571.0,3.0,20650.0,676.0,2.0,676.5,5.0,704.0,16.0,,0.0,,0.0,644.5,16.0,605.5,1.0,466.0,2.0,200.0,1.0,199.0,6.0
2023-04-27 22:33:32.25,1682606012250000000,704.0,704.0,657.0,2571.0,3.0,20650.0,675.0,5.0,676.0,2.0,704.0,16.0,,0.0,,0.0,644.5,16.0,605.5,1.0,466.0,2.0,200.0,1.0,199.0,6.0
2023-04-27 22:33:46.0,1682606026000000000,704.0,704.0,657.0,2571.0,3.0,20650.0,676.0,2.0,677.0,5.0,704.0,16.0,,0.0,,0.0,644.5,16.0,605.5,1.0,466.0,2.0,200.0,1.0,199.0,6.0
2023-04-27 22:33:51.5,1682606031500000000,704.0,704.0,657.0,2571.0,3.0,20650.0,679.0,5.0,704.0,16.0,,0.0,,0.0,,0.0,644.5,16.0,605.5,1.0,466.0,2.0,200.0,1.0,199.0,6.0
2023-04-27 22:33:51.75,1682606031750000000,704.0,704.0,657.0,2571.0,3.0,20650.0,678.5,2.0,679.0,5.0,704.0,16.0,,0.0,,0.0,644.5,16.0,605.5,1.0,466.0,2.0,200.0,1.0,199.0,6.0
2023-04-27 22:33:53.75,1682606033750000000,704.0,704.0,657.0,2571.0,3.0,20650.0,677.5,5.0,678.5,2.0,704.0,16.0,,0.0,,0.0,644.5,16.0,605.5,1.0,466.0,2.0,200.0,1.0,199.0,6.0
2023-04-27 22:33:56.25,1682606036250000000,704.0,704.0,657.0,2571.0,3.0,20650.0,678.5,2.0,679.0,5.0,704.0,16.0,,0.0,,0.0,644.5,16.0,605.5,1.0,466.0,2.0,200.0,1.0,199.0,6.0
2023-04-27 22:34:02.75,1682606042750000000,704.0,704.0,657.0,2571.0,3.0,20650.0,677.0,5.0,678.5,2.0,704.0,16.0,,0.0,,0.0,644.5,16.0,605.5,1.0,466.0,2.0,200.0,1.0,199.0,6.0
2023-04-27 22:34:08.25,1682606048250000000,704.0,704.0,657.0,2571.0,3.0,20650.0,675.5,5.0,678.5,2.0,704.0,16.0,,0.0,,0.0,644.5,16.0,605.5,1.0,466.0,2.0,200.0,1.0,199.0,6.0
2023-04-27 22:34:08.5,1682606048500000000,704.0,704.0,657.0,2571.0,3.0,20650.0,675.5,5.0,704.0,16.0,,0.0,,0.0,,0.0,644.5,16.0,605.5,1.0,466.0,2.0,200.0,1.0,199.0,6.0
2023-04-27 22:34:08.75,1682606048750000000,704.0,704.0,657.0,2571.0,3.0,20650.0,675.0,2.0,675.5,5.0,704.0,16.0,,0.0,,0.0,644.5,16.0,605.5,1.0,466.0,2.0,200.0,1.0,199.0,6.0
2023-04-27 22:34:11.5,1682606051500000000,704.0,704.0,657.0,2571.0,3.0,20650.0,674.0,5.0,675.0,2.0,704.0,16.0,,0.0,,0.0,644.5,16.0,605.5,1.0,466.0,2.0,200.0,1.0,199.0,6.0
2023-04-27 22:34:13.25,1682606053250000000,704.0,704.0,657.0,2571.0,3.0,20650.0,671.0,5.0,675.0,2.0,704.0,16.0,,0.0,,0.0,644.5,16.0,605.5,1.0,466.0,2.0,200.0,1.0,199.0,6.0
2023-04-27 22:34:13.5,1682606053500000000,704.0,704.0,657.0,2571.0,3.0,20650.0,671.0,5.0,704.0,16.0,,0.0,,0.0,,0.0,644.5,16.0,605.5,1.0,466.0,2.0,200.0,1.0,199.0,6.0
2023-04-27 22:34:13.75,1682606053750000000,704.0,704.0,657.0,2571.0,3.0,20650.0,669.5,5.0,670.5,2.0,704.0,16.0,,0.0,,0.0,644.5,16.0,605.5,1.0,466.0,2.0,200.0,1.0,199.0,6.0
2023-04-27 22:34:14.0,1682606054000000000,704.0,704.0,657.0,2571.0,3.0,20650.0,670.5,2.0,671.0,5.0,704.0,16.0,,0.0,,0.0,644.5,16.0,605.5,1.0,466.0,2.0,200.0,1.0,199.0,6.0
2023-04-27 22:34:14.25,1682606054250000000,704.0,704.0,657.0,2571.0,3.0,20650.0,670.5,2.0,672.5,5.0,704.0,16.0,,0.0,,0.0,644.5,16.0,605.5,1.0,466.0,2.0,200.0,1.0,199.0,6.0
2023-04-27 22:34:15.0,1682606055000000000,704.0,704.0,657.0,2571.0,3.0,20650.0,670.5,2.0,671.0,5.0,704.0,16.0,,0.0,,0.0,644.5,16.0,605.5,1.0,466.0,2.0,200.0,1.0,199.0,6.0
2023-04-27 22:34:16.25,1682606056250000000,704.0,704.0,657.0,2571.0,3.0,20650.0,670.5,2.0,672.5,5.0,704.0,16.0,,0.0,,0.0,644.5,16.0,605.5,1.0,466.0,2.0,200.0,1.0,199.0,6.0
2023-04-27 22:34:21.5,1682606061500000000,704.0,704.0,657.0,2571.0,3.0,20650.0,670.5,2.0,671.0,5.0,704.0,16.0,,0.0,,0.0,644.5,16.0,605.5,1.0,466.0,2.0,200.0,1.0,199.0,6.0
2023-04-27 22:34:27.0,1682606067000000000,704.0,704.0,657.0,2571.0,3.0,20650.0,670.5,2.0,672.5,5.0,704.0,16.0,,0.0,,0.0,644.5,16.0,605.5,1.0,466.0,2.0,200.0,1.0,199.0,6.0
2023-04-27 22:34:29.0,1682606069000000000,704.0,704.0,657.0,2571.0,3.0,20650.0,672.5,5.0,704.0,16.0,,0.0,,0.0,,0.0,644.5,16.0,605.5,1.0,466.0,2.0,200.0,1.0,199.0,6.0
2023-04-27 22:34:29.25,1682606069250000000,704.0,704.0,657.0,2571.0,3.0,20650.0,672.0,2.0,672.5,5.0,704.0,16.0,,0.0,,0.0,644.5,16.0,605.5,1.0,466.0,2.0,200.0,1.0,199.0,6.0
2023-04-27 22:34:30.5,1682606070500000000,704.0,704.0,657.0,2571.0,3.0,20650.0,672.0,2.0,674.5,5.0,704.0,16.0,,0.0,,0.0,644.5,16.0,605.5,1.0,466.0,2.0,200.0,1.0,199.0,6.0
2023-04-27 22:34:38.25,1682606078250000000,704.0,704.0,657.0,2571.0,3.0,20650.0,672.0,2.0,673.0,5.0,704.0,16.0,,0.0,,0.0,644.5,16.0,605.5,1.0,466.0,2.0,200.0,1.0,199.0,6.0
2023-04-27 22:34:51.0,1682606091000000000,704.0,704.0,657.0,2571.0,3.0,20650.0,671.5,5.0,672.0,2.0,704.0,16.0,,0.0,,0.0,644.5,16.0,605.5,1.0,466.0,2.0,200.0,1.0,199.0,6.0
2023-04-27 22:35:01.25,1682606101250000000,704.0,704.0,657.0,2571.0,3.0,20650.0,672.0,2.0,673.0,5.0,704.0,16.0,,0.0,,0.0,644.5,16.0,605.5,1.0,466.0,2.0,200.0,1.0,199.0,6.0
2023-04-27 22:35:02.75,1682606102750000000,704.0,704.0,657.0,2571.0,3.0,20650.0,672.0,2.0,674.5,5.0,704.0,16.0,,0.0,,0.0,644.5,16.0,605.5,1.0,466.0,2.0,200.0,1.0,199.0,6.0
2023-04-27 22:35:03.0,1682606103000000000,704.0,704.0,657.0,2571.0,3.0,20650.0,674.5,5.0,704.0,16.0,,0.0,,0.0,,0.0,644.5,16.0,605.5,1.0,466.0,2.0,200.0,1.0,199.0,6.0
2023-04-27 22:35:03.25,1682606103250000000,704.0,704.0,657.0,2571.0,3.0,20650.0,674.0,2.0,674.5,5.0,704.0,16.0,,0.0,,0.0,644.5,16.0,605.5,1.0,466.0,2.0,200.0,1.0,199.0,6.0
2023-04-27 22:35:03.75,1682606103750000000,704.0,704.0,657.0,2571.0,3.0,20650.0,674.0,2.0,676.0,5.0,704.0,16.0,,0.0,,0.0,644.5,16.0,605.5,1.0,466.0,2.0,200.0,1.0,199.0,6.0
2023-04-27 22:35:06.25,1682606106250000000,704.0,704.0,657.0,2571.0,3.0,20650.0,678.5,5.0,704.0,16.0,,0.0,,0.0,,0.0,644.5,16.0,605.5,1.0,466.0,2.0,200.0,1.0,199.0,6.0
2023-04-27 22:35:06.5,1682606106500000000,704.0,704.0,657.0,2571.0,3.0,20650.0,678.0,2.0,678.5,5.0,704.0,16.0,,0.0,,0.0,644.5,16.0,605.5,1.0,466.0,2.0,200.0,1.0,199.0,6.0
2023-04-27 22:35:07.75,1682606107750000000,704.0,704.0,657.0,2571.0,3.0,20650.0,677.0,5.0,678.0,2.0,704.0,16.0,,0.0,,0.0,644.5,16.0,605.5,1.0,466.0,2.0,200.0,1.0,199.0,6.0
2023-04-27 22:35:16.25,1682606116250000000,704.0,704.0,657.0,2571.0,3.0,20650.0,678.0,2.0,678.5,5.0,704.0,16.0,,0.0,,0.0,644.5,16.0,605.5,1.0,466.0,2.0,200.0,1.0,199.0,6.0
2023-04-27 22:35:31.0,1682606131000000000,704.0,704.0,657.0,2571.0,3.0,20650.0,676.5,5.0,678.0,2.0,704.0,16.0,,0.0,,0.0,644.5,16.0,605.5,1.0,466.0,2.0,200.0,1.0,199.0,6.0
2023-04-27 22:35:49.5,1682606149500000000,704.0,704.0,657.0,2571.0,3.0,20650.0,675.0,5.0,678.0,2.0,704.0,16.0,,0.0,,0.0,644.5,16.0,605.5,1.0,466.0,2.0,200.0,1.0,199.0,6.0
2023-04-27 22:35:49.75,1682606149750000000,704.0,704.0,657.0,2571.0,3.0,20650.0,675.0,5.0,704.0,16.0,,0.0,,0.0,,0.0,644.5,16.0,605.5,1.0,466.0,2.0,200.0,1.0,199.0,6.0
2023-04-27 22:35:50.0,1682606150000000000,704.0,704.0,657.0,2571.0,3.0,20650.0,674.5,2.0,675.0,5.0,704.0,16.0,,0.0,,0.0,644.5,16.0,605.5,1.0,466.0,2.0,200.0,1.0,199.0,6.0
2023-04-27 22:35:55.5,1682606155500000000,704.0,704.0,657.0,2571.0,3.0,20650.0,673.5,5.0,674.5,2.0,704.0,16.0,,0.0,,0.0,644.5,16.0,605.5,1.0,466.0,2.0,200.0,1.0,199.0,6.0
2023-04-27 22:35:57.5,1682606157500000000,704.0,704.0,657.0,2571.0,3.0,20650.0,671.5,5.0,674.5,2.0,704.0,16.0,,0.0,,0.0,644.5,16.0,605.5,1.0,466.0,2.0,200.0,1.0,199.0,6.0
2023-04-27 22:35:57.75,1682606157750000000,704.0,704.0,657.0,2571.0,3.0,20650.0,671.5,5.0,704.0,16.0,,0.0,,0.0,,0.0,644.5,16.0,605.5,1.0,466.0,2.0,200.0,1.0,199.0,6.0
2023-04-27 22:35:58.0,1682606158000000000,704.0,704.0,657.0,2571.0,3.0,20650.0,671.0,2.0,671.5,5.0,704.0,16.0,,0.0,,0.0,644.5,16.0,605.5,1.0,466.0,2.0,200.0,1.0,199.0,6.0
2023-04-27 22:36:00.75,1682606160750000000,704.0,704.0,657.0,2571.0,3.0,20650.0,671.0,2.0,674.0,5.0,704.0,16.0,,0.0,,0.0,644.5,16.0,605.5,1.0,466.0,2.0,200.0,1.0,199.0,6.0
2023-04-27 22:36:09.75,1682606169750000000,704.0,704.0,657.0,2571.0,3.0,20650.0,671.0,2.0,672.5,5.0,704.0,16.0,,0.0,,0.0,644.5,16.0,605.5,1.0,466.0,2.0,200.0,1.0,199.0,6.0
2023-04-27 22:36:13.25,1682606173250000000,704.0,704.0,657.0,2571.0,3.0,20650.0,670.5,5.0,671.0,2.0,704.0,16.0,,0.0,,0.0,644.5,16.0,605.5,1.0,466.0,2.0,200.0,1.0,199.0,6.0
2023-04-27 22:36:25.5,1682606185500000000,704.0,704.0,657.0,2571.0,3.0,20650.0,671.0,2.0,672.0,5.0,704.0,16.0,,0.0,,0.0,644.5,16.0,605.5,1.0,466.0,2.0,200.0,1.0,199.0,6.0
2023-04-27 22:36:28.75,1682606188750000000,704.0,704.0,657.0,2571.0,3.0,20650.0,671.0,2.0,673.5,5.0,704.0,16.0,,0.0,,0.0,644.5,16.0,605.5,1.0,466.0,2.0,200.0,1.0,199.0,6.0
2023-04-27 22:36:42.25,1682606202250000000,704.0,704.0,657.0,2571.0,3.0,20650.0,671.0,2.0,672.0,5.0,704.0,16.0,,0.0,,0.0,644.5,16.0,605.5,1.0,466.0,2.0,200.0,1.0,199.0,6.0
2023-04-27 22:36:49.0,1682606209000000000,704.0,704.0,657.0,2571.0,3.0,20650.0,671.0,2.0,673.5,5.0,704.0,16.0,,0.0,,0.0,644.5,16.0,605.5,1.0,466.0,2.0,200.0,1.0,199.0,6.0
2023-04-27 22:36:54.0,1682606214000000000,704.0,704.0,657.0,2571.0,3.0,20650.0,671.0,2.0,671.5,5.0,704.0,16.0,,0.0,,0.0,644.5,16.0,605.5,1.0,466.0,2.0,200.0,1.0,199.0,6.0
