datetime,datetime_nano,highest,last_price,lowest,open_interest,volume,amount,ask_price1,ask_volume1,ask_price2,ask_volume2,ask_price3,ask_volume3,ask_price4,ask_volume4,ask_price5,ask_volume5,bid_price1,bid_volume1,bid_price2,bid_volume2,bid_price3,bid_volume3,bid_price4,bid_volume4,bid_price5,bid_volume5
2023-04-27 20:56:00.0,1682600160000000000,,,,5044.0,0.0,0.0,,0.0,,0.0,,0.0,,0.0,,0.0,,0.0,,0.0,,0.0,,0.0,,0.0
2023-04-27 20:59:00.0,1682600340000000000,224.0,224.0,224.0,5044.0,1.0,2240.0,228.0,7.0,228.5,4.0,248.0,14.0,399.5,7.0,400.0,5.0,211.0,7.0,202.0,6.0,192.0,7.0,180.0,5.0,170.0,20.0
2023-04-27 21:00:00.0,1682600400000000000,224.0,224.0,224.0,5044.0,1.0,2240.0,228.0,7.0,228.5,4.0,248.0,14.0,399.5,7.0,400.0,5.0,211.0,7.0,202.0,6.0,195.0,1.0,192.0,7.0,180.0,5.0
2023-04-27 21:00:00.25,1682600400250000000,228.5,228.5,224.0,5033.0,12.0,27340.0,248.0,14.0,267.0,44.0,281.0,1.0,399.5,7.0,400.0,5.0,237.5,79.0,227.5,24.0,211.5,20.0,211.0,7.0,202.0,6.0
2023-04-27 21:00:00.75,1682600400750000000,228.5,228.5,224.0,5031.0,14.0,31910.0,248.0,14.0,267.0,44.0,281.0,1.0,399.5,7.0,400.0,5.0,237.5,77.0,228.5,7.0,227.5,24.0,211.5,20.0,211.0,7.0
2023-04-27 21:00:01.5,1682600401500000000,228.5,228.5,224.0,5031.0,14.0,31910.0,248.0,14.0,267.0,24.0,272.0,20.0,281.0,1.0,399.5,7.0,237.5,77.0,228.5,7.0,227.5,24.0,223.0,20.0,211.0,7.0
2023-04-27 21:00:02.25,1682600402250000000,228.5,228.5,224.0,5031.0,20.0,45620.0,248.0,14.0,267.0,24.0,272.0,20.0,281.0,1.0,399.5,7.0,237.5,71.0,228.5,7.0,227.5,24.0,223.0,20.0,211.0,7.0
2023-04-27 21:00:02.75,1682600402750000000,228.5,228.5,224.0,5031.0,20.0,45620.0,248.0,14.0,267.0,24.0,272.0,20.0,281.0,1.0,399.5,7.0,237.5,71.0,228.5,7.0,227.5,24.0,223.0,20.0,215.0,10.0
2023-04-27 21:00:03.25,1682600403250000000,228.5,228.5,224.0,5031.0,20.0,45620.0,248.0,14.0,264.0,10.0,267.0,24.0,272.0,20.0,281.0,1.0,237.5,71.0,228.5,7.0,227.5,24.0,223.0,20.0,215.0,10.0
2023-04-27 21:00:04.0,1682600404000000000,228.5,228.5,224.0,5031.0,20.0,45620.0,248.0,14.0,264.0,10.0,266.5,20.0,267.0,24.0,281.0,1.0,237.5,71.0,228.5,7.0,227.5,24.0,218.5,20.0,215.0,10.0
2023-04-27 21:00:04.25,1682600404250000000,228.5,228.5,224.0,5031.0,20.0,45620.0,248.0,14.0,264.0,10.0,266.5,20.0,267.0,24.0,281.0,1.0,237.5,71.0,228.5,7.0,227.5,24.0,218.5,20.0,218.0,10.0
2023-04-27 21:00:04.5,1682600404500000000,228.5,228.5,224.0,5031.0,20.0,45620.0,247.5,20.0,248.0,14.0,264.0,10.0,267.0,24.0,281.0,1.0,237.5,71.0,228.5,7.0,227.5,24.0,226.0,20.0,218.0,10.0
2023-04-27 21:00:04.75,1682600404750000000,228.5,228.5,224.0,5031.0,20.0,45620.0,248.0,14.0,264.0,10.0,267.0,44.0,281.0,1.0,399.5,7.0,227.5,24.0,219.0,20.0,215.0,10.0,211.0,7.0,202.0,6.0
2023-04-27 21:00:05.0,1682600405000000000,228.5,228.5,224.0,5031.0,20.0,45620.0,248.0,34.0,264.0,10.0,267.0,24.0,281.0,1.0,399.5,1.0,227.5,24.0,226.0,20.0,215.0,10.0,211.0,7.0,202.0,6.0
2023-04-27 21:00:05.25,1682600405250000000,228.5,228.5,224.0,5031.0,20.0,45620.0,248.0,14.0,264.0,10.0,265.5,20.0,267.0,24.0,281.0,1.0,227.5,24.0,217.5,20.0,215.0,10.0,211.0,7.0,202.0,6.0
2023-04-27 21:00:07.75,1682600407750000000,228.5,228.5,224.0,5031.0,20.0,45620.0,248.0,14.0,252.0,24.0,264.0,10.0,265.5,20.0,281.0,1.0,227.5,24.0,217.5,20.0,215.0,10.0,211.0,7.0,202.0,6.0
2023-04-27 21:00:08.0,1682600408000000000,228.5,228.5,224.0,5031.0,20.0,45620.0,245.0,10.0,248.0,14.0,252.0,24.0,265.5,20.0,281.0,1.0,227.5,24.0,217.5,20.0,211.0,7.0,202.0,6.0,200.0,1.0
2023-04-27 21:00:08.25,1682600408250000000,228.5,228.5,224.0,5031.0,20.0,45620.0,245.0,10.0,248.0,14.0,252.0,24.0,260.5,20.0,281.0,1.0,227.5,24.0,213.0,20.0,211.0,7.0,202.0,6.0,200.0,1.0
2023-04-27 21:00:08.5,1682600408500000000,228.5,228.5,224.0,5031.0,20.0,45620.0,245.0,10.0,248.0,32.0,252.0,24.0,260.5,20.0,281.0,1.0,231.0,18.0,227.5,24.0,213.0,20.0,211.0,7.0,202.0,6.0
2023-04-27 21:00:08.75,1682600408750000000,228.5,228.5,224.0,5031.0,20.0,45620.0,244.5,20.0,245.0,10.0,248.0,32.0,252.0,24.0,281.0,1.0,232.0,18.0,227.5,24.0,220.5,20.0,211.0,7.0,202.0,6.0
2023-04-27 21:00:09.0,1682600409000000000,228.5,228.5,224.0,5031.0,20.0,45620.0,243.5,10.0,244.5,20.0,248.0,32.0,252.0,24.0,281.0,1.0,232.0,18.0,227.5,24.0,220.5,20.0,213.0,10.0,211.0,7.0
2023-04-27 21:00:09.25,1682600409250000000,228.5,228.5,224.0,5031.0,20.0,45620.0,245.0,10.0,248.0,14.0,252.0,24.0,262.0,20.0,281.0,1.0,227.5,24.0,213.5,20.0,213.0,10.0,211.0,7.0,202.0,6.0
2023-04-27 21:00:10.0,1682600410000000000,228.5,228.5,224.0,5031.0,20.0,45620.0,245.5,10.0,248.0,14.0,250.0,1.0,252.0,24.0,262.0,20.0,227.5,24.0,213.5,20.0,213.0,10.0,211.0,7.0,202.0,6.0
2023-04-27 21:00:10.25,1682600410250000000,228.5,228.5,224.0,5031.0,20.0,45620.0,245.5,10.0,248.0,14.0,250.0,1.0,262.0,20.0,281.0,1.0,214.5,10.0,213.5,20.0,211.5,16.0,211.0,7.0,202.0,6.0
2023-04-27 21:00:10.75,1682600410750000000,228.5,228.5,224.0,5031.0,20.0,45620.0,245.5,10.0,248.0,14.0,250.0,1.0,262.0,20.0,281.0,1.0,214.0,10.0,213.5,20.0,211.5,16.0,211.0,7.0,202.0,6.0
2023-04-27 21:00:11.0,1682600411000000000,228.5,228.5,224.0,5031.0,20.0,45620.0,245.5,10.0,248.0,14.0,250.0,1.0,254.0,16.0,262.0,20.0,214.0,10.0,213.5,20.0,211.5,16.0,211.0,7.0,202.0,6.0
2023-04-27 21:00:11.5,1682600411500000000,228.5,228.5,224.0,5031.0,20.0,45620.0,245.5,10.0,248.0,14.0,250.0,1.0,254.0,16.0,262.0,20.0,213.5,30.0,211.5,16.0,211.0,7.0,202.0,6.0,200.0,1.0
2023-04-27 21:00:12.0,1682600412000000000,228.5,228.5,224.0,5031.0,20.0,45620.0,245.5,10.0,248.0,14.0,250.0,1.0,254.0,16.0,262.0,20.0,213.5,20.0,213.0,10.0,211.5,16.0,211.0,7.0,202.0,6.0
2023-04-27 21:00:12.75,1682600412750000000,228.5,228.5,224.0,5031.0,20.0,45620.0,245.5,10.0,248.0,14.0,250.0,1.0,254.0,16.0,262.0,20.0,213.5,20.0,212.0,10.0,211.5,16.0,211.0,7.0,202.0,6.0
2023-04-27 21:00:15.5,1682600415500000000,228.5,228.5,224.0,5031.0,20.0,45620.0,245.5,10.0,248.0,14.0,250.0,1.0,254.0,16.0,262.0,20.0,213.5,20.0,211.5,26.0,211.0,7.0,202.0,6.0,200.0,1.0
2023-04-27 21:00:16.25,1682600416250000000,228.5,228.5,224.0,5031.0,20.0,45620.0,245.5,10.0,248.0,14.0,250.0,1.0,254.0,16.0,256.5,20.0,211.5,16.0,211.0,7.0,209.5,20.0,205.0,10.0,202.0,6.0
2023-04-27 21:00:16.5,1682600416500000000,228.5,228.5,224.0,5031.0,20.0,45620.0,245.5,10.0,248.0,14.0,250.0,1.0,254.0,16.0,256.5,20.0,211.5,16.0,211.0,7.0,210.0,10.0,209.5,20.0,202.0,6.0
2023-04-27 21:00:17.0,1682600417000000000,228.5,228.5,224.0,5031.0,20.0,45620.0,245.5,10.0,248.0,14.0,250.0,1.0,254.0,16.0,256.5,20.0,211.5,16.0,211.0,7.0,209.5,20.0,205.0,10.0,202.0,6.0
2023-04-27 21:00:17.5,1682600417500000000,228.5,228.5,224.0,5031.0,20.0,45620.0,245.5,10.0,248.0,14.0,250.0,1.0,254.0,16.0,256.5,20.0,215.0,10.0,211.5,16.0,211.0,7.0,209.5,20.0,205.0,10.0
2023-04-27 21:00:20.5,1682600420500000000,228.5,228.5,224.0,5031.0,20.0,45620.0,245.5,11.0,248.0,14.0,250.0,1.0,254.0,16.0,256.5,20.0,215.0,10.0,211.5,16.0,211.0,7.0,209.5,20.0,205.0,10.0
2023-04-27 21:00:20.75,1682600420750000000,228.5,228.5,224.0,5031.0,20.0,45620.0,245.5,11.0,248.0,14.0,250.0,1.0,254.0,16.0,256.5,20.0,215.0,10.0,212.0,10.0,211.5,16.0,211.0,7.0,209.5,20.0
2023-04-27 21:00:24.75,1682600424750000000,228.5,228.5,224.0,5031.0,20.0,45620.0,245.5,11.0,248.0,32.0,250.0,1.0,254.0,16.0,256.5,20.0,230.0,18.0,215.0,10.0,212.0,10.0,211.5,16.0,211.0,7.0
2023-04-27 21:00:27.5,1682600427500000000,228.5,228.5,224.0,5031.0,20.0,45620.0,245.5,11.0,248.0,14.0,250.0,1.0,254.0,16.0,256.5,20.0,215.0,10.0,212.0,10.0,211.5,16.0,211.0,7.0,209.5,20.0
2023-04-27 21:00:30.0,1682600430000000000,228.5,228.5,224.0,5031.0,20.0,45620.0,245.5,11.0,248.0,14.0,250.0,1.0,254.0,16.0,256.5,20.0,215.0,10.0,211.5,26.0,211.0,7.0,209.5,20.0,202.0,6.0
2023-04-27 21:00:37.25,1682600437250000000,228.5,228.5,224.0,5031.0,20.0,45620.0,245.5,11.0,248.0,14.0,250.0,1.0,254.0,16.0,256.5,20.0,215.0,10.0,211.5,16.0,211.0,17.0,209.5,20.0,202.0,6.0
2023-04-27 21:00:38.25,1682600438250000000,228.5,228.5,224.0,5031.0,20.0,45620.0,245.5,11.0,248.0,14.0,250.0,1.0,254.0,16.0,256.5,20.0,215.0,10.0,211.5,16.0,211.0,7.0,210.5,10.0,209.5,20.0
2023-04-27 21:00:39.5,1682600439500000000,228.5,228.5,224.0,5031.0,20.0,45620.0,245.5,11.0,248.0,14.0,250.0,1.0,254.0,16.0,256.5,20.0,215.0,10.0,211.5,16.0,211.0,7.0,210.0,10.0,209.5,20.0
2023-04-27 21:00:39.75,1682600439750000000,228.5,228.5,224.0,5031.0,20.0,45620.0,245.5,11.0,248.0,14.0,250.0,1.0,254.0,16.0,256.5,20.0,215.0,10.0,211.5,16.0,211.0,7.0,209.5,30.0,202.0,6.0
2023-04-27 21:00:40.0,1682600440000000000,228.5,228.5,224.0,5031.0,20.0,45620.0,245.5,11.0,248.0,14.0,250.0,1.0,254.0,16.0,256.5,20.0,215.0,10.0,211.5,16.0,211.0,7.0,209.5,20.0,205.0,10.0
2023-04-27 21:00:50.5,1682600450500000000,228.5,228.5,224.0,5031.0,20.0,45620.0,245.5,11.0,248.0,14.0,250.0,1.0,251.0,20.0,254.0,16.0,215.0,10.0,211.5,16.0,211.0,7.0,205.5,20.0,205.0,10.0
2023-04-27 21:00:50.75,1682600450750000000,228.5,228.5,224.0,5031.0,20.0,45620.0,245.5,11.0,248.0,14.0,250.0,1.0,251.0,20.0,254.0,16.0,215.0,10.0,211.5,16.0,211.0,7.0,206.5,10.0,205.5,20.0
2023-04-27 21:00:52.25,1682600452250000000,228.5,228.5,224.0,5031.0,20.0,45620.0,245.5,11.0,248.0,14.0,250.0,1.0,251.0,20.0,254.0,16.0,215.0,10.0,211.5,16.0,211.0,7.0,206.0,10.0,205.5,20.0
2023-04-27 21:00:57.75,1682600457750000000,228.5,228.5,224.0,5031.0,20.0,45620.0,245.5,11.0,248.0,14.0,250.0,1.0,251.0,20.0,254.0,16.0,215.0,10.0,211.5,16.0,206.0,10.0,205.5,20.0,200.0,1.0
2023-04-27 21:01:00.5,1682600460500000000,228.5,228.5,224.0,5031.0,20.0,45620.0,245.5,11.0,248.0,14.0,250.0,1.0,254.0,16.0,255.5,20.0,215.0,10.0,211.5,16.0,210.0,20.0,206.0,10.0,200.0,1.0
2023-04-27 21:01:00.75,1682600460750000000,228.5,228.5,224.0,5031.0,20.0,45620.0,245.5,11.0,248.0,14.0,250.0,1.0,254.0,16.0,255.5,20.0,215.0,10.0,213.0,10.0,211.5,16.0,210.0,20.0,200.0,1.0
2023-04-27 21:01:04.0,1682600464000000000,228.5,228.5,224.0,5031.0,20.0,45620.0,245.5,1.0,246.0,10.0,248.0,14.0,250.0,1.0,254.0,16.0,215.0,10.0,213.0,10.0,211.5,16.0,210.0,20.0,200.0,1.0
2023-04-27 21:01:04.25,1682600464250000000,228.5,228.5,224.0,5031.0,20.0,45620.0,245.5,1.0,246.0,10.0,248.0,14.0,250.0,1.0,254.0,16.0,215.5,10.0,215.0,10.0,214.0,9.0,211.5,16.0,210.0,20.0
2023-04-27 21:01:04.5,1682600464500000000,228.5,228.5,224.0,5031.0,20.0,45620.0,245.5,1.0,246.0,10.0,248.0,14.0,250.0,1.0,254.0,16.0,215.0,20.0,214.0,9.0,211.5,16.0,210.0,20.0,200.0,1.0
2023-04-27 21:01:06.0,1682600466000000000,228.5,228.5,224.0,5031.0,20.0,45620.0,245.5,1.0,246.5,10.0,248.0,14.0,250.0,1.0,254.0,16.0,215.0,20.0,214.0,9.0,211.5,16.0,210.0,20.0,200.0,1.0
2023-04-27 21:01:06.5,1682600466500000000,228.5,228.5,224.0,5031.0,20.0,45620.0,245.5,1.0,247.0,10.0,248.0,14.0,250.0,1.0,254.0,16.0,215.0,20.0,214.0,9.0,211.5,16.0,210.0,20.0,200.0,1.0
2023-04-27 21:01:06.75,1682600466750000000,228.5,228.5,224.0,5031.0,20.0,45620.0,245.5,1.0,247.5,10.0,248.0,14.0,250.0,1.0,254.0,16.0,215.0,20.0,214.0,9.0,211.5,16.0,210.0,20.0,200.0,1.0
2023-04-27 21:01:07.0,1682600467000000000,228.5,228.5,224.0,5031.0,20.0,45620.0,245.5,1.0,248.0,24.0,250.0,1.0,254.0,16.0,255.5,20.0,215.0,20.0,214.0,9.0,211.5,16.0,210.0,20.0,200.0,1.0
2023-04-27 21:01:08.75,1682600468750000000,228.5,228.5,224.0,5031.0,20.0,45620.0,245.0,20.0,245.5,1.0,248.0,24.0,250.0,1.0,254.0,16.0,215.5,20.0,215.0,20.0,214.0,9.0,211.5,16.0,200.0,1.0
2023-04-27 21:01:09.0,1682600469000000000,228.5,228.5,224.0,5031.0,20.0,45620.0,245.0,20.0,245.5,19.0,248.0,24.0,250.0,1.0,254.0,16.0,230.5,18.0,216.0,10.0,215.5,20.0,215.0,10.0,214.0,9.0
2023-04-27 21:01:09.25,1682600469250000000,228.5,228.5,224.0,5031.0,20.0,45620.0,245.5,19.0,248.0,24.0,250.0,1.0,254.0,16.0,266.0,20.0,230.5,18.0,216.0,10.0,215.0,10.0,214.0,9.0,213.0,20.0
2023-04-27 21:01:09.5,1682600469500000000,228.5,228.5,224.0,5031.0,20.0,45620.0,245.0,20.0,245.5,1.0,248.0,24.0,250.0,1.0,254.0,16.0,221.0,20.0,216.0,10.0,215.0,10.0,214.0,9.0,211.5,16.0
2023-04-27 21:01:09.75,1682600469750000000,228.5,228.5,224.0,5031.0,20.0,45620.0,245.5,1.0,248.0,24.0,250.0,1.0,254.0,16.0,267.5,20.0,216.0,10.0,215.0,10.0,214.0,9.0,213.0,20.0,211.5,16.0
2023-04-27 21:01:10.0,1682600470000000000,228.5,228.5,224.0,5031.0,20.0,45620.0,245.5,1.0,248.0,24.0,250.0,1.0,254.0,16.0,267.5,20.0,215.5,10.0,215.0,10.0,214.0,9.0,213.0,20.0,211.5,16.0
2023-04-27 21:01:10.25,1682600470250000000,228.5,228.5,224.0,5031.0,20.0,45620.0,245.5,1.0,248.0,24.0,250.0,1.0,254.0,16.0,267.5,20.0,215.0,20.0,214.0,9.0,213.0,20.0,211.5,16.0,200.0,1.0
2023-04-27 21:01:12.25,1682600472250000000,228.5,228.5,224.0,5031.0,20.0,45620.0,245.5,1.0,248.0,24.0,250.0,1.0,254.0,16.0,267.5,20.0,215.0,10.0,214.5,10.0,214.0,9.0,213.0,20.0,211.5,16.0
2023-04-27 21:01:12.5,1682600472500000000,228.5,228.5,224.0,5031.0,20.0,45620.0,245.5,11.0,248.0,14.0,250.0,1.0,254.0,16.0,267.5,20.0,215.0,10.0,214.5,10.0,214.0,9.0,213.0,20.0,211.5,16.0
2023-04-27 21:01:15.0,1682600475000000000,228.5,228.5,224.0,5031.0,20.0,45620.0,245.5,1.0,246.0,10.0,248.0,14.0,250.0,1.0,254.0,16.0,215.0,10.0,214.5,10.0,214.0,9.0,213.0,20.0,211.5,16.0
2023-04-27 21:01:15.25,1682600475250000000,228.5,228.5,224.0,5031.0,20.0,45620.0,245.5,1.0,246.0,10.0,248.0,14.0,250.0,1.0,254.0,16.0,215.0,20.0,214.0,9.0,213.0,20.0,211.5,16.0,200.0,1.0
2023-04-27 21:01:17.0,1682600477000000000,228.5,228.5,224.0,5031.0,20.0,45620.0,245.5,1.0,246.0,10.0,248.0,14.0,250.0,1.0,254.0,16.0,215.0,10.0,214.5,10.0,214.0,9.0,213.0,20.0,211.5,16.0
2023-04-27 21:01:17.25,1682600477250000000,228.5,228.5,224.0,5031.0,20.0,45620.0,245.0,10.0,245.5,1.0,248.0,14.0,250.0,1.0,254.0,16.0,215.0,10.0,214.5,10.0,214.0,9.0,213.0,20.0,211.5,16.0
2023-04-27 21:01:17.75,1682600477750000000,228.5,228.5,224.0,5031.0,20.0,45620.0,245.0,10.0,245.5,1.0,248.0,14.0,250.0,1.0,254.0,16.0,215.0,10.0,214.0,19.0,213.0,20.0,211.5,16.0,200.0,1.0
2023-04-27 21:01:21.75,1682600481750000000,228.5,228.5,224.0,5031.0,20.0,45620.0,245.5,1.0,246.0,10.0,248.0,14.0,250.0,1.0,254.0,16.0,215.0,10.0,214.0,19.0,213.0,20.0,211.5,16.0,200.0,1.0
2023-04-27 21:01:22.0,1682600482000000000,228.5,228.5,224.0,5031.0,20.0,45620.0,245.5,1.0,246.0,10.0,248.0,14.0,250.0,1.0,254.0,16.0,215.5,10.0,215.0,10.0,214.0,9.0,213.0,20.0,211.5,16.0
2023-04-27 21:01:22.25,1682600482250000000,228.5,228.5,224.0,5031.0,20.0,45620.0,245.5,1.0,246.5,10.0,248.0,14.0,250.0,1.0,254.0,16.0,215.5,10.0,215.0,10.0,214.0,9.0,213.0,20.0,211.5,16.0
2023-04-27 21:01:22.5,1682600482500000000,228.5,228.5,224.0,5031.0,20.0,45620.0,245.5,1.0,247.0,10.0,248.0,14.0,250.0,1.0,254.0,16.0,215.5,10.0,215.0,10.0,214.0,9.0,213.0,20.0,211.5,16.0
2023-04-27 21:01:26.5,1682600486500000000,228.5,228.5,224.0,5031.0,20.0,45620.0,245.5,1.0,247.5,10.0,248.0,14.0,250.0,1.0,254.0,16.0,215.5,10.0,215.0,10.0,214.0,9.0,213.0,20.0,211.5,16.0
2023-04-27 21:01:26.75,1682600486750000000,228.5,228.5,224.0,5031.0,20.0,45620.0,245.5,1.0,247.5,10.0,248.0,14.0,250.0,1.0,254.0,16.0,215.5,10.0,215.0,10.0,214.0,9.0,212.0,20.0,211.5,16.0
2023-04-27 21:01:34.25,1682600494250000000,228.5,228.5,224.0,5031.0,20.0,45620.0,233.0,18.0,245.5,1.0,247.5,10.0,248.0,14.0,250.0,1.0,230.5,18.0,215.5,10.0,215.0,10.0,214.0,9.0,212.0,20.0
2023-04-27 21:01:34.5,1682600494500000000,228.5,228.5,224.0,5031.0,20.0,45620.0,245.5,1.0,247.5,10.0,248.0,14.0,250.0,1.0,254.0,16.0,215.5,10.0,215.0,10.0,214.0,9.0,212.0,20.0,211.5,16.0
2023-04-27 21:01:38.5,1682600498500000000,228.5,228.5,224.0,5031.0,20.0,45620.0,245.5,1.0,247.5,10.0,248.0,14.0,250.0,1.0,254.0,16.0,215.0,20.0,214.0,9.0,212.0,20.0,211.5,16.0,200.0,1.0
2023-04-27 21:01:41.25,1682600501250000000,228.5,228.5,224.0,5031.0,20.0,45620.0,245.5,1.0,247.5,10.0,248.0,14.0,250.0,1.0,254.0,16.0,215.0,10.0,214.5,10.0,214.0,9.0,212.0,20.0,211.5,16.0
2023-04-27 21:01:41.5,1682600501500000000,228.5,228.5,224.0,5031.0,20.0,45620.0,244.5,10.0,245.5,1.0,248.0,14.0,250.0,1.0,254.0,16.0,215.0,10.0,214.0,19.0,212.0,20.0,211.5,16.0,200.0,1.0
2023-04-27 21:01:42.0,1682600502000000000,228.5,228.5,224.0,5031.0,20.0,45620.0,244.5,10.0,245.5,1.0,248.0,14.0,250.0,1.0,254.0,16.0,215.0,10.0,214.0,9.0,213.5,10.0,212.0,20.0,211.5,16.0
2023-04-27 21:01:42.25,1682600502250000000,228.5,228.5,224.0,5031.0,20.0,45620.0,244.5,10.0,245.5,1.0,248.0,14.0,250.0,1.0,254.0,16.0,215.0,10.0,214.0,9.0,213.0,10.0,212.0,20.0,211.5,16.0
2023-04-27 21:01:42.5,1682600502500000000,228.5,228.5,224.0,5031.0,20.0,45620.0,244.5,10.0,245.5,1.0,248.0,14.0,250.0,1.0,254.0,16.0,215.0,10.0,214.0,9.0,213.0,10.0,211.5,16.0,208.0,20.0
2023-04-27 21:01:44.5,1682600504500000000,228.5,228.5,224.0,5031.0,20.0,45620.0,244.5,10.0,245.5,1.0,248.0,14.0,250.0,1.0,254.0,16.0,216.0,3.0,215.0,10.0,214.0,9.0,213.0,10.0,211.5,16.0
2023-04-27 21:01:47.0,1682600507000000000,228.5,228.5,224.0,5031.0,20.0,45620.0,244.5,10.0,245.5,1.0,248.0,14.0,250.0,1.0,254.0,16.0,216.0,3.0,215.0,10.0,214.0,9.0,212.0,10.0,211.5,16.0
2023-04-27 21:01:48.0,1682600508000000000,228.5,228.5,224.0,5031.0,20.0,45620.0,244.5,10.0,248.0,14.0,250.0,1.0,254.0,16.0,282.5,20.0,216.0,3.0,215.0,10.0,214.0,9.0,212.0,10.0,211.5,16.0
2023-04-27 21:01:48.5,1682600508500000000,228.5,228.5,224.0,5031.0,20.0,45620.0,244.5,10.0,248.0,14.0,250.0,1.0,254.0,16.0,282.5,20.0,216.0,3.0,215.0,10.0,214.0,9.0,211.5,26.0,208.0,20.0
2023-04-27 21:01:48.75,1682600508750000000,228.5,228.5,224.0,5031.0,20.0,45620.0,244.5,10.0,248.0,14.0,250.0,1.0,254.0,16.0,282.5,20.0,216.0,3.0,215.0,10.0,214.0,9.0,211.5,16.0,211.0,10.0
2023-04-27 21:01:49.0,1682600509000000000,228.5,228.5,224.0,5031.0,20.0,45620.0,244.0,20.0,244.5,10.0,248.0,14.0,250.0,1.0,254.0,16.0,216.0,3.0,215.0,10.0,214.0,9.0,213.0,20.0,211.5,16.0
2023-04-27 21:01:49.25,1682600509250000000,228.5,228.5,224.0,5031.0,20.0,45620.0,241.0,10.0,244.0,20.0,248.0,14.0,250.0,1.0,254.0,16.0,216.0,3.0,215.0,10.0,214.0,9.0,213.0,20.0,211.5,16.0
2023-04-27 21:01:49.75,1682600509750000000,228.5,228.5,224.0,5031.0,20.0,45620.0,241.5,10.0,248.0,14.0,250.0,1.0,254.0,16.0,292.5,20.0,216.0,3.0,215.0,10.0,214.0,9.0,211.5,16.0,205.5,20.0
2023-04-27 21:01:50.0,1682600510000000000,228.5,228.5,224.0,5031.0,20.0,45620.0,245.0,10.0,248.0,14.0,250.0,1.0,254.0,16.0,292.5,20.0,216.0,3.0,215.0,10.0,214.0,9.0,211.5,26.0,205.5,20.0
2023-04-27 21:01:50.5,1682600510500000000,228.5,228.5,224.0,5031.0,20.0,45620.0,245.0,10.0,248.0,14.0,250.0,1.0,254.0,16.0,292.5,20.0,216.0,3.0,215.0,10.0,214.0,9.0,211.5,16.0,208.5,10.0
2023-04-27 21:01:50.75,1682600510750000000,228.5,228.5,224.0,5031.0,20.0,45620.0,245.0,10.0,245.5,9.0,248.0,14.0,250.0,1.0,254.0,16.0,216.0,3.0,215.0,10.0,214.0,9.0,211.5,16.0,208.5,10.0
2023-04-27 21:01:56.0,1682600516000000000,228.5,216.0,216.0,5028.0,23.0,52100.0,216.0,37.0,245.0,10.0,245.5,9.0,248.0,14.0,250.0,1.0,215.0,10.0,214.0,9.0,211.5,16.0,208.5,10.0,203.5,20.0
2023-04-27 21:01:56.25,1682600516250000000,228.5,216.0,216.0,4991.0,60.0,132020.0,243.0,20.0,245.0,10.0,245.5,9.0,248.0,14.0,250.0,1.0,215.0,10.0,214.0,9.0,212.0,20.0,211.5,16.0,208.5,10.0
2023-04-27 21:01:56.5,1682600516500000000,228.5,216.0,216.0,4991.0,60.0,132020.0,240.0,10.0,245.5,9.0,248.0,14.0,250.0,1.0,254.0,16.0,220.5,79.0,216.0,55.0,215.0,10.0,214.0,9.0,211.5,16.0
2023-04-27 21:01:56.75,1682600516750000000,228.5,216.0,216.0,4991.0,60.0,132020.0,240.0,10.0,244.0,20.0,245.5,9.0,248.0,14.0,250.0,1.0,220.5,79.0,216.0,55.0,215.0,10.0,214.0,9.0,212.5,20.0
2023-04-27 21:01:57.25,1682600517250000000,228.5,216.0,216.0,4991.0,60.0,132020.0,240.0,10.0,245.5,9.0,248.0,14.0,250.0,1.0,254.0,16.0,220.5,79.0,216.0,55.0,215.0,10.0,214.0,9.0,211.5,16.0
2023-04-27 21:01:58.0,1682600518000000000,228.5,216.0,216.0,4991.0,60.0,132020.0,242.5,10.0,245.5,9.0,248.0,14.0,250.0,1.0,254.0,16.0,220.5,79.0,216.0,55.0,215.0,10.0,214.0,9.0,211.5,16.0
2023-04-27 21:02:00.5,1682600520500000000,228.5,220.5,216.0,4986.0,65.0,143045.0,242.5,10.0,245.5,9.0,248.0,14.0,250.0,1.0,254.0,16.0,220.5,74.0,216.0,55.0,215.0,10.0,214.0,9.0,211.5,16.0
2023-04-27 21:02:03.0,1682600523000000000,228.5,220.5,216.0,4986.0,65.0,143045.0,243.5,10.0,245.5,9.0,248.0,14.0,250.0,1.0,254.0,16.0,220.5,74.0,216.0,55.0,215.0,10.0,214.0,9.0,211.5,16.0
2023-04-27 21:02:03.25,1682600523250000000,228.5,220.5,216.0,4986.0,65.0,143045.0,243.5,10.0,245.5,9.0,248.0,14.0,250.0,1.0,254.0,16.0,220.5,74.0,216.0,55.0,215.0,10.0,214.0,9.0,213.0,10.0
2023-04-27 21:02:03.5,1682600523500000000,228.5,220.5,216.0,4986.0,65.0,143045.0,243.5,10.0,245.5,9.0,248.0,14.0,250.0,1.0,254.0,16.0,220.5,74.0,216.0,55.0,215.0,10.0,214.0,9.0,211.5,16.0
2023-04-27 21:02:03.75,1682600523750000000,228.5,220.5,216.0,4986.0,65.0,143045.0,243.5,10.0,245.5,9.0,248.0,14.0,250.0,1.0,254.0,16.0,220.5,74.0,216.0,55.0,215.0,10.0,214.0,9.0,212.5,10.0
2023-04-27 21:02:04.0,1682600524000000000,228.5,220.5,216.0,4986.0,65.0,143045.0,244.0,10.0,245.5,9.0,248.0,14.0,250.0,1.0,254.0,16.0,220.5,74.0,216.0,55.0,215.0,10.0,214.0,9.0,212.5,10.0
2023-04-27 21:02:06.25,1682600526250000000,228.5,220.5,216.0,4986.0,65.0,143045.0,231.5,18.0,244.0,10.0,245.5,9.0,248.0,14.0,250.0,1.0,228.5,18.0,220.5,74.0,216.0,55.0,215.0,10.0,214.0,9.0
2023-04-27 21:02:06.5,1682600526500000000,228.5,220.5,216.0,4986.0,65.0,143045.0,244.0,10.0,245.5,9.0,248.0,14.0,250.0,1.0,254.0,16.0,220.5,74.0,216.0,55.0,215.0,10.0,214.0,9.0,212.5,10.0
2023-04-27 21:02:06.75,1682600526750000000,228.5,220.5,216.0,4986.0,65.0,143045.0,244.5,10.0,245.5,9.0,248.0,14.0,250.0,1.0,254.0,16.0,220.5,74.0,216.0,55.0,215.0,10.0,214.0,9.0,212.5,10.0
2023-04-27 21:02:07.0,1682600527000000000,228.5,220.5,216.0,4986.0,65.0,143045.0,245.0,10.0,245.5,9.0,248.0,14.0,250.0,1.0,254.0,16.0,220.5,74.0,216.0,55.0,215.0,10.0,214.0,9.0,212.5,10.0
2023-04-27 21:02:07.25,1682600527250000000,228.5,220.5,216.0,4986.0,65.0,143045.0,245.0,10.0,245.5,9.0,248.0,14.0,250.0,1.0,254.0,16.0,220.5,74.0,216.0,55.0,215.0,10.0,214.5,10.0,214.0,9.0
2023-04-27 21:02:07.5,1682600527500000000,228.5,220.5,216.0,4986.0,65.0,143045.0,245.5,19.0,248.0,14.0,250.0,1.0,254.0,16.0,302.0,20.0,220.5,74.0,216.0,55.0,215.0,10.0,214.5,10.0,214.0,9.0
2023-04-27 21:02:08.5,1682600528500000000,228.5,220.5,216.0,4986.0,65.0,143045.0,240.0,1.0,245.5,19.0,248.0,14.0,250.0,1.0,254.0,16.0,220.5,74.0,216.0,55.0,215.0,10.0,214.5,10.0,214.0,9.0
2023-04-27 21:02:09.5,1682600529500000000,228.5,220.5,216.0,4986.0,65.0,143045.0,240.0,1.0,242.5,1.0,245.5,19.0,248.0,14.0,250.0,1.0,220.5,74.0,216.0,55.0,215.0,10.0,214.0,19.0,211.5,16.0
2023-04-27 21:02:20.25,1682600540250000000,228.5,220.5,216.0,4986.0,65.0,143045.0,239.0,5.0,240.0,1.0,242.5,1.0,245.5,19.0,248.0,14.0,220.5,74.0,216.0,55.0,215.0,10.0,214.0,19.0,211.5,16.0
2023-04-27 21:02:20.5,1682600540500000000,228.5,220.5,216.0,4986.0,65.0,143045.0,239.0,5.0,240.0,1.0,242.5,1.0,245.5,19.0,248.0,14.0,220.5,74.0,216.0,55.0,215.0,10.0,214.0,9.0,213.5,10.0
2023-04-27 21:02:21.25,1682600541250000000,228.5,220.5,216.0,4986.0,65.0,143045.0,239.0,5.0,240.0,1.0,242.5,1.0,245.5,19.0,248.0,14.0,220.5,74.0,216.0,55.0,215.0,10.0,214.0,9.0,211.5,16.0
2023-04-27 21:02:21.5,1682600541500000000,228.5,220.5,216.0,4986.0,65.0,143045.0,239.0,5.0,240.0,1.0,242.5,1.0,245.5,19.0,248.0,14.0,220.5,74.0,216.0,55.0,215.0,10.0,214.0,9.0,213.0,10.0
2023-04-27 21:02:23.75,1682600543750000000,228.5,220.5,216.0,4986.0,65.0,143045.0,239.0,5.0,240.0,1.0,242.5,1.0,245.5,19.0,248.0,14.0,220.5,74.0,216.0,55.0,215.0,10.0,214.0,9.0,211.5,16.0
2023-04-27 21:02:24.0,1682600544000000000,228.5,220.5,216.0,4986.0,65.0,143045.0,239.0,5.0,240.0,1.0,242.5,1.0,245.5,19.0,248.0,14.0,221.0,4.0,220.5,74.0,216.0,55.0,215.0,10.0,214.0,9.0
2023-04-27 21:02:31.0,1682600551000000000,228.5,220.5,216.0,4986.0,65.0,143045.0,239.0,5.0,240.0,1.0,242.5,1.0,245.5,19.0,248.0,14.0,221.5,1.0,221.0,4.0,220.5,74.0,217.0,20.0,216.0,55.0
2023-04-27 21:02:32.0,1682600552000000000,228.5,220.5,216.0,4986.0,65.0,143045.0,239.0,5.0,240.0,1.0,242.5,1.0,245.5,19.0,248.0,14.0,221.5,2.0,221.0,4.0,220.5,74.0,216.0,55.0,215.0,10.0
2023-04-27 21:02:32.75,1682600552750000000,228.5,220.5,216.0,4986.0,65.0,143045.0,239.0,5.0,240.0,1.0,242.5,1.0,245.5,19.0,248.0,14.0,221.5,3.0,221.0,4.0,220.5,74.0,216.0,55.0,215.0,10.0
2023-04-27 21:02:38.25,1682600558250000000,228.5,220.5,216.0,4986.0,65.0,143045.0,239.0,5.0,240.0,1.0,242.5,1.0,245.5,19.0,248.0,14.0,221.5,3.0,221.0,4.0,220.5,74.0,217.5,20.0,216.0,55.0
2023-04-27 21:02:38.75,1682600558750000000,228.5,220.5,216.0,4986.0,65.0,143045.0,239.0,5.0,240.0,1.0,242.5,1.0,245.5,19.0,248.0,14.0,221.5,3.0,221.0,4.0,220.5,74.0,216.0,55.0,215.0,10.0
2023-04-27 21:02:39.0,1682600559000000000,228.5,220.5,216.0,4986.0,65.0,143045.0,239.0,5.0,240.0,1.0,242.5,11.0,245.5,9.0,248.0,14.0,221.5,3.0,221.0,4.0,220.5,74.0,216.0,55.0,215.0,10.0
2023-04-27 21:02:40.25,1682600560250000000,228.5,221.5,216.0,4986.0,66.0,145260.0,239.0,5.0,240.0,1.0,242.5,11.0,245.5,9.0,248.0,14.0,221.5,2.0,221.0,4.0,220.5,74.0,216.0,55.0,215.0,10.0
2023-04-27 21:02:40.5,1682600560500000000,228.5,221.5,216.0,4986.0,66.0,145260.0,239.0,5.0,240.0,1.0,242.5,11.0,245.5,9.0,248.0,14.0,223.5,79.0,221.5,23.0,221.0,4.0,215.0,10.0,214.0,9.0
2023-04-27 21:02:41.75,1682600561750000000,228.5,221.5,216.0,4986.0,66.0,145260.0,239.0,5.0,240.0,1.0,242.5,11.0,245.5,9.0,248.0,14.0,223.5,79.0,221.5,23.0,221.0,4.0,216.0,20.0,215.0,10.0
2023-04-27 21:02:43.5,1682600563500000000,228.5,221.5,216.0,4986.0,66.0,145260.0,239.0,5.0,240.0,1.0,242.5,11.0,245.5,9.0,248.0,14.0,223.5,79.0,221.5,23.0,221.0,4.0,215.0,10.0,214.0,9.0
2023-04-27 21:02:43.75,1682600563750000000,228.5,221.5,216.0,4986.0,66.0,145260.0,237.0,1.0,239.0,5.0,240.0,1.0,242.5,11.0,245.5,9.0,223.5,79.0,221.5,23.0,221.0,4.0,215.0,10.0,214.0,9.0
2023-04-27 21:02:44.75,1682600564750000000,228.5,221.5,216.0,4986.0,66.0,145260.0,236.5,10.0,237.0,1.0,239.0,5.0,240.0,1.0,242.5,11.0,223.5,79.0,221.5,23.0,221.0,4.0,215.0,10.0,214.5,10.0
2023-04-27 21:02:45.0,1682600565000000000,228.5,221.5,216.0,4986.0,66.0,145260.0,236.5,28.0,237.0,1.0,239.0,5.0,240.0,1.0,242.5,11.0,223.5,97.0,221.5,23.0,221.0,4.0,215.0,10.0,214.5,10.0
2023-04-27 21:02:46.75,1682600566750000000,228.5,221.5,216.0,4986.0,66.0,145260.0,236.5,28.0,237.0,1.0,239.0,5.0,240.0,1.0,242.5,11.0,223.5,97.0,221.5,23.0,221.0,4.0,215.0,10.0,214.5,30.0
2023-04-27 21:02:47.75,1682600567750000000,228.5,221.5,216.0,4986.0,66.0,145260.0,236.5,28.0,237.0,1.0,239.0,5.0,240.0,1.0,242.5,11.0,223.5,97.0,221.5,23.0,221.0,4.0,215.0,10.0,214.5,10.0
2023-04-27 21:02:48.25,1682600568250000000,228.5,223.5,216.0,4986.0,67.0,147495.0,236.5,28.0,237.0,1.0,239.0,5.0,240.0,1.0,242.5,11.0,223.5,96.0,221.5,23.0,221.0,4.0,215.0,10.0,214.5,10.0
2023-04-27 21:02:48.5,1682600568500000000,228.5,223.5,216.0,4986.0,67.0,147495.0,236.5,28.0,237.0,1.0,239.0,5.0,240.0,1.0,242.5,11.0,223.5,96.0,221.5,23.0,221.0,4.0,215.0,30.0,214.5,10.0
2023-04-27 21:02:48.75,1682600568750000000,228.5,223.5,216.0,4986.0,67.0,147495.0,236.5,28.0,237.0,1.0,239.0,5.0,240.0,1.0,242.5,11.0,223.5,96.0,221.5,23.0,221.0,4.0,215.0,10.0,214.5,10.0
2023-04-27 21:02:49.0,1682600569000000000,228.5,223.5,216.0,4986.0,67.0,147495.0,236.5,28.0,237.0,1.0,239.0,5.0,240.0,1.0,242.5,11.0,223.5,96.0,221.5,23.0,221.0,4.0,215.0,30.0,214.5,10.0
2023-04-27 21:02:49.5,1682600569500000000,228.5,223.5,216.0,4986.0,67.0,147495.0,236.5,28.0,239.0,5.0,240.0,1.0,242.5,11.0,245.5,9.0,223.5,96.0,221.5,23.0,221.0,4.0,215.0,30.0,214.5,10.0
2023-04-27 21:02:49.75,1682600569750000000,228.5,223.5,216.0,4986.0,67.0,147495.0,235.5,1.0,236.5,38.0,239.0,5.0,240.0,1.0,242.5,11.0,224.0,10.0,223.5,96.0,221.5,23.0,221.0,4.0,215.0,10.0
2023-04-27 21:02:50.0,1682600570000000000,228.5,223.5,216.0,4986.0,67.0,147495.0,235.5,1.0,236.5,38.0,239.0,5.0,240.0,1.0,242.5,11.0,224.0,10.0,223.5,96.0,221.5,23.0,221.0,4.0,215.0,30.0
2023-04-27 21:02:50.25,1682600570250000000,228.5,223.5,216.0,4986.0,67.0,147495.0,235.5,11.0,236.5,28.0,239.0,5.0,240.0,1.0,242.5,11.0,224.0,10.0,223.5,96.0,221.5,23.0,221.0,4.0,215.0,30.0
2023-04-27 21:02:50.75,1682600570750000000,228.5,223.5,216.0,4986.0,67.0,147495.0,235.5,11.0,236.5,28.0,239.0,5.0,240.0,1.0,242.5,11.0,225.0,5.0,224.0,10.0,223.5,96.0,221.5,23.0,221.0,4.0
2023-04-27 21:02:51.0,1682600571000000000,228.5,223.5,216.0,4986.0,67.0,147495.0,235.5,11.0,236.5,28.0,239.0,5.0,240.0,1.0,242.5,11.0,225.0,15.0,223.5,96.0,221.5,23.0,221.0,4.0,215.0,30.0
2023-04-27 21:02:51.25,1682600571250000000,228.5,223.5,216.0,4986.0,67.0,147495.0,235.5,29.0,236.5,10.0,239.0,5.0,240.0,1.0,242.5,11.0,225.0,33.0,223.5,78.0,221.5,23.0,221.0,4.0,215.0,30.0
2023-04-27 21:02:52.75,1682600572750000000,228.5,223.5,216.0,4986.0,67.0,147495.0,235.5,28.0,236.5,10.0,239.0,5.0,240.0,1.0,242.5,11.0,225.0,33.0,223.5,78.0,221.5,23.0,221.0,4.0,215.0,30.0
2023-04-27 21:02:53.0,1682600573000000000,228.5,223.5,216.0,4986.0,67.0,147495.0,235.0,1.0,235.5,28.0,236.5,10.0,239.0,5.0,240.0,1.0,225.0,33.0,223.5,78.0,221.5,23.0,215.0,30.0,214.5,10.0
2023-04-27 21:02:57.0,1682600577000000000,228.5,223.5,216.0,4986.0,67.0,147495.0,235.0,1.0,235.5,28.0,236.5,10.0,239.0,5.0,240.0,1.0,225.0,33.0,223.5,78.0,221.5,23.0,218.0,20.0,215.0,10.0
2023-04-27 21:02:57.25,1682600577250000000,228.5,223.5,216.0,4986.0,67.0,147495.0,235.5,28.0,236.5,10.0,239.0,5.0,240.0,1.0,242.5,1.0,225.0,33.0,223.5,78.0,221.5,23.0,218.0,20.0,215.0,10.0
2023-04-27 21:02:57.5,1682600577500000000,228.5,223.5,216.0,4986.0,67.0,147495.0,234.5,1.0,235.5,28.0,236.5,10.0,239.0,5.0,240.0,1.0,225.0,33.0,223.5,78.0,221.5,23.0,218.0,20.0,215.0,10.0
2023-04-27 21:02:57.75,1682600577750000000,228.5,223.5,216.0,4986.0,67.0,147495.0,234.5,11.0,235.5,18.0,236.5,10.0,239.0,5.0,240.0,1.0,225.0,33.0,223.5,78.0,221.5,23.0,218.0,20.0,215.0,10.0
2023-04-27 21:02:58.25,1682600578250000000,228.5,223.5,216.0,4986.0,67.0,147495.0,234.5,21.0,235.5,18.0,236.5,10.0,239.0,5.0,240.0,1.0,225.0,33.0,223.5,78.0,223.0,10.0,221.5,23.0,218.0,20.0
2023-04-27 21:02:59.75,1682600579750000000,228.5,223.5,216.0,4986.0,67.0,147495.0,234.5,11.0,235.5,18.0,236.5,10.0,239.0,15.0,240.0,1.0,225.0,33.0,223.5,78.0,221.5,33.0,218.0,20.0,215.0,10.0
2023-04-27 21:03:00.0,1682600580000000000,228.5,223.5,216.0,4986.0,67.0,147495.0,234.5,10.0,235.5,18.0,236.5,10.0,239.0,15.0,240.0,1.0,225.0,33.0,223.5,78.0,221.5,33.0,218.0,20.0,215.0,10.0
2023-04-27 21:03:00.25,1682600580250000000,228.5,223.5,216.0,4986.0,67.0,147495.0,233.5,1.0,234.5,10.0,235.5,18.0,236.5,10.0,239.0,15.0,225.0,33.0,223.5,78.0,221.5,33.0,218.0,20.0,215.0,10.0
2023-04-27 21:03:00.5,1682600580500000000,228.5,223.5,216.0,4986.0,67.0,147495.0,233.5,11.0,235.5,18.0,236.5,10.0,239.0,15.0,240.0,1.0,225.0,33.0,223.5,78.0,221.5,33.0,218.0,20.0,215.0,10.0
2023-04-27 21:03:00.75,1682600580750000000,228.5,223.5,216.0,4986.0,67.0,147495.0,233.5,29.0,239.0,15.0,240.0,1.0,240.5,10.0,242.5,1.0,225.0,33.0,223.5,78.0,221.5,33.0,218.0,20.0,217.5,10.0
2023-04-27 21:03:03.25,1682600583250000000,228.5,223.5,216.0,4986.0,67.0,147495.0,233.5,28.0,239.0,15.0,240.0,1.0,240.5,10.0,242.5,1.0,225.0,33.0,223.5,78.0,221.5,33.0,221.0,20.0,217.5,10.0
2023-04-27 21:03:03.5,1682600583500000000,228.5,223.5,216.0,4986.0,67.0,147495.0,232.5,1.0,233.5,28.0,239.0,15.0,240.0,1.0,240.5,10.0,225.0,33.0,223.5,78.0,221.5,33.0,221.0,20.0,217.5,10.0
2023-04-27 21:03:03.75,1682600583750000000,232.5,232.5,216.0,4986.0,68.0,149820.0,233.5,18.0,239.0,15.0,240.0,1.0,240.5,10.0,242.5,1.0,225.0,23.0,223.5,78.0,221.5,33.0,221.0,20.0,217.5,10.0
2023-04-27 21:03:04.0,1682600584000000000,232.5,232.5,216.0,4986.0,68.0,149820.0,239.0,33.0,240.0,1.0,240.5,10.0,242.5,1.0,245.5,9.0,225.0,5.0,223.5,96.0,221.5,33.0,221.0,20.0,217.5,10.0
2023-04-27 21:03:04.25,1682600584250000000,232.5,232.5,216.0,4986.0,68.0,149820.0,239.0,23.0,240.0,11.0,240.5,10.0,242.5,1.0,245.5,9.0,225.0,5.0,223.5,96.0,222.5,10.0,221.5,23.0,221.0,20.0
2023-04-27 21:03:04.5,1682600584500000000,232.5,232.5,216.0,4986.0,68.0,149820.0,239.0,5.0,240.0,29.0,240.5,10.0,242.5,1.0,245.5,19.0,225.0,5.0,223.5,96.0,222.5,10.0,221.5,23.0,221.0,20.0
2023-04-27 21:03:05.0,1682600585000000000,232.5,232.5,216.0,4986.0,68.0,149820.0,239.0,5.0,240.0,29.0,240.5,10.0,242.5,1.0,245.5,9.0,225.0,5.0,223.5,96.0,222.5,10.0,221.5,23.0,221.0,20.0
2023-04-27 21:03:06.75,1682600586750000000,232.5,232.5,216.0,4986.0,68.0,149820.0,239.0,5.0,240.0,29.0,240.5,10.0,242.5,1.0,245.5,9.0,223.5,96.0,222.5,10.0,221.5,23.0,221.0,20.0,217.5,10.0
2023-04-27 21:03:07.0,1682600587000000000,232.5,232.5,216.0,4986.0,68.0,149820.0,240.0,29.0,240.5,10.0,242.5,1.0,245.5,9.0,248.0,14.0,223.5,96.0,222.5,10.0,221.5,23.0,221.0,20.0,217.5,10.0
2023-04-27 21:03:07.25,1682600587250000000,232.5,232.5,216.0,4986.0,68.0,149820.0,240.0,19.0,240.5,20.0,242.5,1.0,245.5,9.0,247.0,10.0,223.5,96.0,223.0,10.0,221.5,23.0,221.0,20.0,217.5,10.0
2023-04-27 21:03:07.5,1682600587500000000,232.5,232.5,216.0,4986.0,68.0,149820.0,240.0,1.0,240.5,38.0,242.5,1.0,245.5,9.0,247.0,10.0,223.5,96.0,223.0,10.0,221.5,23.0,221.0,20.0,217.5,10.0
2023-04-27 21:03:11.0,1682600591000000000,232.5,232.5,216.0,4986.0,68.0,149820.0,240.0,1.0,240.5,38.0,242.5,1.0,245.5,9.0,247.0,10.0,223.5,96.0,223.0,10.0,221.5,23.0,217.5,10.0,215.0,10.0
2023-04-27 21:03:11.25,1682600591250000000,232.5,232.5,216.0,4986.0,68.0,149820.0,240.0,1.0,240.5,38.0,242.5,1.0,245.5,9.0,247.0,10.0,223.5,96.0,223.0,10.0,221.5,23.0,217.5,10.0,215.5,10.0
2023-04-27 21:03:15.75,1682600595750000000,232.5,232.5,216.0,4986.0,68.0,149820.0,228.0,5.0,240.0,1.0,240.5,38.0,242.5,1.0,245.5,9.0,223.5,96.0,223.0,10.0,221.5,23.0,217.5,10.0,215.5,10.0
2023-04-27 21:03:16.0,1682600596000000000,232.5,228.0,216.0,4981.0,73.0,161220.0,240.0,1.0,240.5,38.0,242.5,1.0,245.5,9.0,247.0,10.0,223.5,96.0,223.0,10.0,221.5,23.0,217.5,10.0,215.5,10.0
2023-04-27 21:03:16.25,1682600596250000000,232.5,228.0,216.0,4981.0,73.0,161220.0,240.0,1.0,240.5,38.0,242.5,1.0,245.5,9.0,247.0,10.0,230.0,79.0,223.5,18.0,223.0,10.0,221.5,23.0,217.5,10.0
2023-04-27 21:03:16.5,1682600596500000000,232.5,228.0,216.0,4981.0,73.0,161220.0,240.0,1.0,240.5,38.0,242.5,1.0,245.5,9.0,247.0,10.0,230.0,97.0,223.0,10.0,221.5,23.0,217.5,10.0,215.5,10.0
2023-04-27 21:03:19.75,1682600599750000000,232.5,228.0,216.0,4981.0,73.0,161220.0,240.0,1.0,240.5,38.0,242.5,1.0,245.5,9.0,247.0,10.0,230.0,97.0,223.0,10.0,221.5,23.0,217.5,10.0,215.0,10.0
2023-04-27 21:03:20.0,1682600600000000000,232.5,228.0,216.0,4981.0,73.0,161220.0,240.0,1.0,240.5,38.0,242.5,1.0,245.5,9.0,247.0,10.0,230.0,97.0,223.0,10.0,221.5,23.0,217.5,10.0,215.0,20.0
2023-04-27 21:03:22.0,1682600602000000000,232.5,228.0,216.0,4981.0,73.0,161220.0,240.0,1.0,240.5,38.0,242.5,1.0,245.5,9.0,247.0,10.0,230.0,97.0,223.0,10.0,221.5,23.0,219.0,20.0,217.5,10.0
2023-04-27 21:03:22.25,1682600602250000000,232.5,228.0,216.0,4981.0,73.0,161220.0,240.0,1.0,240.5,38.0,242.5,1.0,245.0,10.0,245.5,9.0,230.0,97.0,223.0,10.0,221.5,23.0,217.5,10.0,215.0,10.0
2023-04-27 21:03:22.5,1682600602500000000,232.5,228.0,216.0,4981.0,73.0,161220.0,240.0,1.0,240.5,38.0,242.5,1.0,245.5,19.0,248.0,14.0,230.0,97.0,223.0,10.0,221.5,23.0,217.5,10.0,215.0,20.0
2023-04-27 21:03:23.0,1682600603000000000,232.5,228.0,216.0,4981.0,73.0,161220.0,240.0,1.0,240.5,38.0,242.5,1.0,245.5,19.0,248.0,14.0,230.0,97.0,223.0,10.0,221.5,23.0,217.5,10.0,215.0,10.0
2023-04-27 21:03:23.5,1682600603500000000,232.5,228.0,216.0,4981.0,73.0,161220.0,240.0,1.0,240.5,38.0,242.5,1.0,245.5,19.0,248.0,14.0,230.0,97.0,223.0,10.0,221.5,23.0,219.0,20.0,217.5,10.0
2023-04-27 21:03:25.0,1682600605000000000,232.5,228.0,216.0,4981.0,73.0,161220.0,233.5,1.0,240.0,1.0,240.5,38.0,245.5,19.0,248.0,14.0,230.0,97.0,223.0,10.0,221.5,23.0,219.0,20.0,217.5,10.0
2023-04-27 21:03:25.5,1682600605500000000,233.5,233.5,216.0,4980.0,74.0,163555.0,240.0,1.0,240.5,38.0,245.5,19.0,248.0,14.0,250.0,1.0,230.0,97.0,223.0,10.0,221.5,23.0,217.5,10.0,215.0,10.0
2023-04-27 21:03:25.75,1682600605750000000,233.5,233.5,216.0,4980.0,74.0,163555.0,240.0,1.0,240.5,38.0,245.5,19.0,248.0,14.0,250.0,1.0,230.0,97.0,223.0,10.0,221.5,23.0,217.5,10.0,215.0,20.0
2023-04-27 21:03:27.25,1682600607250000000,233.5,233.5,216.0,4980.0,74.0,163555.0,240.0,1.0,240.5,38.0,245.5,9.0,246.0,10.0,248.0,14.0,230.0,97.0,223.0,10.0,221.5,23.0,217.5,10.0,215.0,20.0
2023-04-27 21:03:29.75,1682600609750000000,233.5,233.5,216.0,4980.0,74.0,163555.0,240.0,1.0,240.5,38.0,245.5,9.0,246.5,10.0,248.0,14.0,230.0,97.0,223.0,10.0,221.5,23.0,217.5,10.0,215.0,20.0
2023-04-27 21:03:30.5,1682600610500000000,233.5,233.5,216.0,4980.0,74.0,163555.0,240.0,1.0,240.5,28.0,244.0,10.0,245.5,9.0,246.5,10.0,230.0,97.0,223.0,10.0,222.0,10.0,221.5,23.0,215.0,20.0
2023-04-27 21:03:30.75,1682600610750000000,233.5,230.0,216.0,4975.0,79.0,175055.0,240.0,1.0,240.5,28.0,244.0,10.0,245.5,9.0,246.5,10.0,230.0,92.0,223.0,10.0,222.0,10.0,221.5,23.0,215.0,20.0
2023-04-27 21:03:38.5,1682600618500000000,233.5,230.0,216.0,4975.0,79.0,175055.0,240.0,1.0,240.5,28.0,244.0,10.0,245.5,9.0,248.0,14.0,230.0,92.0,223.0,10.0,222.0,10.0,221.5,23.0,215.0,20.0
2023-04-27 21:03:38.75,1682600618750000000,233.5,230.0,216.0,4975.0,79.0,175055.0,240.0,1.0,240.5,28.0,244.0,10.0,245.5,9.0,247.0,10.0,230.0,92.0,223.0,10.0,222.0,10.0,221.5,23.0,215.0,20.0
2023-04-27 21:03:44.25,1682600624250000000,233.5,230.0,216.0,4975.0,79.0,175055.0,240.0,1.0,240.5,18.0,241.5,10.0,244.0,10.0,245.5,9.0,230.0,92.0,224.0,10.0,222.0,10.0,221.5,23.0,215.0,20.0
2023-04-27 21:03:44.5,1682600624500000000,233.5,230.0,216.0,4975.0,79.0,175055.0,240.0,1.0,241.5,28.0,244.0,10.0,245.5,9.0,248.0,14.0,230.0,92.0,224.0,10.0,222.0,10.0,221.5,23.0,215.0,20.0
2023-04-27 21:03:44.75,1682600624750000000,233.5,230.0,216.0,4975.0,79.0,175055.0,240.0,1.0,241.5,28.0,244.0,10.0,245.5,9.0,247.5,10.0,230.0,92.0,224.0,10.0,222.0,10.0,221.5,23.0,215.0,20.0
2023-04-27 21:03:45.0,1682600625000000000,233.5,230.0,216.0,4975.0,79.0,175055.0,240.0,1.0,241.5,28.0,244.0,10.0,245.5,9.0,248.0,14.0,230.0,92.0,224.0,10.0,222.0,10.0,221.5,23.0,215.0,20.0
2023-04-27 21:03:45.25,1682600625250000000,233.5,230.0,216.0,4975.0,79.0,175055.0,240.0,1.0,241.5,28.0,244.0,10.0,245.5,9.0,248.0,24.0,230.0,92.0,224.0,10.0,222.0,10.0,221.5,23.0,215.0,20.0
2023-04-27 21:03:46.75,1682600626750000000,233.5,230.0,216.0,4975.0,79.0,175055.0,240.0,1.0,241.5,28.0,244.0,10.0,245.5,9.0,248.0,14.0,230.0,92.0,224.0,10.0,222.0,10.0,221.5,23.0,215.0,20.0
2023-04-27 21:03:47.25,1682600627250000000,233.5,230.0,216.0,4975.0,79.0,175055.0,236.5,18.0,240.0,1.0,241.5,10.0,244.0,10.0,245.5,9.0,234.0,18.0,230.0,74.0,224.0,10.0,222.0,10.0,221.5,23.0
2023-04-27 21:03:47.5,1682600627500000000,233.5,230.0,216.0,4975.0,79.0,175055.0,240.0,1.0,241.5,10.0,244.0,10.0,245.5,9.0,248.0,14.0,230.0,74.0,224.0,10.0,222.0,10.0,221.5,23.0,215.0,20.0
2023-04-27 21:03:59.75,1682600639750000000,233.5,230.0,216.0,4975.0,79.0,175055.0,240.0,1.0,241.5,10.0,242.0,10.0,245.5,9.0,248.0,14.0,230.0,74.0,227.0,10.0,224.0,10.0,221.5,23.0,215.0,20.0
2023-04-27 21:04:00.0,1682600640000000000,233.5,230.0,216.0,4975.0,79.0,175055.0,240.0,1.0,241.5,10.0,242.0,10.0,242.5,18.0,245.5,9.0,230.0,74.0,228.0,18.0,227.0,10.0,224.0,10.0,221.5,23.0
2023-04-27 21:04:00.75,1682600640750000000,233.5,230.0,216.0,4975.0,79.0,175055.0,240.0,1.0,241.5,10.0,242.0,10.0,242.5,18.0,245.5,9.0,230.0,74.0,228.0,18.0,227.0,10.0,224.0,10.0,222.5,20.0
2023-04-27 21:04:01.0,1682600641000000000,233.5,230.0,216.0,4975.0,79.0,175055.0,240.0,1.0,241.5,10.0,242.0,10.0,242.5,18.0,245.5,9.0,230.0,74.0,228.0,18.0,227.0,10.0,224.0,10.0,221.5,23.0
2023-04-27 21:04:02.25,1682600642250000000,233.5,230.0,216.0,4975.0,79.0,175055.0,240.0,1.0,241.5,10.0,242.0,10.0,242.5,18.0,245.5,9.0,230.0,74.0,228.0,18.0,227.0,10.0,224.0,10.0,221.5,43.0
2023-04-27 21:04:02.5,1682600642500000000,233.5,230.0,216.0,4975.0,79.0,175055.0,235.5,18.0,240.0,1.0,241.5,10.0,242.0,10.0,245.5,9.0,232.0,18.0,230.0,74.0,227.0,10.0,224.0,10.0,221.5,43.0
2023-04-27 21:04:02.75,1682600642750000000,233.5,230.0,216.0,4975.0,79.0,175055.0,240.0,1.0,241.5,10.0,242.0,10.0,245.5,9.0,248.0,14.0,230.0,74.0,227.0,10.0,224.0,10.0,221.5,43.0,215.0,20.0
2023-04-27 21:04:03.0,1682600643000000000,233.5,230.0,216.0,4975.0,79.0,175055.0,240.0,1.0,241.5,10.0,242.0,10.0,245.5,9.0,248.0,14.0,230.0,74.0,227.0,10.0,224.0,10.0,221.5,23.0,215.0,20.0
2023-04-27 21:04:03.75,1682600643750000000,233.5,230.0,216.0,4975.0,79.0,175055.0,237.0,18.0,240.0,1.0,241.5,10.0,242.0,10.0,245.5,9.0,233.5,18.0,230.0,74.0,227.0,10.0,224.0,10.0,221.5,23.0
2023-04-27 21:04:04.0,1682600644000000000,233.5,230.0,216.0,4975.0,79.0,175055.0,237.0,18.0,240.0,1.0,241.5,10.0,242.0,10.0,245.5,9.0,233.5,18.0,230.0,74.0,227.0,10.0,224.0,10.0,222.0,20.0
2023-04-27 21:04:04.25,1682600644250000000,233.5,230.0,216.0,4975.0,79.0,175055.0,236.5,18.0,240.0,1.0,241.5,10.0,242.0,10.0,245.5,9.0,233.5,18.0,230.0,74.0,227.0,10.0,224.0,10.0,222.0,20.0
2023-04-27 21:04:04.5,1682600644500000000,233.5,230.0,216.0,4975.0,79.0,175055.0,240.0,1.0,241.5,10.0,242.0,10.0,245.5,9.0,248.0,14.0,230.0,74.0,227.0,10.0,224.0,10.0,222.0,20.0,221.5,23.0
2023-04-27 21:04:04.75,1682600644750000000,233.5,230.0,216.0,4975.0,79.0,175055.0,240.0,1.0,241.5,10.0,242.0,10.0,245.5,9.0,248.0,14.0,230.0,74.0,227.0,10.0,224.0,10.0,221.5,23.0,215.0,20.0
2023-04-27 21:04:07.5,1682600647500000000,233.5,230.0,216.0,4975.0,79.0,175055.0,240.0,1.0,241.5,10.0,242.0,10.0,245.5,9.0,248.0,14.0,230.0,74.0,227.0,10.0,224.0,30.0,221.5,23.0,215.0,20.0
2023-04-27 21:04:08.5,1682600648500000000,233.5,230.0,216.0,4975.0,79.0,175055.0,240.0,1.0,241.5,10.0,242.0,10.0,245.5,9.0,248.0,14.0,230.0,74.0,227.0,10.0,224.0,10.0,221.5,23.0,215.0,20.0
2023-04-27 21:04:10.0,1682600650000000000,233.5,230.0,216.0,4975.0,79.0,175055.0,240.0,1.0,241.5,10.0,242.0,10.0,245.5,9.0,248.0,14.0,230.0,74.0,227.0,10.0,224.5,20.0,224.0,10.0,221.5,23.0
2023-04-27 21:04:10.5,1682600650500000000,233.5,230.0,216.0,4975.0,79.0,175055.0,240.0,1.0,241.5,10.0,242.0,10.0,245.5,9.0,248.0,14.0,230.0,74.0,227.0,10.0,224.0,10.0,221.5,23.0,215.0,20.0
2023-04-27 21:04:12.0,1682600652000000000,233.5,230.0,216.0,4975.0,79.0,175055.0,240.0,1.0,241.5,10.0,244.0,10.0,245.5,9.0,248.0,14.0,230.0,84.0,224.0,10.0,221.5,23.0,215.0,20.0,214.5,20.0
2023-04-27 21:04:12.25,1682600652250000000,233.5,230.0,216.0,4975.0,79.0,175055.0,240.0,1.0,241.5,10.0,244.0,10.0,245.5,9.0,248.0,14.0,230.0,84.0,224.0,10.0,222.0,10.0,221.5,23.0,215.0,10.0
2023-04-27 21:04:12.5,1682600652500000000,233.5,230.0,216.0,4975.0,79.0,175055.0,240.0,1.0,241.5,10.0,243.0,18.0,244.0,10.0,245.5,9.0,230.0,84.0,228.5,18.0,224.0,10.0,221.5,33.0,215.0,10.0
2023-04-27 21:04:12.75,1682600652750000000,233.5,230.0,216.0,4975.0,79.0,175055.0,240.0,1.0,241.5,10.0,243.0,18.0,244.0,10.0,245.5,9.0,230.0,84.0,228.5,18.0,225.5,20.0,224.0,10.0,221.5,33.0
2023-04-27 21:04:13.25,1682600653250000000,233.5,230.0,216.0,4975.0,79.0,175055.0,240.0,1.0,241.5,10.0,243.0,18.0,244.0,10.0,245.5,9.0,230.0,84.0,228.5,18.0,224.0,10.0,221.5,33.0,215.5,20.0
2023-04-27 21:04:13.5,1682600653500000000,233.5,230.0,216.0,4975.0,79.0,175055.0,240.0,1.0,241.5,10.0,243.0,18.0,244.0,10.0,245.5,9.0,230.0,84.0,228.5,18.0,225.5,20.0,224.0,10.0,221.5,33.0
2023-04-27 21:04:13.75,1682600653750000000,233.5,230.0,216.0,4975.0,79.0,175055.0,240.0,1.0,241.5,10.0,243.0,18.0,244.0,10.0,245.5,9.0,230.0,84.0,228.5,18.0,224.0,10.0,221.5,33.0,215.5,20.0
2023-04-27 21:04:14.0,1682600654000000000,233.5,230.0,216.0,4975.0,79.0,175055.0,240.0,1.0,241.5,10.0,243.0,18.0,244.0,10.0,245.5,9.0,230.0,84.0,228.5,18.0,226.0,20.0,224.0,10.0,221.5,33.0
2023-04-27 21:04:23.5,1682600663500000000,233.5,230.0,216.0,4975.0,79.0,175055.0,240.0,1.0,241.5,10.0,243.0,18.0,244.0,10.0,245.5,9.0,230.0,84.0,229.5,20.0,228.5,18.0,224.0,10.0,221.5,33.0
2023-04-27 21:04:23.75,1682600663750000000,233.5,230.0,216.0,4975.0,79.0,175055.0,240.0,1.0,241.5,10.0,243.0,18.0,244.0,10.0,245.5,9.0,230.0,84.0,229.5,20.0,228.5,18.0,225.0,10.0,224.0,10.0
2023-04-27 21:04:24.0,1682600664000000000,233.5,230.0,216.0,4975.0,79.0,175055.0,240.0,1.0,241.5,10.0,243.0,18.0,244.0,10.0,245.5,9.0,230.0,84.0,229.5,20.0,228.5,18.0,224.5,10.0,224.0,10.0
2023-04-27 21:04:25.0,1682600665000000000,233.5,230.0,216.0,4975.0,79.0,175055.0,240.0,1.0,241.5,10.0,243.0,18.0,245.5,9.0,247.0,10.0,233.0,10.0,230.0,74.0,229.5,20.0,228.5,18.0,224.5,10.0
2023-04-27 21:04:25.25,1682600665250000000,233.5,230.0,216.0,4975.0,79.0,175055.0,240.0,1.0,241.5,10.0,242.0,18.0,245.5,9.0,247.0,10.0,233.0,28.0,230.0,74.0,229.5,20.0,224.5,10.0,224.0,10.0
2023-04-27 21:04:25.5,1682600665500000000,240.0,240.0,216.0,4974.0,80.0,177455.0,241.5,10.0,242.0,18.0,245.5,9.0,247.0,10.0,248.0,14.0,233.0,28.0,230.0,74.0,229.5,20.0,224.5,10.0,224.0,10.0
2023-04-27 21:04:25.75,1682600665750000000,240.0,240.0,216.0,4974.0,80.0,177455.0,242.0,18.0,245.5,9.0,247.0,10.0,248.0,14.0,250.0,1.0,233.0,28.0,232.0,10.0,230.0,74.0,229.5,20.0,224.5,10.0
2023-04-27 21:04:26.0,1682600666000000000,240.0,240.0,216.0,4974.0,80.0,177455.0,245.5,9.0,247.0,28.0,248.0,14.0,250.0,1.0,250.5,10.0,233.0,28.0,232.0,10.0,230.0,74.0,229.5,20.0,224.5,10.0
2023-04-27 21:04:36.25,1682600676250000000,240.0,240.0,216.0,4974.0,80.0,177455.0,242.5,5.0,245.5,9.0,247.0,28.0,248.0,14.0,250.0,1.0,233.0,28.0,232.0,10.0,230.0,74.0,229.5,20.0,224.5,10.0
2023-04-27 21:04:43.75,1682600683750000000,240.0,233.0,216.0,4974.0,94.0,210075.0,242.5,5.0,245.5,9.0,247.0,18.0,248.0,14.0,250.0,1.0,233.0,14.0,232.0,10.0,230.0,74.0,229.5,20.0,224.5,10.0
2023-04-27 21:04:44.0,1682600684000000000,240.0,233.0,216.0,4974.0,94.0,210075.0,242.5,5.0,245.5,27.0,248.0,14.0,250.0,1.0,250.5,10.0,236.0,79.0,232.0,28.0,229.5,20.0,224.5,10.0,221.5,23.0
2023-04-27 21:04:44.25,1682600684250000000,240.0,233.0,216.0,4974.0,94.0,210075.0,242.5,5.0,245.5,27.0,248.0,14.0,248.5,10.0,250.0,1.0,236.0,97.0,234.0,10.0,232.0,10.0,229.5,20.0,224.5,10.0
2023-04-27 21:04:52.25,1682600692250000000,240.0,233.0,216.0,4974.0,94.0,210075.0,242.5,5.0,245.0,3.0,245.5,27.0,248.0,14.0,248.5,10.0,236.0,97.0,234.0,10.0,232.0,10.0,229.5,20.0,224.5,10.0
2023-04-27 21:04:53.25,1682600693250000000,240.0,233.0,216.0,4974.0,94.0,210075.0,242.5,5.0,244.0,3.0,245.5,27.0,248.0,14.0,248.5,10.0,236.0,97.0,234.0,10.0,232.0,10.0,229.5,20.0,224.5,10.0
2023-04-27 21:04:54.0,1682600694000000000,240.0,233.0,216.0,4974.0,94.0,210075.0,242.5,5.0,244.5,4.0,245.5,27.0,248.0,14.0,248.5,10.0,236.0,97.0,234.0,10.0,232.0,10.0,229.5,20.0,224.5,10.0
2023-04-27 21:04:54.25,1682600694250000000,240.0,233.0,216.0,4974.0,94.0,210075.0,242.5,5.0,245.5,27.0,248.0,14.0,248.5,10.0,250.0,1.0,236.0,97.0,234.0,10.0,232.0,10.0,229.5,20.0,224.5,10.0
2023-04-27 21:04:57.25,1682600697250000000,240.0,233.0,216.0,4974.0,94.0,210075.0,242.5,5.0,245.5,27.0,248.0,14.0,248.5,10.0,250.0,1.0,236.0,97.0,234.0,10.0,232.0,10.0,229.5,20.0,221.5,23.0
2023-04-27 21:04:57.5,1682600697500000000,240.0,233.0,216.0,4974.0,94.0,210075.0,242.5,5.0,245.5,27.0,248.0,14.0,248.5,10.0,250.0,1.0,236.0,97.0,234.0,10.0,232.0,10.0,229.5,20.0,224.0,10.0
2023-04-27 21:04:58.5,1682600698500000000,240.0,233.0,216.0,4974.0,94.0,210075.0,242.5,5.0,245.5,27.0,246.0,10.0,248.0,14.0,250.0,1.0,236.0,97.0,232.0,10.0,231.0,10.0,229.5,20.0,224.0,10.0
2023-04-27 21:04:58.75,1682600698750000000,240.0,233.0,216.0,4974.0,94.0,210075.0,242.5,26.0,245.5,27.0,246.0,10.0,248.0,14.0,250.0,1.0,236.0,97.0,232.0,10.0,231.0,10.0,229.5,20.0,224.0,10.0
2023-04-27 21:04:59.0,1682600699000000000,240.0,233.0,216.0,4974.0,94.0,210075.0,242.5,44.0,245.5,9.0,246.0,10.0,248.0,14.0,250.0,1.0,236.0,97.0,232.0,10.0,231.0,10.0,229.5,20.0,221.5,23.0
2023-04-27 21:04:59.25,1682600699250000000,240.0,233.0,216.0,4974.0,94.0,210075.0,242.5,44.0,245.5,9.0,246.0,10.0,248.0,14.0,250.0,1.0,236.0,97.0,232.0,10.0,231.0,10.0,229.5,20.0,223.5,10.0
2023-04-27 21:05:00.5,1682600700500000000,240.0,233.0,216.0,4974.0,94.0,210075.0,242.5,54.0,245.5,9.0,246.0,10.0,248.0,14.0,250.0,1.0,236.5,10.0,236.0,97.0,232.0,10.0,231.0,10.0,229.5,20.0
2023-04-27 21:05:05.75,1682600705750000000,240.0,233.0,216.0,4974.0,94.0,210075.0,242.5,44.0,243.0,10.0,245.5,9.0,246.0,10.0,248.0,14.0,236.5,10.0,236.0,97.0,232.0,10.0,231.0,10.0,229.5,20.0
2023-04-27 21:05:07.25,1682600707250000000,240.0,233.0,216.0,4974.0,94.0,210075.0,242.5,44.0,243.0,10.0,245.5,9.0,246.0,10.0,248.0,14.0,237.0,9.0,236.5,10.0,236.0,97.0,232.0,10.0,231.0,10.0
2023-04-27 21:05:11.25,1682600711250000000,240.0,233.0,216.0,4974.0,94.0,210075.0,242.0,10.0,242.5,44.0,245.5,9.0,246.0,10.0,248.0,14.0,237.0,19.0,236.0,97.0,232.0,10.0,231.0,10.0,229.5,20.0
2023-04-27 21:05:11.5,1682600711500000000,240.0,233.0,216.0,4974.0,94.0,210075.0,242.0,28.0,242.5,26.0,245.5,9.0,246.0,10.0,248.0,14.0,237.0,37.0,236.0,79.0,232.0,10.0,231.0,10.0,229.5,20.0
2023-04-27 21:05:14.0,1682600714000000000,240.0,233.0,216.0,4974.0,94.0,210075.0,242.0,28.0,242.5,26.0,245.5,9.0,246.0,10.0,248.0,14.0,237.0,19.0,236.0,97.0,232.0,10.0,231.0,10.0,229.5,20.0
2023-04-27 21:05:14.25,1682600714250000000,240.0,233.0,216.0,4974.0,94.0,210075.0,242.0,28.0,242.5,26.0,245.5,9.0,246.0,10.0,248.0,14.0,237.0,19.0,236.0,18.0,232.0,10.0,231.0,10.0,229.5,20.0
2023-04-27 21:05:15.0,1682600715000000000,240.0,233.0,216.0,4974.0,94.0,210075.0,242.0,28.0,242.5,26.0,243.0,10.0,245.5,9.0,248.0,14.0,237.0,19.0,235.0,18.0,232.0,10.0,229.0,10.0,226.5,20.0
2023-04-27 21:05:15.25,1682600715250000000,240.0,237.0,216.0,4984.0,113.0,255105.0,242.0,28.0,242.5,26.0,243.0,10.0,245.5,9.0,248.0,14.0,235.0,18.0,232.0,10.0,229.0,10.0,226.5,20.0,221.5,23.0
2023-04-27 21:05:15.5,1682600715500000000,240.0,237.0,216.0,4984.0,113.0,255105.0,242.0,28.0,242.5,26.0,243.0,10.0,245.5,9.0,248.0,14.0,235.0,10.0,232.0,28.0,229.0,10.0,226.5,20.0,221.5,23.0
2023-04-27 21:05:15.75,1682600715750000000,240.0,237.0,216.0,4984.0,113.0,255105.0,242.0,28.0,242.5,26.0,243.0,10.0,245.5,9.0,248.0,14.0,235.0,28.0,232.0,10.0,229.0,10.0,226.5,20.0,221.5,23.0
2023-04-27 21:05:17.0,1682600717000000000,240.0,237.0,216.0,4984.0,113.0,255105.0,242.0,28.0,242.5,26.0,243.0,10.0,245.5,9.0,248.0,14.0,235.0,28.0,232.0,10.0,229.0,10.0,226.5,20.0,221.5,33.0
2023-04-27 21:05:20.25,1682600720250000000,240.0,237.0,216.0,4984.0,113.0,255105.0,242.0,28.0,242.5,26.0,243.0,10.0,245.5,9.0,248.0,14.0,235.0,28.0,232.0,10.0,229.0,10.0,226.5,20.0,221.5,23.0
2023-04-27 21:05:21.25,1682600721250000000,240.0,237.0,216.0,4984.0,113.0,255105.0,242.0,28.0,242.5,26.0,243.0,10.0,245.5,9.0,248.0,14.0,235.0,10.0,234.0,18.0,232.0,10.0,229.0,10.0,226.5,20.0
2023-04-27 21:05:22.25,1682600722250000000,240.0,237.0,216.0,4984.0,113.0,255105.0,242.0,28.0,242.5,26.0,243.0,10.0,245.5,9.0,248.0,14.0,234.5,10.0,234.0,18.0,232.0,10.0,229.0,10.0,226.5,20.0
2023-04-27 21:05:23.0,1682600723000000000,240.0,237.0,216.0,4984.0,113.0,255105.0,242.0,28.0,242.5,26.0,243.0,10.0,245.5,9.0,248.0,14.0,234.0,28.0,232.0,10.0,229.0,10.0,226.5,20.0,221.5,23.0
2023-04-27 21:05:23.25,1682600723250000000,240.0,237.0,216.0,4984.0,113.0,255105.0,242.0,28.0,242.5,26.0,243.0,10.0,245.5,9.0,248.0,14.0,234.0,10.0,233.0,18.0,232.0,10.0,229.0,10.0,226.5,20.0
2023-04-27 21:05:23.5,1682600723500000000,240.0,237.0,216.0,4984.0,113.0,255105.0,242.0,28.0,242.5,26.0,243.0,10.0,245.5,9.0,248.0,14.0,233.5,10.0,233.0,18.0,232.0,10.0,229.0,10.0,226.5,20.0
2023-04-27 21:05:23.75,1682600723750000000,240.0,237.0,216.0,4984.0,113.0,255105.0,234.0,53.0,242.0,28.0,242.5,26.0,243.0,10.0,245.5,9.0,233.5,10.0,233.0,18.0,232.0,10.0,229.0,10.0,226.5,20.0
2023-04-27 21:05:24.0,1682600724000000000,240.0,237.0,216.0,4984.0,113.0,255105.0,234.0,53.0,236.0,18.0,242.0,10.0,242.5,26.0,243.0,10.0,233.5,10.0,232.5,18.0,232.0,10.0,229.0,10.0,226.5,20.0
2023-04-27 21:05:24.25,1682600724250000000,240.0,234.0,216.0,4982.0,115.0,259785.0,234.0,51.0,235.0,18.0,236.0,10.0,242.5,26.0,243.0,10.0,232.0,38.0,229.0,10.0,226.5,20.0,221.5,23.0,215.0,10.0
2023-04-27 21:05:24.5,1682600724500000000,240.0,234.0,216.0,4982.0,115.0,259785.0,234.0,51.0,235.5,18.0,236.0,10.0,242.5,26.0,243.0,20.0,232.0,28.0,229.0,10.0,225.0,10.0,221.5,23.0,218.0,10.0
2023-04-27 21:05:24.75,1682600724750000000,240.0,234.0,216.0,4980.0,117.0,264465.0,234.0,49.0,235.5,18.0,236.0,10.0,242.5,26.0,243.0,20.0,232.0,28.0,229.0,10.0,225.0,10.0,221.5,23.0,218.0,10.0
2023-04-27 21:05:25.0,1682600725000000000,240.0,234.0,216.0,4980.0,117.0,264465.0,234.0,49.0,235.5,18.0,236.0,10.0,242.5,26.0,243.0,20.0,232.0,28.0,229.0,10.0,225.0,10.0,224.0,20.0,221.5,23.0
2023-04-27 21:05:25.25,1682600725250000000,240.0,234.0,216.0,4978.0,119.0,269145.0,234.0,47.0,235.5,18.0,236.0,10.0,242.5,26.0,243.0,20.0,232.0,28.0,229.0,10.0,225.0,10.0,224.0,20.0,221.5,23.0
2023-04-27 21:05:26.25,1682600726250000000,240.0,234.0,216.0,4978.0,119.0,269145.0,234.0,47.0,235.5,18.0,236.0,10.0,241.0,10.0,242.5,26.0,232.0,28.0,226.0,10.0,225.0,10.0,224.0,20.0,221.5,23.0
2023-04-27 21:05:26.5,1682600726500000000,240.0,234.0,216.0,4976.0,121.0,273825.0,234.0,45.0,235.5,18.0,236.0,10.0,241.0,10.0,242.5,26.0,232.0,28.0,226.0,10.0,225.0,10.0,221.5,23.0,218.0,10.0
2023-04-27 21:05:26.75,1682600726750000000,240.0,234.0,216.0,4974.0,123.0,278505.0,234.0,43.0,235.5,18.0,236.0,10.0,241.0,10.0,242.5,26.0,232.0,28.0,226.0,10.0,225.0,10.0,221.5,23.0,218.0,10.0
2023-04-27 21:05:27.25,1682600727250000000,240.0,234.0,216.0,4972.0,125.0,283185.0,234.0,41.0,234.5,18.0,236.0,10.0,241.0,10.0,242.5,26.0,232.0,10.0,231.5,18.0,226.0,10.0,225.0,10.0,221.5,23.0
2023-04-27 21:05:27.5,1682600727500000000,240.0,234.0,216.0,4972.0,125.0,283185.0,234.0,41.0,234.5,18.0,236.0,10.0,241.0,10.0,242.5,26.0,232.0,10.0,231.5,18.0,226.0,10.0,225.0,10.0,224.0,20.0
2023-04-27 21:05:27.75,1682600727750000000,240.0,234.0,216.0,4972.0,125.0,283185.0,234.0,41.0,234.5,18.0,236.0,10.0,241.0,10.0,242.5,26.0,232.0,10.0,231.5,18.0,226.0,10.0,225.0,10.0,221.5,23.0
2023-04-27 21:05:28.0,1682600728000000000,240.0,234.0,216.0,4972.0,125.0,283185.0,234.0,41.0,234.5,18.0,236.0,10.0,241.0,10.0,242.5,26.0,232.0,10.0,231.5,18.0,226.0,10.0,225.0,10.0,224.0,20.0
2023-04-27 21:05:28.25,1682600728250000000,240.0,234.0,216.0,4969.0,128.0,290205.0,234.0,38.0,234.5,18.0,236.0,10.0,241.0,10.0,242.5,26.0,232.0,10.0,231.5,18.0,226.0,10.0,225.0,10.0,221.5,23.0
2023-04-27 21:05:28.5,1682600728500000000,240.0,234.0,216.0,4969.0,128.0,290205.0,234.0,38.0,234.5,18.0,236.0,10.0,241.0,10.0,242.5,26.0,232.0,10.0,231.5,18.0,226.0,10.0,225.0,10.0,224.0,20.0
2023-04-27 21:05:29.25,1682600729250000000,240.0,234.0,216.0,4966.0,131.0,297225.0,234.0,35.0,234.5,18.0,236.0,10.0,241.0,10.0,242.5,26.0,232.0,10.0,231.5,18.0,226.0,10.0,225.0,10.0,224.0,20.0
2023-04-27 21:05:30.0,1682600730000000000,240.0,234.0,216.0,4965.0,132.0,299565.0,234.0,34.0,234.5,18.0,236.0,10.0,241.0,10.0,242.5,26.0,232.0,10.0,231.5,18.0,226.0,10.0,225.0,10.0,224.0,20.0
2023-04-27 21:05:30.25,1682600730250000000,240.0,234.0,216.0,4963.0,134.0,304245.0,234.0,32.0,234.5,18.0,236.0,10.0,241.0,10.0,242.5,26.0,232.0,10.0,231.5,18.0,226.0,10.0,225.0,10.0,224.0,20.0
2023-04-27 21:05:31.0,1682600731000000000,240.0,234.0,216.0,4960.0,137.0,311265.0,234.0,29.0,234.5,18.0,236.0,10.0,241.0,10.0,242.5,26.0,232.0,10.0,231.5,18.0,226.0,10.0,225.0,10.0,224.0,20.0
2023-04-27 21:05:31.25,1682600731250000000,240.0,234.0,216.0,4960.0,137.0,311265.0,234.0,29.0,234.5,18.0,236.0,10.0,241.0,10.0,242.5,21.0,232.0,10.0,231.5,18.0,226.0,10.0,225.0,10.0,224.0,20.0
2023-04-27 21:05:32.0,1682600732000000000,240.0,234.0,216.0,4957.0,140.0,318285.0,234.0,26.0,234.5,18.0,236.0,10.0,241.0,10.0,242.5,21.0,232.0,10.0,231.5,18.0,226.0,10.0,225.0,10.0,224.0,20.0
2023-04-27 21:05:32.25,1682600732250000000,240.0,232.0,216.0,4967.0,150.0,341485.0,233.5,28.0,234.0,44.0,236.0,10.0,241.0,10.0,242.5,21.0,230.0,18.0,226.0,10.0,225.0,10.0,223.5,20.0,221.5,23.0
2023-04-27 21:05:32.5,1682600732500000000,240.0,232.0,216.0,4967.0,150.0,341485.0,233.5,46.0,234.0,26.0,234.5,10.0,241.0,10.0,242.5,21.0,230.0,10.0,226.0,28.0,225.0,10.0,223.5,20.0,221.5,23.0
2023-04-27 21:05:32.75,1682600732750000000,240.0,232.0,216.0,4967.0,150.0,341485.0,233.5,18.0,234.0,26.0,234.5,10.0,241.0,10.0,242.5,21.0,230.0,10.0,229.0,18.0,226.0,10.0,225.0,10.0,223.5,20.0
2023-04-27 21:05:33.0,1682600733000000000,240.0,232.0,216.0,4967.0,150.0,341485.0,234.0,26.0,234.5,10.0,241.0,10.0,242.5,21.0,243.0,10.0,233.5,3.0,230.0,10.0,226.0,10.0,225.0,10.0,223.5,20.0
2023-04-27 21:05:33.25,1682600733250000000,240.0,232.0,216.0,4967.0,150.0,341485.0,234.0,44.0,235.5,10.0,241.0,10.0,242.5,21.0,243.0,10.0,233.5,3.0,231.5,10.0,229.0,18.0,226.0,10.0,225.0,10.0
2023-04-27 21:05:33.5,1682600733500000000,240.0,233.5,216.0,4967.0,153.0,348490.0,234.0,44.0,235.5,10.0,241.0,10.0,242.5,21.0,243.0,10.0,231.5,10.0,229.0,18.0,226.0,10.0,225.0,10.0,223.5,20.0
2023-04-27 21:05:33.75,1682600733750000000,240.0,234.0,216.0,4964.0,156.0,355510.0,234.0,41.0,235.5,10.0,238.0,10.0,242.5,21.0,243.0,10.0,231.5,10.0,229.0,18.0,225.0,10.0,224.0,10.0,223.5,20.0
2023-04-27 21:05:34.0,1682600734000000000,240.0,234.0,216.0,4964.0,156.0,355510.0,234.0,51.0,238.0,10.0,242.5,21.0,243.0,10.0,245.5,9.0,231.0,10.0,229.0,18.0,225.0,10.0,224.0,10.0,223.5,20.0
2023-04-27 21:05:34.5,1682600734500000000,240.0,234.0,216.0,4964.0,156.0,355510.0,234.0,41.0,235.0,10.0,238.0,10.0,242.5,21.0,243.0,10.0,231.0,10.0,229.0,18.0,225.0,10.0,224.0,10.0,223.5,20.0
2023-04-27 21:05:34.75,1682600734750000000,240.0,234.0,216.0,4964.0,156.0,355510.0,234.0,81.0,238.0,10.0,242.5,21.0,243.0,10.0,245.5,9.0,231.0,10.0,229.0,18.0,225.0,10.0,224.0,10.0,222.0,20.0
2023-04-27 21:05:35.0,1682600735000000000,240.0,234.0,216.0,4964.0,161.0,367210.0,234.0,66.0,234.5,10.0,238.0,10.0,242.5,21.0,243.0,10.0,231.0,10.0,229.0,18.0,225.0,10.0,224.0,10.0,222.0,20.0
2023-04-27 21:05:35.5,1682600735500000000,240.0,234.0,216.0,4963.0,162.0,369550.0,234.0,65.0,234.5,10.0,238.0,10.0,242.5,21.0,243.0,10.0,231.0,10.0,229.0,18.0,225.0,10.0,224.0,10.0,222.0,20.0
2023-04-27 21:05:35.75,1682600735750000000,240.0,234.0,216.0,4962.0,163.0,371890.0,234.0,64.0,234.5,10.0,238.0,10.0,242.5,21.0,243.0,10.0,231.0,10.0,229.0,18.0,225.0,10.0,224.0,10.0,222.0,20.0
2023-04-27 21:05:36.25,1682600736250000000,240.0,234.0,216.0,4960.0,165.0,376570.0,234.0,72.0,238.0,10.0,242.5,21.0,243.0,10.0,245.5,9.0,230.5,10.0,229.0,18.0,225.0,10.0,224.0,10.0,222.0,20.0
2023-04-27 21:05:36.75,1682600736750000000,240.0,234.0,216.0,4958.0,167.0,381250.0,234.0,60.0,234.5,10.0,238.0,10.0,242.5,21.0,243.0,10.0,230.5,10.0,230.0,18.0,225.0,10.0,224.0,10.0,222.0,20.0
2023-04-27 21:05:37.0,1682600737000000000,240.0,234.0,216.0,4958.0,167.0,381250.0,234.0,60.0,234.5,10.0,238.0,10.0,242.5,21.0,243.0,10.0,230.5,10.0,230.0,18.0,225.0,10.0,224.0,10.0,221.5,23.0
2023-04-27 21:05:37.25,1682600737250000000,240.0,234.0,216.0,4958.0,167.0,381250.0,234.0,60.0,235.0,10.0,238.0,10.0,242.5,21.0,243.0,10.0,230.5,10.0,230.0,18.0,225.0,10.0,224.0,10.0,221.5,23.0
2023-04-27 21:05:37.5,1682600737500000000,240.0,234.0,216.0,4958.0,167.0,381250.0,234.0,70.0,238.0,10.0,242.5,21.0,243.0,10.0,245.5,9.0,230.5,10.0,230.0,18.0,225.0,10.0,224.0,10.0,222.0,20.0
2023-04-27 21:05:38.0,1682600738000000000,240.0,234.0,216.0,4958.0,167.0,381250.0,234.0,60.0,234.5,10.0,238.0,10.0,242.5,21.0,243.0,10.0,230.5,10.0,230.0,18.0,225.0,10.0,224.0,10.0,222.0,20.0
2023-04-27 21:05:38.5,1682600738500000000,240.0,234.0,216.0,4955.0,170.0,388270.0,234.0,27.0,234.5,10.0,238.0,10.0,242.5,21.0,243.0,10.0,230.5,10.0,230.0,18.0,225.0,10.0,224.0,10.0,222.0,20.0
2023-04-27 21:05:38.75,1682600738750000000,240.0,234.0,216.0,4952.0,173.0,395290.0,234.0,6.0,234.5,18.0,235.0,10.0,238.0,10.0,242.5,21.0,230.5,28.0,225.0,10.0,224.0,10.0,222.0,20.0,221.5,23.0
2023-04-27 21:05:39.0,1682600739000000000,240.0,234.0,216.0,4952.0,173.0,395290.0,234.0,6.0,235.0,28.0,238.0,10.0,242.5,21.0,243.0,10.0,230.5,28.0,225.0,10.0,224.0,10.0,222.0,20.0,221.5,23.0
2023-04-27 21:05:39.75,1682600739750000000,240.0,234.0,216.0,4952.0,173.0,395290.0,232.0,5.0,234.0,6.0,235.0,28.0,238.0,10.0,242.5,21.0,230.5,28.0,225.0,10.0,224.0,10.0,222.0,20.0,221.5,23.0
2023-04-27 21:05:40.0,1682600740000000000,240.0,232.0,216.0,4947.0,178.0,406890.0,234.0,24.0,235.0,10.0,238.0,10.0,242.5,21.0,243.0,10.0,230.5,10.0,230.0,18.0,225.0,10.0,224.0,10.0,222.0,20.0
2023-04-27 21:05:40.25,1682600740250000000,240.0,234.0,216.0,4944.0,181.0,413910.0,234.0,3.0,235.0,28.0,238.0,10.0,242.5,21.0,243.0,10.0,230.5,10.0,229.5,18.0,225.0,10.0,224.0,10.0,222.0,20.0
2023-04-27 21:05:40.75,1682600740750000000,240.0,234.0,216.0,4943.0,190.0,434690.0,234.0,2.0,235.0,28.0,238.0,10.0,242.5,21.0,243.0,10.0,230.5,2.0,229.5,18.0,225.0,10.0,224.0,10.0,222.0,20.0
2023-04-27 21:05:41.0,1682600741000000000,240.0,234.0,216.0,4941.0,192.0,439370.0,234.5,10.0,235.0,18.0,238.0,10.0,242.5,21.0,243.0,10.0,230.5,10.0,225.0,28.0,224.0,10.0,222.0,20.0,221.5,23.0
2023-04-27 21:05:41.25,1682600741250000000,240.0,234.0,216.0,4941.0,192.0,439370.0,234.0,20.0,234.5,28.0,238.0,10.0,242.5,21.0,243.0,10.0,230.5,10.0,229.5,18.0,225.0,10.0,224.0,10.0,222.0,20.0
2023-04-27 21:05:42.25,1682600742250000000,240.0,234.0,216.0,4941.0,195.0,446390.0,234.0,17.0,234.5,28.0,238.0,10.0,242.5,21.0,243.0,10.0,230.5,10.0,229.5,18.0,225.0,10.0,224.0,10.0,222.0,20.0
2023-04-27 21:05:42.5,1682600742500000000,240.0,234.0,216.0,4941.0,195.0,446390.0,234.0,17.0,234.5,28.0,238.0,10.0,243.0,10.0,245.5,9.0,230.5,10.0,229.5,18.0,225.0,10.0,224.0,10.0,222.0,20.0
2023-04-27 21:05:42.75,1682600742750000000,240.0,234.0,216.0,4941.0,196.0,448730.0,234.0,16.0,234.5,28.0,238.0,10.0,243.0,10.0,245.5,9.0,230.5,10.0,229.5,18.0,225.0,10.0,224.0,10.0,222.0,20.0
2023-04-27 21:05:43.25,1682600743250000000,240.0,234.0,216.0,4941.0,197.0,451070.0,234.0,15.0,234.5,28.0,238.0,10.0,243.0,10.0,245.5,9.0,230.5,10.0,229.5,18.0,225.0,10.0,224.0,10.0,222.0,20.0
2023-04-27 21:05:43.75,1682600743750000000,240.0,234.0,216.0,4941.0,198.0,453410.0,234.0,14.0,234.5,28.0,238.0,10.0,243.0,10.0,245.5,9.0,230.5,10.0,229.5,18.0,225.0,10.0,224.0,10.0,222.0,20.0
2023-04-27 21:05:44.25,1682600744250000000,240.0,234.0,216.0,4941.0,199.0,455750.0,234.0,13.0,234.5,28.0,238.0,10.0,243.0,10.0,245.5,9.0,230.5,10.0,229.5,18.0,225.0,10.0,224.0,10.0,222.0,20.0
2023-04-27 21:05:44.75,1682600744750000000,240.0,234.0,216.0,4941.0,200.0,458090.0,234.0,12.0,234.5,28.0,238.0,10.0,243.0,10.0,245.5,9.0,230.5,10.0,229.5,18.0,225.0,10.0,224.0,10.0,222.0,20.0
2023-04-27 21:05:45.25,1682600745250000000,240.0,234.0,216.0,4941.0,201.0,460430.0,234.0,21.0,234.5,18.0,238.0,10.0,243.0,10.0,245.5,9.0,230.0,10.0,229.5,18.0,225.0,10.0,224.0,10.0,222.0,20.0
2023-04-27 21:05:45.5,1682600745500000000,240.0,234.0,216.0,4941.0,201.0,460430.0,234.0,39.0,238.0,10.0,243.0,10.0,245.5,9.0,247.0,20.0,229.5,10.0,228.0,18.0,225.0,10.0,224.0,10.0,222.0,20.0
2023-04-27 21:05:45.75,1682600745750000000,240.0,234.0,216.0,4941.0,201.0,460430.0,234.0,39.0,238.0,10.0,243.0,10.0,245.5,9.0,246.0,10.0,229.0,10.0,228.0,18.0,225.0,10.0,224.0,10.0,222.0,20.0
2023-04-27 21:05:46.0,1682600746000000000,240.0,234.0,216.0,4941.0,202.0,462770.0,234.0,38.0,238.0,10.0,243.0,10.0,245.5,9.0,246.0,10.0,229.0,10.0,228.0,18.0,225.0,10.0,224.0,10.0,221.5,23.0
2023-04-27 21:05:46.25,1682600746250000000,240.0,234.0,216.0,4941.0,202.0,462770.0,234.0,38.0,238.0,10.0,243.0,10.0,245.5,9.0,248.0,14.0,229.0,10.0,228.0,18.0,225.0,10.0,224.0,10.0,221.5,23.0
2023-04-27 21:05:46.5,1682600746500000000,240.0,229.0,216.0,4941.0,209.0,478800.0,234.0,38.0,238.0,10.0,243.0,10.0,245.5,9.0,247.0,10.0,229.0,3.0,228.5,18.0,225.0,10.0,224.0,10.0,221.5,23.0
2023-04-27 21:05:46.75,1682600746750000000,240.0,229.0,216.0,4941.0,209.0,478800.0,233.5,10.0,234.0,28.0,238.0,10.0,243.0,10.0,245.5,9.0,229.5,36.0,229.0,10.0,225.0,28.0,224.0,10.0,221.5,23.0
2023-04-27 21:05:47.0,1682600747000000000,240.0,229.0,216.0,4941.0,209.0,478800.0,233.5,28.0,234.0,10.0,238.0,10.0,243.0,10.0,245.5,9.0,229.5,36.0,229.0,10.0,228.5,18.0,225.0,10.0,224.0,10.0
2023-04-27 21:05:47.5,1682600747500000000,240.0,229.0,216.0,4941.0,209.0,478800.0,233.5,28.0,234.0,10.0,238.0,10.0,243.0,10.0,245.5,9.0,230.0,10.0,229.5,36.0,228.5,18.0,225.0,10.0,224.0,10.0
2023-04-27 21:05:48.0,1682600748000000000,240.0,229.0,216.0,4941.0,209.0,478800.0,233.5,28.0,234.0,10.0,238.0,10.0,243.0,10.0,245.5,9.0,229.5,46.0,228.5,18.0,225.0,10.0,224.0,10.0,221.5,23.0
2023-04-27 21:05:48.25,1682600748250000000,240.0,229.0,216.0,4941.0,209.0,478800.0,233.5,28.0,234.0,10.0,238.0,10.0,243.0,10.0,245.5,9.0,229.5,36.0,229.0,10.0,228.5,18.0,225.0,10.0,224.0,10.0
2023-04-27 21:05:48.75,1682600748750000000,240.0,229.0,216.0,4941.0,209.0,478800.0,233.5,28.0,234.0,10.0,238.0,10.0,243.0,10.0,245.5,29.0,229.5,36.0,229.0,10.0,228.5,18.0,225.0,10.0,224.0,10.0
2023-04-27 21:05:50.25,1682600750250000000,240.0,233.5,216.0,4941.0,210.0,481135.0,233.5,27.0,234.0,10.0,238.0,10.0,243.0,10.0,245.5,29.0,229.5,36.0,229.0,10.0,228.5,18.0,225.0,10.0,224.0,10.0
2023-04-27 21:05:50.5,1682600750500000000,240.0,233.5,216.0,4941.0,210.0,481135.0,233.5,51.0,238.0,10.0,243.0,10.0,245.5,29.0,247.0,10.0,229.5,36.0,229.0,10.0,228.5,18.0,225.0,10.0,224.0,10.0
2023-04-27 21:05:53.25,1682600753250000000,240.0,233.5,216.0,4941.0,210.0,481135.0,233.5,51.0,238.0,10.0,243.0,10.0,245.5,29.0,247.0,10.0,230.0,10.0,229.5,36.0,228.5,18.0,225.0,10.0,224.0,10.0
2023-04-27 21:05:53.75,1682600753750000000,240.0,233.5,216.0,4941.0,210.0,481135.0,233.5,52.0,238.0,10.0,243.0,10.0,245.5,29.0,247.0,10.0,230.0,10.0,229.5,54.0,225.0,10.0,224.0,10.0,221.5,43.0
2023-04-27 21:05:55.75,1682600755750000000,240.0,233.5,216.0,4941.0,210.0,481135.0,233.5,52.0,238.0,10.0,243.0,10.0,245.5,9.0,247.0,10.0,230.0,10.0,229.5,54.0,225.0,10.0,224.0,10.0,223.0,20.0
2023-04-27 21:05:56.0,1682600756000000000,240.0,233.5,216.0,4941.0,210.0,481135.0,233.5,42.0,234.0,10.0,238.0,10.0,243.0,10.0,245.5,9.0,230.0,10.0,229.5,54.0,225.0,10.0,224.0,10.0,223.0,20.0
2023-04-27 21:05:58.5,1682600758500000000,240.0,233.5,216.0,4941.0,210.0,481135.0,233.5,18.0,234.0,10.0,238.0,10.0,243.0,10.0,245.5,9.0,230.0,10.0,229.5,54.0,225.0,10.0,224.0,10.0,223.0,20.0
2023-04-27 21:05:58.75,1682600758750000000,240.0,233.5,216.0,4941.0,210.0,481135.0,234.0,18.0,235.0,10.0,238.0,10.0,243.0,10.0,245.5,9.0,230.0,28.0,229.5,36.0,225.0,10.0,224.0,10.0,223.0,20.0
2023-04-27 21:05:59.0,1682600759000000000,240.0,233.5,216.0,4941.0,210.0,481135.0,235.0,28.0,238.0,10.0,243.0,10.0,245.5,9.0,248.0,14.0,230.0,28.0,229.5,36.0,225.0,10.0,224.0,10.0,223.0,20.0
2023-04-27 21:06:00.0,1682600760000000000,240.0,233.5,216.0,4941.0,210.0,481135.0,235.0,18.0,235.5,10.0,238.0,10.0,243.0,10.0,245.5,9.0,230.0,28.0,229.5,36.0,225.0,10.0,224.0,10.0,223.0,20.0
2023-04-27 21:06:00.25,1682600760250000000,240.0,233.5,216.0,4941.0,210.0,481135.0,235.5,28.0,238.0,10.0,243.0,10.0,245.5,9.0,248.0,14.0,230.0,28.0,229.5,36.0,225.0,10.0,224.0,10.0,223.0,20.0
2023-04-27 21:06:00.75,1682600760750000000,240.0,233.5,216.0,4941.0,210.0,481135.0,235.5,28.0,238.0,10.0,243.0,10.0,245.5,9.0,248.0,24.0,230.0,28.0,229.5,36.0,225.0,10.0,224.0,10.0,223.0,20.0
2023-04-27 21:06:02.5,1682600762500000000,240.0,233.5,216.0,4941.0,210.0,481135.0,235.5,28.0,238.0,10.0,243.0,10.0,245.5,9.0,248.0,14.0,230.0,28.0,229.5,36.0,225.0,10.0,224.0,10.0,223.0,20.0
2023-04-27 21:06:07.75,1682600767750000000,240.0,230.0,216.0,4942.0,211.0,483435.0,235.5,28.0,238.0,10.0,243.0,10.0,245.5,9.0,248.0,14.0,230.0,27.0,229.5,36.0,225.0,10.0,224.0,10.0,223.0,20.0
2023-04-27 21:06:08.0,1682600768000000000,240.0,230.0,216.0,4942.0,211.0,483435.0,235.5,28.0,238.0,10.0,243.0,10.0,245.5,9.0,248.0,14.0,230.5,79.0,230.0,9.0,229.5,18.0,225.0,10.0,224.0,10.0
2023-04-27 21:06:08.25,1682600768250000000,240.0,230.0,216.0,4942.0,211.0,483435.0,235.5,18.0,236.5,10.0,238.0,10.0,243.0,10.0,245.5,9.0,230.5,79.0,230.0,10.0,229.5,18.0,225.0,10.0,224.0,10.0
2023-04-27 21:06:08.5,1682600768500000000,240.0,230.0,216.0,4942.0,211.0,483435.0,236.5,28.0,238.0,10.0,243.0,10.0,245.5,9.0,248.0,14.0,231.0,10.0,230.5,97.0,225.0,10.0,224.0,10.0,223.0,20.0
2023-04-27 21:06:08.75,1682600768750000000,240.0,230.0,216.0,4942.0,211.0,483435.0,235.0,21.0,236.5,28.0,241.0,10.0,243.0,10.0,245.5,9.0,231.0,10.0,230.5,97.0,227.0,10.0,225.0,10.0,223.0,20.0
2023-04-27 21:06:09.0,1682600769000000000,240.0,230.0,216.0,4942.0,211.0,483435.0,235.0,21.0,236.5,18.0,237.0,10.0,241.0,10.0,243.0,10.0,231.0,10.0,230.5,97.0,227.0,10.0,225.0,10.0,223.0,20.0
2023-04-27 21:06:10.5,1682600770500000000,240.0,230.0,216.0,4942.0,211.0,483435.0,235.0,21.0,236.5,18.0,241.0,10.0,243.0,10.0,245.5,9.0,230.5,97.0,227.0,10.0,225.0,10.0,223.0,20.0,221.5,23.0
2023-04-27 21:06:10.75,1682600770750000000,240.0,230.0,216.0,4942.0,211.0,483435.0,235.0,21.0,236.0,18.0,241.0,10.0,243.0,10.0,245.5,9.0,230.5,97.0,227.0,10.0,225.0,10.0,223.0,20.0,221.5,23.0
2023-04-27 21:06:12.0,1682600772000000000,240.0,230.0,216.0,4942.0,211.0,483435.0,235.0,39.0,241.0,10.0,243.0,10.0,245.5,9.0,248.0,14.0,230.5,97.0,227.0,10.0,225.0,10.0,223.0,20.0,221.5,23.0
2023-04-27 21:06:12.75,1682600772750000000,240.0,230.0,216.0,4942.0,211.0,483435.0,235.0,21.0,235.5,18.0,241.0,10.0,243.0,10.0,245.5,9.0,230.5,97.0,227.0,10.0,225.0,10.0,223.0,20.0,221.5,23.0
2023-04-27 21:06:14.25,1682600774250000000,240.0,230.0,216.0,4942.0,211.0,483435.0,235.0,21.0,235.5,18.0,239.5,10.0,241.0,10.0,243.0,10.0,230.5,97.0,229.0,10.0,227.0,10.0,225.0,10.0,223.0,20.0
2023-04-27 21:06:15.25,1682600775250000000,240.0,230.0,216.0,4942.0,211.0,483435.0,235.0,21.0,235.5,18.0,238.5,10.0,241.0,10.0,243.0,10.0,230.5,97.0,228.0,10.0,227.0,10.0,225.0,10.0,223.0,20.0
2023-04-27 21:06:16.75,1682600776750000000,240.0,230.0,216.0,4942.0,211.0,483435.0,235.0,21.0,235.5,18.0,238.0,10.0,241.0,10.0,243.0,10.0,230.5,97.0,227.5,10.0,227.0,10.0,225.0,10.0,223.0,20.0
2023-04-27 21:06:17.25,1682600777250000000,240.0,230.0,216.0,4942.0,211.0,483435.0,235.0,21.0,235.5,18.0,238.0,10.0,241.0,10.0,243.0,10.0,230.5,97.0,227.0,20.0,225.0,10.0,223.0,20.0,221.5,23.0
2023-04-27 21:06:17.5,1682600777500000000,240.0,230.0,216.0,4942.0,211.0,483435.0,235.0,21.0,235.5,18.0,238.0,10.0,241.0,10.0,243.0,10.0,230.5,97.0,227.5,10.0,227.0,10.0,225.0,10.0,223.0,20.0
2023-04-27 21:06:18.0,1682600778000000000,240.0,230.0,216.0,4942.0,211.0,483435.0,235.0,21.0,235.5,18.0,238.0,10.0,241.0,10.0,243.0,10.0,230.5,97.0,227.0,20.0,225.0,10.0,223.0,20.0,221.5,23.0
2023-04-27 21:06:18.25,1682600778250000000,240.0,230.0,216.0,4942.0,211.0,483435.0,235.0,21.0,235.5,18.0,238.5,10.0,241.0,10.0,243.0,10.0,230.5,97.0,227.5,10.0,227.0,10.0,225.0,10.0,223.0,20.0
2023-04-27 21:06:18.75,1682600778750000000,240.0,230.0,216.0,4942.0,211.0,483435.0,235.0,21.0,235.5,18.0,238.0,10.0,241.0,10.0,243.0,10.0,230.5,97.0,227.0,20.0,225.0,10.0,223.0,20.0,221.5,23.0
2023-04-27 21:06:19.0,1682600779000000000,240.0,230.0,216.0,4942.0,211.0,483435.0,235.0,21.0,235.5,18.0,237.0,10.0,241.0,10.0,243.0,10.0,230.5,97.0,227.0,10.0,226.0,10.0,225.0,10.0,223.0,20.0
2023-04-27 21:06:19.25,1682600779250000000,240.0,230.0,216.0,4942.0,211.0,483435.0,235.0,21.0,235.5,18.0,236.5,10.0,241.0,10.0,243.0,10.0,230.5,97.0,227.0,10.0,226.0,10.0,225.0,10.0,221.5,23.0
2023-04-27 21:06:19.75,1682600779750000000,240.0,230.0,216.0,4942.0,211.0,483435.0,235.0,21.0,235.5,18.0,236.5,10.0,241.0,10.0,243.0,10.0,230.5,97.0,227.0,10.0,225.5,10.0,225.0,10.0,221.5,23.0
2023-04-27 21:06:21.75,1682600781750000000,240.0,230.0,216.0,4942.0,211.0,483435.0,235.0,21.0,235.5,18.0,237.5,10.0,241.0,10.0,243.0,10.0,230.5,97.0,227.0,10.0,226.5,10.0,225.0,10.0,221.5,23.0
2023-04-27 21:06:22.25,1682600782250000000,240.0,230.0,216.0,4942.0,211.0,483435.0,235.0,21.0,235.5,18.0,237.5,10.0,241.0,10.0,243.0,10.0,230.5,97.0,227.0,10.0,226.5,10.0,225.0,10.0,223.5,20.0
2023-04-27 21:06:22.5,1682600782500000000,240.0,230.0,216.0,4942.0,211.0,483435.0,235.0,21.0,235.5,18.0,237.5,10.0,241.0,10.0,243.0,10.0,230.5,97.0,227.0,20.0,225.0,10.0,223.5,20.0,221.5,23.0
2023-04-27 21:06:23.0,1682600783000000000,240.0,230.0,216.0,4942.0,211.0,483435.0,235.0,21.0,235.5,18.0,238.0,10.0,241.0,10.0,243.0,10.0,230.5,97.0,227.5,10.0,227.0,10.0,225.0,10.0,223.5,20.0
2023-04-27 21:06:23.25,1682600783250000000,240.0,230.0,216.0,4942.0,211.0,483435.0,235.0,21.0,235.5,18.0,237.5,10.0,241.0,10.0,243.0,10.0,230.5,97.0,227.0,20.0,225.0,10.0,223.5,20.0,221.5,23.0
2023-04-27 21:06:23.75,1682600783750000000,240.0,230.0,216.0,4942.0,211.0,483435.0,235.0,21.0,235.5,18.0,238.0,10.0,241.0,10.0,243.0,10.0,230.5,97.0,227.5,10.0,227.0,10.0,225.0,10.0,223.5,20.0
2023-04-27 21:06:24.5,1682600784500000000,240.0,230.0,216.0,4942.0,211.0,483435.0,235.0,21.0,235.5,18.0,237.5,10.0,241.0,10.0,243.0,10.0,230.5,97.0,227.0,20.0,225.0,10.0,223.5,20.0,221.5,23.0
2023-04-27 21:06:25.25,1682600785250000000,240.0,230.0,216.0,4942.0,211.0,483435.0,235.0,21.0,235.5,18.0,237.0,10.0,241.0,10.0,243.0,10.0,230.5,97.0,227.0,10.0,226.5,10.0,225.0,10.0,223.5,20.0
2023-04-27 21:06:25.5,1682600785500000000,240.0,230.0,216.0,4942.0,211.0,483435.0,235.0,21.0,235.5,18.0,237.5,10.0,241.0,10.0,243.0,10.0,230.5,97.0,227.0,20.0,225.0,10.0,223.5,20.0,221.5,23.0
2023-04-27 21:06:25.75,1682600785750000000,240.0,230.0,216.0,4942.0,211.0,483435.0,235.0,21.0,235.5,18.0,237.0,10.0,241.0,10.0,243.0,10.0,230.5,97.0,227.0,10.0,226.5,10.0,225.0,10.0,223.5,20.0
2023-04-27 21:06:27.5,1682600787500000000,240.0,230.0,216.0,4942.0,211.0,483435.0,235.0,39.0,237.0,10.0,241.0,10.0,243.0,10.0,245.5,9.0,230.5,79.0,228.5,18.0,227.0,10.0,226.5,10.0,225.0,10.0
2023-04-27 21:06:27.75,1682600787750000000,240.0,230.0,216.0,4942.0,211.0,483435.0,235.0,39.0,236.5,10.0,241.0,10.0,243.0,10.0,245.5,9.0,230.5,79.0,228.5,18.0,227.0,10.0,226.0,10.0,225.0,10.0
2023-04-27 21:06:28.25,1682600788250000000,240.0,230.0,216.0,4942.0,211.0,483435.0,235.0,39.0,236.5,10.0,241.0,10.0,243.0,10.0,245.5,9.0,228.5,18.0,227.0,10.0,226.0,10.0,225.0,10.0,223.5,20.0
2023-04-27 21:06:28.5,1682600788500000000,240.0,230.0,216.0,4942.0,211.0,483435.0,235.0,39.0,236.5,10.0,241.0,10.0,243.0,10.0,245.5,9.0,227.0,28.0,226.0,10.0,225.0,10.0,223.5,20.0,221.5,23.0
2023-04-27 21:06:28.75,1682600788750000000,240.0,230.0,216.0,4942.0,211.0,483435.0,235.0,39.0,236.0,10.0,238.0,10.0,243.0,10.0,245.5,9.0,227.0,18.0,225.5,10.0,225.0,10.0,223.5,30.0,221.5,23.0
2023-04-27 21:06:29.0,1682600789000000000,240.0,230.0,216.0,4942.0,211.0,483435.0,235.0,39.0,236.0,10.0,238.0,10.0,243.0,10.0,245.5,9.0,225.5,28.0,225.0,10.0,223.5,30.0,221.5,23.0,221.0,12.0
2023-04-27 21:06:29.25,1682600789250000000,240.0,230.0,216.0,4942.0,211.0,483435.0,235.0,39.0,235.5,10.0,238.0,10.0,239.5,10.0,245.5,9.0,225.5,18.0,225.0,10.0,223.5,30.0,222.0,10.0,221.5,23.0
2023-04-27 21:06:29.5,1682600789500000000,240.0,230.0,216.0,4942.0,211.0,483435.0,235.0,39.0,235.5,10.0,238.0,10.0,239.5,10.0,245.5,9.0,225.0,28.0,223.5,10.0,222.0,10.0,221.5,23.0,221.0,32.0
2023-04-27 21:06:29.75,1682600789750000000,240.0,230.0,216.0,4942.0,211.0,483435.0,235.0,39.0,235.5,10.0,238.0,10.0,239.5,10.0,245.5,9.0,225.0,18.0,224.5,10.0,223.5,10.0,222.0,10.0,221.5,23.0
2023-04-27 21:06:30.0,1682600790000000000,240.0,230.0,216.0,4942.0,211.0,483435.0,235.0,39.0,235.5,10.0,238.0,10.0,239.5,10.0,245.5,9.0,224.5,28.0,223.5,10.0,222.0,10.0,221.5,23.0,221.0,32.0
2023-04-27 21:06:31.25,1682600791250000000,240.0,235.0,216.0,4941.0,212.0,485785.0,235.0,38.0,235.5,10.0,238.0,10.0,239.5,10.0,245.5,9.0,224.5,28.0,223.5,10.0,222.0,10.0,221.5,23.0,221.0,32.0
2023-04-27 21:06:31.5,1682600791500000000,240.0,235.0,216.0,4941.0,212.0,485785.0,234.5,44.0,235.0,48.0,238.0,10.0,239.5,10.0,245.5,9.0,224.5,28.0,223.5,10.0,222.0,10.0,221.5,23.0,221.0,32.0
2023-04-27 21:06:32.0,1682600792000000000,240.0,235.0,216.0,4941.0,212.0,485785.0,234.5,44.0,235.0,38.0,236.0,10.0,238.0,10.0,239.5,10.0,225.0,10.0,224.5,18.0,223.5,10.0,222.0,10.0,221.5,23.0
2023-04-27 21:06:33.0,1682600793000000000,240.0,235.0,216.0,4941.0,212.0,485785.0,234.5,44.0,235.0,38.0,236.5,10.0,238.0,10.0,239.5,10.0,225.5,10.0,224.5,18.0,223.5,10.0,222.0,10.0,221.5,23.0
2023-04-27 21:06:34.0,1682600794000000000,240.0,235.0,216.0,4941.0,212.0,485785.0,234.5,44.0,235.0,38.0,236.0,10.0,238.0,10.0,239.5,10.0,225.0,10.0,224.5,18.0,223.5,10.0,222.0,10.0,221.5,43.0
2023-04-27 21:06:35.25,1682600795250000000,240.0,235.0,216.0,4941.0,212.0,485785.0,234.5,44.0,235.0,38.0,235.5,10.0,238.0,10.0,239.5,10.0,224.5,28.0,223.5,10.0,222.0,10.0,221.5,43.0,221.0,12.0
2023-04-27 21:06:36.5,1682600796500000000,240.0,235.0,216.0,4941.0,212.0,485785.0,234.5,44.0,235.0,48.0,238.0,10.0,239.5,10.0,245.5,9.0,224.5,28.0,223.5,10.0,222.0,10.0,221.5,43.0,221.0,12.0
2023-04-27 21:06:37.75,1682600797750000000,240.0,235.0,216.0,4941.0,212.0,485785.0,234.5,44.0,235.0,48.0,238.0,10.0,239.5,10.0,245.5,9.0,224.5,28.0,223.5,10.0,222.0,10.0,221.5,23.0,221.0,12.0
2023-04-27 21:06:38.5,1682600798500000000,240.0,235.0,216.0,4941.0,212.0,485785.0,234.5,44.0,235.0,38.0,235.5,10.0,238.0,10.0,239.5,10.0,225.0,10.0,224.5,18.0,223.5,10.0,222.0,10.0,221.5,23.0
2023-04-27 21:06:40.25,1682600800250000000,240.0,235.0,216.0,4941.0,212.0,485785.0,234.5,44.0,235.0,38.0,236.0,10.0,238.0,10.0,239.5,10.0,225.5,10.0,224.5,18.0,223.5,10.0,222.0,10.0,221.5,23.0
2023-04-27 21:06:43.25,1682600803250000000,240.0,235.0,216.0,4941.0,212.0,485785.0,234.5,44.0,235.0,38.0,236.5,10.0,238.0,10.0,239.5,10.0,225.5,10.0,224.5,18.0,223.5,10.0,222.0,10.0,221.5,23.0
2023-04-27 21:06:43.5,1682600803500000000,240.0,235.0,216.0,4941.0,212.0,485785.0,234.0,10.0,234.5,44.0,235.0,38.0,236.5,10.0,238.0,10.0,225.5,20.0,224.5,18.0,223.5,10.0,222.0,10.0,221.5,23.0
2023-04-27 21:06:44.0,1682600804000000000,240.0,235.0,216.0,4941.0,212.0,485785.0,234.0,10.0,234.5,44.0,235.0,38.0,236.0,10.0,238.0,10.0,225.5,20.0,224.5,18.0,223.5,10.0,222.0,10.0,221.5,23.0
2023-04-27 21:06:44.5,1682600804500000000,240.0,235.0,216.0,4941.0,212.0,485785.0,234.0,10.0,234.5,44.0,235.0,38.0,236.5,10.0,238.0,10.0,226.0,10.0,225.5,10.0,224.5,18.0,223.5,10.0,222.0,10.0
2023-04-27 21:06:44.75,1682600804750000000,240.0,235.0,216.0,4941.0,212.0,485785.0,234.0,28.0,234.5,44.0,235.0,20.0,236.5,10.0,238.0,10.0,226.0,28.0,225.5,10.0,223.5,10.0,222.0,10.0,221.5,23.0
2023-04-27 21:06:45.5,1682600805500000000,240.0,235.0,216.0,4941.0,212.0,485785.0,234.0,28.0,234.5,44.0,235.0,20.0,236.5,10.0,238.0,10.0,226.0,18.0,225.5,20.0,223.5,10.0,222.0,10.0,221.5,23.0
2023-04-27 21:06:45.75,1682600805750000000,240.0,235.0,216.0,4941.0,212.0,485785.0,234.0,28.0,234.5,44.0,235.0,20.0,236.5,10.0,238.0,10.0,225.5,38.0,223.5,10.0,222.0,10.0,221.5,23.0,221.0,32.0
2023-04-27 21:06:46.25,1682600806250000000,240.0,235.0,216.0,4941.0,212.0,485785.0,234.0,28.0,234.5,44.0,235.0,20.0,237.0,10.0,238.0,10.0,226.5,10.0,225.5,28.0,223.5,10.0,222.0,10.0,221.5,23.0
2023-04-27 21:06:46.75,1682600806750000000,240.0,234.0,216.0,4946.0,217.0,497485.0,234.0,23.0,234.5,44.0,235.0,20.0,237.0,10.0,238.0,10.0,226.5,20.0,225.5,18.0,223.5,10.0,222.0,10.0,221.5,23.0
2023-04-27 21:06:47.75,1682600807750000000,240.0,234.0,216.0,4946.0,217.0,497485.0,234.0,23.0,234.5,44.0,235.0,20.0,236.5,10.0,238.0,10.0,226.5,10.0,226.0,10.0,225.5,18.0,223.5,10.0,222.0,10.0
2023-04-27 21:06:54.25,1682600814250000000,240.0,234.0,216.0,4946.0,217.0,497485.0,234.0,23.0,234.5,44.0,235.0,20.0,237.0,10.0,238.0,10.0,226.5,20.0,225.5,18.0,223.5,10.0,222.0,10.0,221.5,23.0
2023-04-27 21:06:56.5,1682600816500000000,240.0,234.0,216.0,4946.0,217.0,497485.0,234.0,23.0,234.5,44.0,235.0,20.0,237.5,10.0,238.0,10.0,227.0,10.0,226.5,10.0,225.5,18.0,223.5,10.0,222.0,10.0
2023-04-27 21:06:56.75,1682600816750000000,240.0,234.0,216.0,4946.0,217.0,497485.0,234.0,28.0,234.5,44.0,235.0,20.0,237.5,10.0,238.0,10.0,227.0,28.0,226.5,10.0,223.5,10.0,222.0,10.0,221.5,23.0
2023-04-27 21:06:57.0,1682600817000000000,240.0,234.0,216.0,4946.0,217.0,497485.0,234.0,28.0,234.5,44.0,235.0,20.0,237.0,10.0,238.0,10.0,227.0,18.0,226.5,20.0,223.5,10.0,222.0,10.0,221.5,23.0
2023-04-27 21:06:57.25,1682600817250000000,240.0,234.0,216.0,4946.0,217.0,497485.0,234.0,28.0,234.5,44.0,235.0,20.0,237.0,10.0,238.0,10.0,226.5,38.0,223.5,10.0,222.0,10.0,221.5,23.0,221.0,32.0
2023-04-27 21:06:57.75,1682600817750000000,240.0,234.0,216.0,4946.0,217.0,497485.0,234.0,28.0,234.5,44.0,235.0,20.0,237.5,10.0,238.0,10.0,227.0,10.0,226.5,28.0,223.5,10.0,222.0,10.0,221.5,23.0
2023-04-27 21:06:58.25,1682600818250000000,240.0,234.0,216.0,4946.0,217.0,497485.0,234.0,28.0,234.5,44.0,235.0,20.0,238.0,20.0,239.5,10.0,227.0,10.0,226.5,28.0,223.5,10.0,222.0,10.0,221.5,23.0
2023-04-27 21:06:58.75,1682600818750000000,240.0,234.0,216.0,4946.0,217.0,497485.0,234.0,28.0,234.5,44.0,235.0,20.0,237.5,10.0,238.0,10.0,227.0,10.0,226.5,28.0,223.5,10.0,222.0,10.0,221.5,23.0
2023-04-27 21:06:59.75,1682600819750000000,240.0,234.0,216.0,4946.0,217.0,497485.0,234.0,28.0,234.5,44.0,235.0,30.0,237.5,10.0,238.0,10.0,227.0,10.0,226.5,28.0,226.0,10.0,223.5,10.0,222.0,10.0
2023-04-27 21:07:00.5,1682600820500000000,240.0,234.0,216.0,4946.0,217.0,497485.0,234.0,28.0,235.0,30.0,237.5,10.0,238.0,10.0,239.5,10.0,227.0,10.0,226.5,28.0,226.0,10.0,224.0,20.0,223.5,10.0
2023-04-27 21:07:00.75,1682600820750000000,240.0,234.0,216.0,4946.0,217.0,497485.0,234.0,28.0,235.0,30.0,238.0,10.0,238.5,10.0,239.5,10.0,227.5,10.0,226.5,28.0,226.0,10.0,224.0,20.0,223.5,10.0
2023-04-27 21:07:01.0,1682600821000000000,240.0,234.0,216.0,4946.0,217.0,497485.0,234.0,18.0,235.0,40.0,238.0,10.0,238.5,10.0,239.5,10.0,227.5,20.0,226.5,28.0,224.0,20.0,223.5,10.0,222.0,10.0
2023-04-27 21:07:01.25,1682600821250000000,240.0,234.0,216.0,4946.0,217.0,497485.0,235.0,58.0,238.0,10.0,238.5,10.0,239.5,10.0,242.0,10.0,230.0,10.0,227.5,38.0,226.5,10.0,224.0,20.0,223.5,10.0
2023-04-27 21:07:01.5,1682600821500000000,240.0,234.0,216.0,4946.0,217.0,497485.0,235.0,48.0,236.0,10.0,238.0,10.0,238.5,10.0,239.5,10.0,230.0,38.0,229.0,10.0,227.5,10.0,224.0,20.0,223.5,10.0
2023-04-27 21:07:02.0,1682600822000000000,240.0,234.0,216.0,4946.0,217.0,497485.0,235.0,48.0,236.0,10.0,238.0,10.0,238.5,10.0,239.5,10.0,230.0,38.0,229.0,10.0,228.0,10.0,224.0,20.0,223.5,10.0
2023-04-27 21:07:02.25,1682600822250000000,240.0,234.0,216.0,4946.0,217.0,497485.0,235.0,48.0,236.0,10.0,237.5,10.0,238.0,10.0,239.5,10.0,230.0,38.0,229.0,10.0,227.0,10.0,224.0,20.0,223.5,10.0
2023-04-27 21:07:03.25,1682600823250000000,240.0,234.0,216.0,4946.0,217.0,497485.0,235.0,48.0,236.0,10.0,237.0,10.0,238.0,10.0,239.5,10.0,230.0,38.0,229.0,10.0,226.5,10.0,224.0,20.0,223.5,10.0
2023-04-27 21:07:04.0,1682600824000000000,240.0,234.0,216.0,4946.0,217.0,497485.0,235.0,48.0,236.0,10.0,237.5,10.0,238.0,10.0,239.5,10.0,230.0,38.0,229.0,10.0,227.0,10.0,224.0,20.0,223.5,10.0
2023-04-27 21:07:05.25,1682600825250000000,240.0,234.0,216.0,4946.0,217.0,497485.0,233.5,20.0,235.0,28.0,236.0,10.0,237.5,10.0,238.0,10.0,230.0,38.0,229.0,10.0,227.0,10.0,224.0,20.0,223.5,10.0
2023-04-27 21:07:05.5,1682600825500000000,240.0,234.0,216.0,4946.0,217.0,497485.0,233.5,38.0,234.5,10.0,235.0,10.0,237.5,10.0,238.0,10.0,230.0,20.0,229.5,18.0,229.0,10.0,227.0,10.0,224.0,20.0
2023-04-27 21:07:05.75,1682600825750000000,240.0,234.0,216.0,4946.0,217.0,497485.0,233.5,38.0,234.0,10.0,234.5,10.0,237.5,10.0,238.0,10.0,230.5,10.0,230.0,10.0,229.5,18.0,229.0,10.0,227.0,10.0
2023-04-27 21:07:06.0,1682600826000000000,240.0,234.0,216.0,4946.0,217.0,497485.0,233.5,38.0,234.0,10.0,234.5,10.0,237.5,10.0,238.0,10.0,230.5,10.0,230.0,10.0,229.5,28.0,227.0,10.0,224.0,20.0
2023-04-27 21:07:08.5,1682600828500000000,240.0,234.0,216.0,4946.0,217.0,497485.0,233.5,38.0,234.0,10.0,234.5,10.0,237.0,10.0,238.0,10.0,230.5,10.0,230.0,10.0,229.5,28.0,226.0,10.0,224.0,20.0
2023-04-27 21:07:08.75,1682600828750000000,240.0,234.0,216.0,4946.0,217.0,497485.0,233.5,38.0,234.0,10.0,234.5,10.0,237.5,10.0,238.0,10.0,230.5,10.0,230.0,10.0,229.5,28.0,227.0,10.0,224.0,20.0
2023-04-27 21:07:09.0,1682600829000000000,240.0,234.0,216.0,4946.0,217.0,497485.0,233.5,38.0,234.0,10.0,234.5,10.0,237.0,10.0,238.0,10.0,230.5,10.0,230.0,10.0,229.5,28.0,226.0,10.0,224.0,20.0
2023-04-27 21:07:09.5,1682600829500000000,240.0,234.0,216.0,4946.0,217.0,497485.0,233.5,38.0,234.0,10.0,234.5,10.0,237.5,10.0,238.0,10.0,230.5,10.0,230.0,10.0,229.5,28.0,227.0,10.0,224.0,20.0
2023-04-27 21:07:09.75,1682600829750000000,240.0,234.0,216.0,4946.0,217.0,497485.0,233.5,38.0,234.0,10.0,234.5,10.0,237.5,10.0,238.0,10.0,230.5,10.0,230.0,10.0,229.5,28.0,226.5,10.0,224.0,20.0
2023-04-27 21:07:10.0,1682600830000000000,240.0,234.0,216.0,4946.0,217.0,497485.0,233.5,38.0,234.0,10.0,234.5,10.0,238.0,10.0,238.5,10.0,230.5,10.0,230.0,10.0,229.5,28.0,228.0,10.0,224.0,20.0
2023-04-27 21:07:10.25,1682600830250000000,240.0,234.0,216.0,4946.0,217.0,497485.0,233.5,38.0,234.5,20.0,238.0,10.0,238.5,10.0,239.5,10.0,230.5,10.0,230.0,10.0,229.5,28.0,228.0,10.0,224.0,20.0
2023-04-27 21:07:10.5,1682600830500000000,240.0,234.0,216.0,4946.0,217.0,497485.0,233.5,38.0,234.5,20.0,238.0,10.0,239.0,10.0,239.5,10.0,230.5,28.0,230.0,10.0,229.5,10.0,228.5,10.0,224.0,20.0
2023-04-27 21:07:10.75,1682600830750000000,240.0,234.0,216.0,4946.0,217.0,497485.0,233.5,38.0,234.5,10.0,235.0,10.0,238.0,10.0,239.0,10.0,230.5,28.0,230.0,10.0,229.5,10.0,228.5,10.0,224.0,20.0
2023-04-27 21:07:11.25,1682600831250000000,240.0,234.0,216.0,4946.0,217.0,497485.0,233.5,38.0,234.5,10.0,235.0,10.0,236.5,10.0,238.0,10.0,230.5,38.0,230.0,10.0,229.5,10.0,228.5,10.0,224.0,20.0
2023-04-27 21:07:13.75,1682600833750000000,240.0,234.0,216.0,4946.0,217.0,497485.0,233.5,38.0,234.5,10.0,235.0,10.0,236.5,10.0,238.0,10.0,230.5,38.0,230.0,10.0,229.5,10.0,228.0,10.0,224.0,20.0
2023-04-27 21:07:14.0,1682600834000000000,240.0,234.0,216.0,4946.0,217.0,497485.0,233.5,38.0,234.5,10.0,235.0,10.0,236.5,10.0,238.0,10.0,230.5,38.0,230.0,10.0,229.5,10.0,228.5,10.0,224.0,20.0
2023-04-27 21:07:14.25,1682600834250000000,240.0,234.0,216.0,4946.0,217.0,497485.0,233.5,38.0,234.5,10.0,235.0,10.0,236.5,20.0,239.5,20.0,230.5,38.0,230.0,10.0,229.5,10.0,228.5,10.0,228.0,10.0
2023-04-27 21:07:14.5,1682600834500000000,240.0,234.0,216.0,4946.0,217.0,497485.0,233.5,38.0,234.5,10.0,235.0,10.0,236.5,20.0,239.0,10.0,230.5,38.0,230.0,10.0,229.5,10.0,228.5,10.0,228.0,10.0
2023-04-27 21:07:15.5,1682600835500000000,240.0,234.0,216.0,4946.0,217.0,497485.0,233.5,38.0,234.5,10.0,235.0,10.0,236.5,20.0,237.0,10.0,230.5,38.0,230.0,20.0,229.5,10.0,228.5,10.0,228.0,10.0
2023-04-27 21:07:20.5,1682600840500000000,240.0,234.0,216.0,4946.0,217.0,497485.0,233.5,38.0,234.5,10.0,235.0,10.0,236.5,10.0,237.0,10.0,230.5,28.0,230.0,20.0,229.5,10.0,228.5,10.0,228.0,10.0
2023-04-27 21:07:21.0,1682600841000000000,240.0,234.0,216.0,4946.0,217.0,497485.0,233.5,38.0,234.5,10.0,235.0,10.0,236.5,10.0,237.0,10.0,230.5,28.0,230.0,20.0,229.5,10.0,228.0,20.0,224.0,20.0
2023-04-27 21:07:22.0,1682600842000000000,240.0,234.0,216.0,4946.0,217.0,497485.0,233.5,38.0,234.5,10.0,235.0,10.0,236.5,10.0,237.0,10.0,230.5,28.0,230.0,20.0,229.5,20.0,228.0,10.0,224.0,20.0
2023-04-27 21:07:23.0,1682600843000000000,240.0,234.0,216.0,4946.0,217.0,497485.0,233.5,38.0,234.5,10.0,235.0,10.0,236.5,10.0,237.0,10.0,230.5,28.0,230.0,30.0,229.5,10.0,228.0,10.0,224.0,20.0
2023-04-27 21:07:23.25,1682600843250000000,240.0,234.0,216.0,4946.0,217.0,497485.0,233.5,38.0,234.5,10.0,235.0,10.0,236.5,10.0,237.0,10.0,230.5,28.0,230.0,30.0,229.5,10.0,228.0,10.0,226.0,10.0
2023-04-27 21:07:24.0,1682600844000000000,240.0,234.0,216.0,4946.0,217.0,497485.0,233.5,38.0,234.5,10.0,235.0,10.0,236.5,10.0,237.0,10.0,230.5,28.0,230.0,20.0,229.5,10.0,228.5,10.0,228.0,10.0
2023-04-27 21:07:25.5,1682600845500000000,240.0,234.0,216.0,4946.0,217.0,497485.0,233.5,38.0,234.5,10.0,235.0,10.0,236.5,10.0,237.0,10.0,230.5,10.0,230.0,38.0,229.5,10.0,228.5,10.0,228.0,10.0
2023-04-27 21:07:26.25,1682600846250000000,240.0,234.0,216.0,4946.0,217.0,497485.0,233.5,38.0,234.5,10.0,235.0,10.0,236.5,10.0,237.0,10.0,230.5,10.0,230.0,38.0,229.5,10.0,229.0,10.0,228.0,10.0
2023-04-27 21:07:26.75,1682600846750000000,240.0,233.5,216.0,4926.0,255.0,586215.0,234.5,10.0,235.0,10.0,235.5,18.0,236.5,10.0,237.0,10.0,233.0,18.0,230.5,10.0,230.0,20.0,229.5,10.0,229.0,10.0
2023-04-27 21:07:27.0,1682600847000000000,240.0,233.5,216.0,4926.0,255.0,586215.0,235.5,20.0,236.5,28.0,237.0,10.0,239.5,10.0,240.0,10.0,233.0,18.0,232.5,10.0,232.0,10.0,230.0,20.0,229.0,10.0
2023-04-27 21:07:27.25,1682600847250000000,240.0,233.5,216.0,4926.0,255.0,586215.0,235.5,20.0,236.5,10.0,237.0,10.0,237.5,18.0,239.5,10.0,233.0,18.0,232.5,10.0,232.0,10.0,230.0,20.0,229.0,10.0
2023-04-27 21:07:27.5,1682600847500000000,240.0,233.5,216.0,4926.0,255.0,586215.0,235.5,10.0,236.5,20.0,237.0,10.0,239.5,10.0,240.0,10.0,232.5,10.0,232.0,10.0,230.0,20.0,229.0,10.0,228.0,10.0
2023-04-27 21:07:28.0,1682600848000000000,240.0,233.5,216.0,4926.0,255.0,586215.0,235.5,10.0,236.5,20.0,237.0,10.0,239.5,10.0,240.0,10.0,232.5,10.0,231.5,10.0,230.0,20.0,229.0,10.0,228.0,10.0
2023-04-27 21:07:29.25,1682600849250000000,240.0,233.5,216.0,4926.0,255.0,586215.0,235.5,10.0,236.5,20.0,237.0,10.0,237.5,18.0,239.5,10.0,233.0,18.0,232.5,10.0,231.5,10.0,230.0,20.0,229.0,10.0
2023-04-27 21:07:29.5,1682600849500000000,240.0,233.5,216.0,4926.0,255.0,586215.0,235.5,10.0,236.5,20.0,237.0,10.0,239.5,20.0,242.0,10.0,232.5,10.0,232.0,10.0,230.0,20.0,228.5,10.0,228.0,10.0
2023-04-27 21:07:30.0,1682600850000000000,240.0,233.5,216.0,4926.0,255.0,586215.0,235.5,10.0,236.5,20.0,237.0,10.0,239.5,20.0,242.0,10.0,232.5,10.0,231.5,10.0,230.0,20.0,228.5,10.0,228.0,10.0
2023-04-27 21:07:31.25,1682600851250000000,240.0,233.5,216.0,4926.0,255.0,586215.0,235.5,10.0,236.5,20.0,237.0,10.0,237.5,18.0,239.5,10.0,233.0,18.0,232.5,10.0,231.5,10.0,230.0,20.0,229.0,10.0
2023-04-27 21:07:31.5,1682600851500000000,240.0,233.5,216.0,4926.0,255.0,586215.0,235.5,10.0,236.5,20.0,237.0,10.0,239.5,10.0,240.0,10.0,232.5,10.0,232.0,10.0,230.0,20.0,229.0,10.0,228.0,10.0
2023-04-27 21:07:32.0,1682600852000000000,240.0,233.5,216.0,4926.0,255.0,586215.0,235.5,10.0,236.5,20.0,237.0,10.0,239.5,10.0,240.0,10.0,232.5,10.0,231.5,10.0,230.0,20.0,229.0,10.0,228.0,10.0
2023-04-27 21:07:32.5,1682600852500000000,240.0,233.5,216.0,4926.0,255.0,586215.0,235.5,10.0,236.5,20.0,237.0,10.0,239.5,20.0,242.0,10.0,232.5,10.0,231.5,10.0,230.0,20.0,228.5,10.0,228.0,10.0
2023-04-27 21:07:32.75,1682600852750000000,240.0,233.5,216.0,4926.0,255.0,586215.0,235.5,28.0,236.5,20.0,237.0,10.0,239.5,10.0,240.0,10.0,232.5,10.0,231.5,28.0,230.0,20.0,229.0,10.0,228.0,10.0
2023-04-27 21:07:35.25,1682600855250000000,240.0,233.5,216.0,4926.0,255.0,586215.0,235.5,28.0,236.5,20.0,237.0,10.0,239.5,10.0,240.0,10.0,233.0,1.0,232.5,10.0,231.5,28.0,230.0,20.0,229.0,10.0
2023-04-27 21:07:35.5,1682600855500000000,240.0,233.5,216.0,4926.0,255.0,586215.0,235.5,28.0,236.5,20.0,237.0,10.0,239.5,10.0,240.0,10.0,233.0,1.0,232.5,10.0,232.0,10.0,231.5,18.0,230.0,20.0
2023-04-27 21:07:36.5,1682600856500000000,240.0,233.5,216.0,4926.0,255.0,586215.0,235.5,18.0,236.0,10.0,236.5,20.0,238.0,10.0,239.5,10.0,233.0,11.0,232.0,10.0,231.5,28.0,230.0,10.0,229.0,10.0
2023-04-27 21:07:36.75,1682600856750000000,240.0,233.5,216.0,4926.0,255.0,586215.0,236.0,18.0,236.5,30.0,238.0,10.0,239.5,10.0,240.0,10.0,233.0,11.0,232.0,28.0,231.5,10.0,230.0,10.0,229.0,10.0
2023-04-27 21:07:37.0,1682600857000000000,240.0,233.5,216.0,4926.0,255.0,586215.0,236.5,38.0,237.0,10.0,238.0,10.0,239.5,10.0,240.0,10.0,233.0,11.0,232.0,28.0,231.5,10.0,230.0,10.0,229.0,10.0
2023-04-27 21:07:37.25,1682600857250000000,240.0,233.5,216.0,4926.0,255.0,586215.0,236.5,38.0,237.0,10.0,238.0,10.0,239.5,10.0,240.5,10.0,233.0,11.0,232.0,28.0,231.5,10.0,230.0,10.0,229.5,10.0
2023-04-27 21:07:37.5,1682600857500000000,240.0,233.5,216.0,4926.0,255.0,586215.0,236.5,38.0,237.5,10.0,238.0,10.0,239.5,10.0,240.5,10.0,233.0,11.0,232.0,28.0,231.5,10.0,230.0,10.0,229.5,10.0
2023-04-27 21:07:37.75,1682600857750000000,240.0,233.5,216.0,4926.0,255.0,586215.0,236.5,10.0,237.5,10.0,238.0,10.0,238.5,10.0,239.5,10.0,233.0,11.0,232.0,10.0,231.5,10.0,230.0,10.0,229.5,20.0
2023-04-27 21:07:38.0,1682600858000000000,240.0,233.5,216.0,4926.0,255.0,586215.0,237.0,10.0,237.5,10.0,238.0,10.0,238.5,10.0,239.5,10.0,233.0,11.0,232.0,10.0,231.5,10.0,230.0,20.0,229.5,10.0
2023-04-27 21:07:38.5,1682600858500000000,240.0,233.5,216.0,4926.0,255.0,586215.0,237.0,10.0,238.0,20.0,238.5,10.0,239.5,10.0,241.0,10.0,233.0,11.0,232.0,10.0,231.5,10.0,230.0,20.0,229.5,10.0
2023-04-27 21:07:39.0,1682600859000000000,240.0,233.5,216.0,4926.0,255.0,586215.0,237.0,10.0,238.0,10.0,238.5,10.0,239.5,20.0,241.0,10.0,233.0,11.0,232.5,10.0,232.0,10.0,230.5,10.0,230.0,10.0
2023-04-27 21:07:39.25,1682600859250000000,240.0,233.5,216.0,4926.0,255.0,586215.0,237.5,10.0,238.0,10.0,238.5,10.0,239.5,20.0,241.0,10.0,233.0,11.0,232.5,10.0,232.0,10.0,230.5,10.0,230.0,10.0
2023-04-27 21:07:39.5,1682600859500000000,240.0,233.5,216.0,4926.0,255.0,586215.0,237.5,28.0,238.5,20.0,239.5,20.0,241.0,10.0,242.0,10.0,233.0,29.0,232.5,10.0,232.0,10.0,230.5,10.0,230.0,10.0
2023-04-27 21:07:39.75,1682600859750000000,240.0,233.5,216.0,4926.0,255.0,586215.0,237.5,28.0,238.5,20.0,239.5,20.0,241.5,10.0,242.0,10.0,233.0,29.0,232.5,10.0,232.0,10.0,230.5,10.0,230.0,10.0
2023-04-27 21:07:40.0,1682600860000000000,240.0,233.5,216.0,4926.0,255.0,586215.0,237.5,18.0,238.0,10.0,238.5,10.0,239.5,30.0,242.0,20.0,233.0,29.0,232.5,10.0,232.0,10.0,231.5,10.0,231.0,10.0
2023-04-27 21:07:40.25,1682600860250000000,240.0,233.5,216.0,4926.0,255.0,586215.0,238.0,28.0,238.5,10.0,239.5,30.0,242.0,20.0,245.0,10.0,233.0,29.0,232.5,10.0,232.0,10.0,231.5,10.0,231.0,10.0
2023-04-27 21:07:40.5,1682600860500000000,240.0,233.5,216.0,4926.0,255.0,586215.0,238.5,10.0,239.0,10.0,239.5,20.0,240.5,10.0,242.0,10.0,234.0,10.0,233.0,11.0,232.5,10.0,232.0,10.0,231.5,10.0
2023-04-27 21:07:40.75,1682600860750000000,240.0,233.5,216.0,4926.0,255.0,586215.0,238.5,18.0,239.0,20.0,239.5,20.0,240.5,10.0,242.0,10.0,234.0,28.0,233.0,11.0,232.0,20.0,231.5,10.0,230.0,10.0
2023-04-27 21:07:41.0,1682600861000000000,240.0,233.5,216.0,4926.0,255.0,586215.0,239.0,10.0,239.5,30.0,240.5,10.0,242.0,10.0,243.0,10.0,234.0,20.0,233.0,11.0,232.5,10.0,231.5,10.0,230.0,10.0
2023-04-27 21:07:41.25,1682600861250000000,240.0,233.5,216.0,4926.0,255.0,586215.0,239.0,10.0,239.5,20.0,240.5,10.0,242.0,10.0,242.5,10.0,234.0,20.0,233.0,11.0,232.0,10.0,231.5,10.0,230.0,10.0
2023-04-27 21:07:41.5,1682600861500000000,240.0,233.5,216.0,4926.0,255.0,586215.0,239.0,10.0,239.5,10.0,240.0,10.0,240.5,10.0,242.0,10.0,234.0,20.0,233.0,11.0,232.5,10.0,231.5,10.0,230.0,10.0
2023-04-27 21:07:42.25,1682600862250000000,240.0,233.5,216.0,4926.0,255.0,586215.0,239.0,10.0,239.5,10.0,240.0,10.0,240.5,10.0,242.0,10.0,234.0,20.0,233.0,21.0,231.5,10.0,230.0,10.0,229.0,10.0
2023-04-27 21:07:42.5,1682600862500000000,240.0,233.5,216.0,4926.0,255.0,586215.0,239.0,10.0,239.5,10.0,240.0,10.0,240.5,10.0,242.0,10.0,234.0,20.0,233.0,11.0,232.5,10.0,231.5,10.0,230.0,10.0
2023-04-27 21:07:43.0,1682600863000000000,240.0,233.5,216.0,4926.0,255.0,586215.0,239.0,28.0,239.5,10.0,240.0,10.0,240.5,10.0,242.0,10.0,234.0,38.0,233.0,11.0,232.0,10.0,231.5,10.0,230.0,10.0
2023-04-27 21:07:43.25,1682600863250000000,240.0,233.5,216.0,4926.0,255.0,586215.0,239.0,28.0,239.5,10.0,240.0,10.0,240.5,10.0,242.0,10.0,234.0,38.0,233.0,11.0,232.5,10.0,231.5,10.0,230.0,10.0
2023-04-27 21:07:44.0,1682600864000000000,240.0,233.5,216.0,4926.0,255.0,586215.0,239.0,28.0,239.5,10.0,240.0,10.0,240.5,10.0,242.0,10.0,234.0,38.0,233.0,11.0,232.0,10.0,231.5,10.0,230.0,10.0
2023-04-27 21:07:44.25,1682600864250000000,240.0,233.5,216.0,4926.0,255.0,586215.0,239.0,28.0,239.5,10.0,240.0,10.0,240.5,10.0,242.0,10.0,234.0,38.0,233.0,11.0,232.5,10.0,231.5,10.0,230.0,10.0
2023-04-27 21:07:46.75,1682600866750000000,240.0,233.5,216.0,4926.0,255.0,586215.0,239.0,18.0,240.0,20.0,240.5,10.0,241.5,10.0,242.0,10.0,234.5,10.0,234.0,28.0,233.5,10.0,233.0,21.0,230.0,10.0
2023-04-27 21:07:47.0,1682600867000000000,240.0,233.5,216.0,4926.0,255.0,586215.0,240.0,38.0,240.5,10.0,241.5,10.0,242.0,10.0,243.5,20.0,234.5,28.0,234.0,10.0,233.5,10.0,233.0,11.0,232.5,10.0
2023-04-27 21:07:47.25,1682600867250000000,240.0,233.5,216.0,4926.0,255.0,586215.0,240.0,38.0,240.5,10.0,241.5,10.0,242.0,10.0,243.5,20.0,235.5,1.0,234.5,28.0,234.0,10.0,233.5,10.0,233.0,21.0
2023-04-27 21:07:47.5,1682600867500000000,240.0,233.5,216.0,4926.0,255.0,586215.0,240.0,28.0,240.5,10.0,241.0,10.0,241.5,10.0,242.0,10.0,235.5,1.0,234.5,38.0,234.0,10.0,233.0,21.0,230.0,10.0
2023-04-27 21:07:47.75,1682600867750000000,240.0,233.5,216.0,4926.0,255.0,586215.0,239.5,10.0,240.0,18.0,240.5,10.0,241.0,10.0,241.5,10.0,235.5,11.0,234.5,28.0,234.0,10.0,233.0,21.0,229.0,10.0
2023-04-27 21:07:48.0,1682600868000000000,240.0,233.5,216.0,4926.0,255.0,586215.0,239.5,28.0,240.5,20.0,241.5,10.0,242.0,10.0,243.5,20.0,235.5,29.0,234.5,10.0,234.0,10.0,233.0,21.0,229.0,10.0
2023-04-27 21:07:49.0,1682600869000000000,240.0,233.5,216.0,4926.0,255.0,586215.0,239.5,18.0,240.0,10.0,240.5,20.0,241.5,10.0,242.0,10.0,235.5,29.0,234.5,10.0,234.0,10.0,233.0,21.0,229.0,10.0
2023-04-27 21:07:49.25,1682600869250000000,240.0,233.5,216.0,4926.0,255.0,586215.0,240.0,28.0,240.5,20.0,241.5,10.0,242.0,10.0,243.5,20.0,235.5,29.0,234.5,10.0,234.0,10.0,233.0,21.0,229.0,10.0
2023-04-27 21:07:49.5,1682600869500000000,240.0,233.5,216.0,4926.0,255.0,586215.0,240.0,28.0,240.5,10.0,241.0,10.0,241.5,10.0,242.0,10.0,235.5,29.0,234.5,10.0,234.0,10.0,233.0,21.0,229.0,10.0
2023-04-27 21:07:51.25,1682600871250000000,240.0,233.5,216.0,4926.0,255.0,586215.0,240.0,28.0,240.5,10.0,241.0,10.0,241.5,10.0,242.0,10.0,235.5,29.0,234.5,10.0,234.0,10.0,233.0,11.0,232.5,10.0
2023-04-27 21:07:52.5,1682600872500000000,240.0,233.5,216.0,4926.0,255.0,586215.0,240.0,28.0,240.5,10.0,241.0,10.0,241.5,10.0,242.0,10.0,237.0,1.0,235.5,29.0,234.5,10.0,234.0,10.0,233.0,11.0
2023-04-27 21:07:53.0,1682600873000000000,240.0,233.5,216.0,4926.0,255.0,586215.0,240.0,28.0,240.5,10.0,241.0,10.0,241.5,10.0,242.0,10.0,237.0,1.0,236.5,10.0,236.0,10.0,235.5,19.0,234.0,10.0
2023-04-27 21:07:53.25,1682600873250000000,240.0,233.5,216.0,4926.0,255.0,586215.0,240.0,28.0,240.5,10.0,241.0,10.0,241.5,10.0,242.0,10.0,237.0,1.0,236.5,28.0,236.0,10.0,235.5,1.0,234.0,10.0
2023-04-27 21:07:54.5,1682600874500000000,240.0,233.5,216.0,4926.0,255.0,586215.0,239.0,2.0,240.0,28.0,240.5,10.0,241.0,10.0,241.5,10.0,237.0,1.0,236.5,28.0,236.0,10.0,235.5,1.0,234.0,10.0
2023-04-27 21:07:55.0,1682600875000000000,240.0,237.0,216.0,4926.0,256.0,588585.0,239.0,2.0,239.5,10.0,240.0,28.0,240.5,10.0,241.5,10.0,236.5,18.0,236.0,20.0,235.5,1.0,234.0,10.0,233.0,11.0
2023-04-27 21:07:55.25,1682600875250000000,240.0,237.0,216.0,4926.0,256.0,588585.0,239.0,2.0,239.5,28.0,240.0,10.0,240.5,10.0,241.5,10.0,236.0,20.0,235.5,19.0,234.0,10.0,233.0,11.0,232.5,10.0
2023-04-27 21:07:55.5,1682600875500000000,240.0,237.0,216.0,4926.0,256.0,588585.0,239.0,2.0,239.5,28.0,240.0,10.0,240.5,10.0,241.5,10.0,236.0,10.0,235.5,19.0,235.0,10.0,234.0,10.0,233.0,11.0
2023-04-27 21:07:56.75,1682600876750000000,240.0,237.0,216.0,4926.0,256.0,588585.0,239.0,2.0,239.5,28.0,240.0,10.0,240.5,10.0,241.5,10.0,238.0,1.0,236.0,10.0,235.5,19.0,235.0,10.0,234.0,10.0
2023-04-27 21:07:57.0,1682600877000000000,240.0,238.0,216.0,4927.0,257.0,590965.0,239.0,2.0,239.5,28.0,240.0,10.0,240.5,10.0,241.5,10.0,237.0,10.0,236.0,10.0,235.5,19.0,234.0,10.0,233.0,11.0
2023-04-27 21:07:57.25,1682600877250000000,240.0,237.0,216.0,4937.0,267.0,614665.0,238.0,20.0,239.0,2.0,239.5,28.0,240.5,10.0,241.5,10.0,236.0,10.0,235.5,19.0,234.0,10.0,233.0,11.0,232.0,10.0
2023-04-27 21:07:57.5,1682600877500000000,240.0,237.0,216.0,4937.0,267.0,614665.0,238.0,20.0,239.0,20.0,239.5,10.0,240.5,10.0,241.5,10.0,236.0,10.0,235.5,19.0,234.0,10.0,233.0,11.0,232.0,10.0
2023-04-27 21:07:57.75,1682600877750000000,240.0,238.0,216.0,4943.0,273.0,628945.0,238.0,14.0,239.0,20.0,239.5,10.0,240.5,10.0,241.5,10.0,236.0,10.0,235.5,19.0,234.0,10.0,233.0,11.0,232.0,10.0
2023-04-27 21:07:58.0,1682600878000000000,240.0,238.0,216.0,4949.0,279.0,643225.0,238.0,8.0,239.0,20.0,239.5,10.0,240.5,10.0,241.5,10.0,236.0,10.0,235.5,19.0,234.0,10.0,233.0,11.0,232.0,10.0
2023-04-27 21:07:58.25,1682600878250000000,240.0,238.0,216.0,4955.0,285.0,657505.0,238.0,2.0,239.0,2.0,239.5,10.0,240.5,10.0,241.5,10.0,236.0,10.0,235.5,1.0,234.0,10.0,233.0,11.0,232.0,10.0
2023-04-27 21:07:58.5,1682600878500000000,240.0,238.0,216.0,4957.0,287.0,662265.0,239.0,2.0,239.5,28.0,240.5,10.0,241.5,10.0,242.0,10.0,236.0,10.0,235.5,19.0,234.0,10.0,233.0,11.0,232.0,10.0
2023-04-27 21:07:59.0,1682600879000000000,240.0,238.0,216.0,4957.0,287.0,662265.0,239.0,2.0,239.5,18.0,240.0,10.0,240.5,10.0,241.5,10.0,238.0,1.0,236.0,10.0,235.5,19.0,234.0,10.0,233.0,11.0
2023-04-27 21:07:59.25,1682600879250000000,240.0,238.0,216.0,4957.0,287.0,662265.0,239.0,2.0,240.0,28.0,240.5,10.0,241.5,10.0,242.0,10.0,238.0,1.0,236.0,28.0,235.5,1.0,234.0,10.0,233.0,21.0
2023-04-27 21:07:59.5,1682600879500000000,240.0,238.0,216.0,4957.0,287.0,662265.0,239.0,2.0,240.0,28.0,240.5,10.0,241.5,10.0,242.0,10.0,238.0,1.0,236.0,28.0,235.5,1.0,234.0,10.0,233.5,10.0
2023-04-27 21:07:59.75,1682600879750000000,240.0,238.0,216.0,4957.0,287.0,662265.0,239.0,2.0,239.5,10.0,240.0,18.0,240.5,10.0,241.5,10.0,238.0,1.0,237.0,10.0,236.0,18.0,235.5,1.0,234.0,10.0
2023-04-27 21:08:00.0,1682600880000000000,240.0,238.0,216.0,4957.0,287.0,662265.0,239.0,2.0,240.0,28.0,240.5,10.0,241.5,10.0,242.0,10.0,238.0,1.0,237.0,10.0,236.0,18.0,235.5,1.0,234.0,10.0
