datetime,datetime_nano,highest,last_price,lowest,open_interest,volume,amount,ask_price1,ask_volume1,ask_price2,ask_volume2,ask_price3,ask_volume3,ask_price4,ask_volume4,ask_price5,ask_volume5,bid_price1,bid_volume1,bid_price2,bid_volume2,bid_price3,bid_volume3,bid_price4,bid_volume4,bid_price5,bid_volume5
2023-04-27 20:55:00.0,1682600100000000000,,,,257.0,0.0,0.0,,0.0,,0.0,,0.0,,0.0,,0.0,,0.0,,0.0,,0.0,,0.0,,0.0
2023-04-27 21:00:14.75,1682600414750000000,,,,257.0,0.0,0.0,1854.5,1.0,,0.0,,0.0,,0.0,,0.0,751.5,1.0,,0.0,,0.0,,0.0,,0.0
2023-04-27 21:00:15.0,1682600415000000000,,,,257.0,0.0,0.0,1851.5,10.0,1854.0,10.0,1854.5,1.0,,0.0,,0.0,751.5,1.0,,0.0,,0.0,,0.0,,0.0
2023-04-27 21:00:15.25,1682600415250000000,,,,257.0,0.0,0.0,1848.5,10.0,,0.0,,0.0,,0.0,,0.0,751.5,1.0,,0.0,,0.0,,0.0,,0.0
2023-04-27 21:00:15.5,1682600415500000000,,,,257.0,0.0,0.0,1848.0,10.0,1848.5,10.0,,0.0,,0.0,,0.0,751.5,1.0,,0.0,,0.0,,0.0,,0.0
2023-04-27 21:00:15.75,1682600415750000000,,,,257.0,0.0,0.0,1845.0,10.0,1848.0,10.0,,0.0,,0.0,,0.0,751.5,1.0,,0.0,,0.0,,0.0,,0.0
2023-04-27 21:00:16.0,1682600416000000000,,,,257.0,0.0,0.0,1845.0,10.0,,0.0,,0.0,,0.0,,0.0,751.5,1.0,,0.0,,0.0,,0.0,,0.0
2023-04-27 21:00:16.25,1682600416250000000,,,,257.0,0.0,0.0,1843.5,1.0,1844.5,10.0,1845.0,10.0,,0.0,,0.0,751.5,1.0,,0.0,,0.0,,0.0,,0.0
2023-04-27 21:00:16.5,1682600416500000000,,,,257.0,0.0,0.0,1840.5,10.0,1843.5,1.0,,0.0,,0.0,,0.0,751.5,1.0,,0.0,,0.0,,0.0,,0.0
2023-04-27 21:00:16.75,1682600416750000000,,,,257.0,0.0,0.0,1840.0,10.0,1840.5,10.0,,0.0,,0.0,,0.0,751.5,1.0,,0.0,,0.0,,0.0,,0.0
2023-04-27 21:00:17.0,1682600417000000000,,,,257.0,0.0,0.0,1837.0,10.0,1840.0,10.0,,0.0,,0.0,,0.0,751.5,1.0,,0.0,,0.0,,0.0,,0.0
2023-04-27 21:00:17.25,1682600417250000000,,,,257.0,0.0,0.0,1837.0,10.0,,0.0,,0.0,,0.0,,0.0,751.5,1.0,,0.0,,0.0,,0.0,,0.0
2023-04-27 21:00:17.5,1682600417500000000,,,,257.0,0.0,0.0,1836.5,10.0,1837.0,10.0,,0.0,,0.0,,0.0,751.5,1.0,,0.0,,0.0,,0.0,,0.0
2023-04-27 21:00:17.75,1682600417750000000,,,,257.0,0.0,0.0,1833.5,10.0,1835.0,1.0,1836.5,10.0,,0.0,,0.0,751.5,1.0,,0.0,,0.0,,0.0,,0.0
2023-04-27 21:00:18.0,1682600418000000000,,,,257.0,0.0,0.0,1830.5,10.0,1835.0,1.0,,0.0,,0.0,,0.0,751.5,1.0,,0.0,,0.0,,0.0,,0.0
2023-04-27 21:00:18.25,1682600418250000000,,,,257.0,0.0,0.0,1830.0,10.0,1830.5,10.0,,0.0,,0.0,,0.0,751.5,1.0,,0.0,,0.0,,0.0,,0.0
2023-04-27 21:00:18.5,1682600418500000000,,,,257.0,0.0,0.0,1827.0,10.0,1830.0,10.0,,0.0,,0.0,,0.0,751.5,1.0,,0.0,,0.0,,0.0,,0.0
2023-04-27 21:00:18.75,1682600418750000000,,,,257.0,0.0,0.0,1825.5,1.0,1827.0,10.0,,0.0,,0.0,,0.0,751.5,1.0,,0.0,,0.0,,0.0,,0.0
2023-04-27 21:00:19.0,1682600419000000000,,,,257.0,0.0,0.0,1822.5,10.0,1825.0,10.0,1825.5,1.0,,0.0,,0.0,751.5,1.0,,0.0,,0.0,,0.0,,0.0
2023-04-27 21:00:19.25,1682600419250000000,,,,257.0,0.0,0.0,1819.5,10.0,,0.0,,0.0,,0.0,,0.0,751.5,1.0,,0.0,,0.0,,0.0,,0.0
2023-04-27 21:00:19.5,1682600419500000000,,,,257.0,0.0,0.0,1819.0,10.0,1819.5,10.0,,0.0,,0.0,,0.0,751.5,1.0,,0.0,,0.0,,0.0,,0.0
2023-04-27 21:00:19.75,1682600419750000000,,,,257.0,0.0,0.0,1816.0,10.0,1817.5,1.0,1819.0,10.0,,0.0,,0.0,751.5,1.0,,0.0,,0.0,,0.0,,0.0
2023-04-27 21:00:20.0,1682600420000000000,,,,257.0,0.0,0.0,1813.0,10.0,1817.5,1.0,,0.0,,0.0,,0.0,751.5,1.0,,0.0,,0.0,,0.0,,0.0
2023-04-27 21:00:20.25,1682600420250000000,,,,257.0,0.0,0.0,1812.5,10.0,1813.0,10.0,,0.0,,0.0,,0.0,751.5,1.0,,0.0,,0.0,,0.0,,0.0
2023-04-27 21:00:20.5,1682600420500000000,,,,257.0,0.0,0.0,1809.5,10.0,1812.5,10.0,,0.0,,0.0,,0.0,751.5,1.0,,0.0,,0.0,,0.0,,0.0
2023-04-27 21:00:20.75,1682600420750000000,,,,257.0,0.0,0.0,1808.0,1.0,1809.5,10.0,,0.0,,0.0,,0.0,751.5,1.0,,0.0,,0.0,,0.0,,0.0
2023-04-27 21:00:21.0,1682600421000000000,,,,257.0,0.0,0.0,1805.0,10.0,1807.5,10.0,1808.0,1.0,,0.0,,0.0,751.5,1.0,,0.0,,0.0,,0.0,,0.0
2023-04-27 21:00:21.25,1682600421250000000,,,,257.0,0.0,0.0,1802.0,10.0,,0.0,,0.0,,0.0,,0.0,751.5,1.0,,0.0,,0.0,,0.0,,0.0
2023-04-27 21:00:21.5,1682600421500000000,,,,257.0,0.0,0.0,1801.5,10.0,1802.0,10.0,,0.0,,0.0,,0.0,751.5,1.0,,0.0,,0.0,,0.0,,0.0
2023-04-27 21:00:21.75,1682600421750000000,,,,257.0,0.0,0.0,1798.5,10.0,1801.5,10.0,,0.0,,0.0,,0.0,751.5,1.0,,0.0,,0.0,,0.0,,0.0
2023-04-27 21:00:22.0,1682600422000000000,,,,257.0,0.0,0.0,1798.5,10.0,,0.0,,0.0,,0.0,,0.0,751.5,1.0,,0.0,,0.0,,0.0,,0.0
2023-04-27 21:00:22.25,1682600422250000000,,,,257.0,0.0,0.0,1797.0,1.0,1798.0,10.0,1798.5,10.0,,0.0,,0.0,751.5,1.0,,0.0,,0.0,,0.0,,0.0
2023-04-27 21:00:22.5,1682600422500000000,,,,257.0,0.0,0.0,1794.0,10.0,1797.0,1.0,,0.0,,0.0,,0.0,751.5,1.0,,0.0,,0.0,,0.0,,0.0
2023-04-27 21:00:22.75,1682600422750000000,,,,257.0,0.0,0.0,1793.5,10.0,1794.0,10.0,,0.0,,0.0,,0.0,751.5,1.0,,0.0,,0.0,,0.0,,0.0
2023-04-27 21:00:23.0,1682600423000000000,,,,257.0,0.0,0.0,1790.5,10.0,1793.5,10.0,,0.0,,0.0,,0.0,751.5,1.0,,0.0,,0.0,,0.0,,0.0
2023-04-27 21:00:23.25,1682600423250000000,,,,257.0,0.0,0.0,1789.0,1.0,1790.5,10.0,,0.0,,0.0,,0.0,751.5,1.0,,0.0,,0.0,,0.0,,0.0
2023-04-27 21:00:23.5,1682600423500000000,,,,257.0,0.0,0.0,1786.0,10.0,1788.5,10.0,1789.0,1.0,,0.0,,0.0,751.5,1.0,,0.0,,0.0,,0.0,,0.0
2023-04-27 21:00:23.75,1682600423750000000,,,,257.0,0.0,0.0,1783.0,10.0,,0.0,,0.0,,0.0,,0.0,751.5,1.0,,0.0,,0.0,,0.0,,0.0
2023-04-27 21:00:24.0,1682600424000000000,,,,257.0,0.0,0.0,1782.5,10.0,1783.0,10.0,,0.0,,0.0,,0.0,751.5,1.0,,0.0,,0.0,,0.0,,0.0
2023-04-27 21:00:24.25,1682600424250000000,,,,257.0,0.0,0.0,1779.5,10.0,1782.5,10.0,,0.0,,0.0,,0.0,751.5,1.0,,0.0,,0.0,,0.0,,0.0
2023-04-27 21:00:24.5,1682600424500000000,,,,257.0,0.0,0.0,1779.5,10.0,,0.0,,0.0,,0.0,,0.0,751.5,1.0,,0.0,,0.0,,0.0,,0.0
2023-04-27 21:00:24.75,1682600424750000000,,,,257.0,0.0,0.0,1778.0,1.0,1779.0,10.0,1779.5,10.0,,0.0,,0.0,751.5,1.0,,0.0,,0.0,,0.0,,0.0
2023-04-27 21:00:25.0,1682600425000000000,,,,257.0,0.0,0.0,1775.0,10.0,1778.0,1.0,,0.0,,0.0,,0.0,751.5,1.0,,0.0,,0.0,,0.0,,0.0
2023-04-27 21:00:25.25,1682600425250000000,,,,257.0,0.0,0.0,1774.5,10.0,1775.0,10.0,,0.0,,0.0,,0.0,751.5,1.0,,0.0,,0.0,,0.0,,0.0
2023-04-27 21:00:25.5,1682600425500000000,,,,257.0,0.0,0.0,1771.5,10.0,1774.5,10.0,,0.0,,0.0,,0.0,751.5,1.0,,0.0,,0.0,,0.0,,0.0
2023-04-27 21:00:25.75,1682600425750000000,,,,257.0,0.0,0.0,1770.0,1.0,1771.5,10.0,,0.0,,0.0,,0.0,751.5,1.0,,0.0,,0.0,,0.0,,0.0
2023-04-27 21:00:26.0,1682600426000000000,,,,257.0,0.0,0.0,1767.0,10.0,1769.5,10.0,1770.0,1.0,,0.0,,0.0,751.5,1.0,,0.0,,0.0,,0.0,,0.0
2023-04-27 21:00:26.25,1682600426250000000,,,,257.0,0.0,0.0,1764.0,10.0,,0.0,,0.0,,0.0,,0.0,751.5,1.0,,0.0,,0.0,,0.0,,0.0
2023-04-27 21:00:26.5,1682600426500000000,,,,257.0,0.0,0.0,1763.5,10.0,1764.0,10.0,,0.0,,0.0,,0.0,751.5,1.0,,0.0,,0.0,,0.0,,0.0
2023-04-27 21:00:26.75,1682600426750000000,,,,257.0,0.0,0.0,1760.5,10.0,1762.0,1.0,1763.5,10.0,,0.0,,0.0,751.5,1.0,,0.0,,0.0,,0.0,,0.0
2023-04-27 21:00:27.0,1682600427000000000,,,,257.0,0.0,0.0,1757.5,10.0,1762.0,1.0,,0.0,,0.0,,0.0,751.5,1.0,,0.0,,0.0,,0.0,,0.0
2023-04-27 21:00:27.25,1682600427250000000,,,,257.0,0.0,0.0,1756.0,1.0,1757.0,10.0,1757.5,10.0,,0.0,,0.0,751.5,1.0,,0.0,,0.0,,0.0,,0.0
2023-04-27 21:00:27.5,1682600427500000000,,,,257.0,0.0,0.0,1753.0,10.0,1756.0,1.0,,0.0,,0.0,,0.0,751.5,1.0,,0.0,,0.0,,0.0,,0.0
2023-04-27 21:00:27.75,1682600427750000000,,,,257.0,0.0,0.0,1752.5,10.0,1753.0,10.0,,0.0,,0.0,,0.0,751.5,1.0,,0.0,,0.0,,0.0,,0.0
2023-04-27 21:00:28.0,1682600428000000000,,,,257.0,0.0,0.0,1749.5,10.0,1752.5,10.0,,0.0,,0.0,,0.0,751.5,1.0,,0.0,,0.0,,0.0,,0.0
2023-04-27 21:00:28.25,1682600428250000000,,,,257.0,0.0,0.0,1748.0,1.0,1749.5,10.0,,0.0,,0.0,,0.0,751.5,1.0,,0.0,,0.0,,0.0,,0.0
2023-04-27 21:00:28.5,1682600428500000000,,,,257.0,0.0,0.0,1745.0,10.0,1747.5,10.0,1748.0,1.0,,0.0,,0.0,751.5,1.0,,0.0,,0.0,,0.0,,0.0
2023-04-27 21:00:28.75,1682600428750000000,,,,257.0,0.0,0.0,1742.0,10.0,,0.0,,0.0,,0.0,,0.0,751.5,1.0,,0.0,,0.0,,0.0,,0.0
2023-04-27 21:00:29.0,1682600429000000000,,,,257.0,0.0,0.0,1741.5,10.0,1742.0,10.0,,0.0,,0.0,,0.0,751.5,1.0,,0.0,,0.0,,0.0,,0.0
2023-04-27 21:00:29.25,1682600429250000000,,,,257.0,0.0,0.0,1738.5,10.0,1740.0,1.0,1741.5,10.0,,0.0,,0.0,751.5,1.0,,0.0,,0.0,,0.0,,0.0
2023-04-27 21:00:29.5,1682600429500000000,,,,257.0,0.0,0.0,1735.5,10.0,1740.0,1.0,,0.0,,0.0,,0.0,751.5,1.0,,0.0,,0.0,,0.0,,0.0
2023-04-27 21:00:29.75,1682600429750000000,,,,257.0,0.0,0.0,1735.0,10.0,1735.5,10.0,,0.0,,0.0,,0.0,751.5,1.0,,0.0,,0.0,,0.0,,0.0
2023-04-27 21:00:30.0,1682600430000000000,,,,257.0,0.0,0.0,1732.0,10.0,1735.0,10.0,,0.0,,0.0,,0.0,751.5,1.0,,0.0,,0.0,,0.0,,0.0
2023-04-27 21:00:30.25,1682600430250000000,,,,257.0,0.0,0.0,1731.5,10.0,1732.0,10.0,,0.0,,0.0,,0.0,751.5,1.0,,0.0,,0.0,,0.0,,0.0
2023-04-27 21:00:30.5,1682600430500000000,,,,257.0,0.0,0.0,1728.5,10.0,1731.5,10.0,,0.0,,0.0,,0.0,751.5,1.0,,0.0,,0.0,,0.0,,0.0
2023-04-27 21:00:30.75,1682600430750000000,,,,257.0,0.0,0.0,1728.5,10.0,,0.0,,0.0,,0.0,,0.0,751.5,1.0,,0.0,,0.0,,0.0,,0.0
2023-04-27 21:00:31.0,1682600431000000000,,,,257.0,0.0,0.0,1728.0,10.0,1728.5,10.0,,0.0,,0.0,,0.0,751.5,1.0,,0.0,,0.0,,0.0,,0.0
2023-04-27 21:00:31.25,1682600431250000000,,,,257.0,0.0,0.0,1725.0,10.0,1728.0,10.0,,0.0,,0.0,,0.0,751.5,1.0,,0.0,,0.0,,0.0,,0.0
2023-04-27 21:00:31.5,1682600431500000000,,,,257.0,0.0,0.0,1724.5,10.0,1725.0,10.0,,0.0,,0.0,,0.0,751.5,1.0,,0.0,,0.0,,0.0,,0.0
2023-04-27 21:00:31.75,1682600431750000000,,,,257.0,0.0,0.0,1721.5,10.0,1724.5,10.0,,0.0,,0.0,,0.0,751.5,1.0,,0.0,,0.0,,0.0,,0.0
2023-04-27 21:00:32.0,1682600432000000000,,,,257.0,0.0,0.0,1721.0,10.0,1721.5,10.0,,0.0,,0.0,,0.0,751.5,1.0,,0.0,,0.0,,0.0,,0.0
2023-04-27 21:00:32.25,1682600432250000000,,,,257.0,0.0,0.0,1718.0,10.0,1721.0,10.0,,0.0,,0.0,,0.0,751.5,1.0,,0.0,,0.0,,0.0,,0.0
2023-04-27 21:00:32.5,1682600432500000000,,,,257.0,0.0,0.0,1718.0,10.0,,0.0,,0.0,,0.0,,0.0,751.5,1.0,,0.0,,0.0,,0.0,,0.0
2023-04-27 21:00:32.75,1682600432750000000,,,,257.0,0.0,0.0,1717.5,10.0,1718.0,10.0,,0.0,,0.0,,0.0,751.5,1.0,,0.0,,0.0,,0.0,,0.0
2023-04-27 21:00:33.0,1682600433000000000,,,,257.0,0.0,0.0,1714.5,10.0,1717.5,10.0,,0.0,,0.0,,0.0,751.5,1.0,,0.0,,0.0,,0.0,,0.0
2023-04-27 21:00:33.25,1682600433250000000,,,,257.0,0.0,0.0,1714.5,10.0,,0.0,,0.0,,0.0,,0.0,751.5,1.0,,0.0,,0.0,,0.0,,0.0
2023-04-27 21:00:33.5,1682600433500000000,,,,257.0,0.0,0.0,1714.0,10.0,1714.5,10.0,,0.0,,0.0,,0.0,751.5,1.0,,0.0,,0.0,,0.0,,0.0
2023-04-27 21:00:33.75,1682600433750000000,,,,257.0,0.0,0.0,1711.0,10.0,1712.5,1.0,1714.0,10.0,,0.0,,0.0,751.5,1.0,,0.0,,0.0,,0.0,,0.0
2023-04-27 21:00:34.0,1682600434000000000,,,,257.0,0.0,0.0,1708.0,10.0,1712.5,1.0,,0.0,,0.0,,0.0,751.5,1.0,,0.0,,0.0,,0.0,,0.0
2023-04-27 21:00:34.25,1682600434250000000,,,,257.0,0.0,0.0,1707.5,10.0,1708.0,10.0,,0.0,,0.0,,0.0,751.5,1.0,,0.0,,0.0,,0.0,,0.0
2023-04-27 21:00:34.5,1682600434500000000,,,,257.0,0.0,0.0,1704.5,10.0,1707.5,10.0,,0.0,,0.0,,0.0,751.5,1.0,,0.0,,0.0,,0.0,,0.0
2023-04-27 21:00:34.75,1682600434750000000,,,,257.0,0.0,0.0,1703.0,1.0,1704.5,10.0,,0.0,,0.0,,0.0,751.5,1.0,,0.0,,0.0,,0.0,,0.0
2023-04-27 21:00:35.0,1682600435000000000,,,,257.0,0.0,0.0,1700.0,10.0,1702.5,10.0,1703.0,1.0,,0.0,,0.0,751.5,1.0,,0.0,,0.0,,0.0,,0.0
2023-04-27 21:00:35.25,1682600435250000000,,,,257.0,0.0,0.0,1697.0,10.0,,0.0,,0.0,,0.0,,0.0,751.5,1.0,,0.0,,0.0,,0.0,,0.0
2023-04-27 21:00:35.5,1682600435500000000,,,,257.0,0.0,0.0,1696.5,10.0,1697.0,10.0,,0.0,,0.0,,0.0,751.5,1.0,,0.0,,0.0,,0.0,,0.0
2023-04-27 21:00:35.75,1682600435750000000,,,,257.0,0.0,0.0,1693.5,10.0,1696.5,10.0,,0.0,,0.0,,0.0,751.5,1.0,,0.0,,0.0,,0.0,,0.0
2023-04-27 21:00:36.0,1682600436000000000,,,,257.0,0.0,0.0,1693.5,10.0,,0.0,,0.0,,0.0,,0.0,751.5,1.0,,0.0,,0.0,,0.0,,0.0
2023-04-27 21:00:36.25,1682600436250000000,,,,257.0,0.0,0.0,1692.0,1.0,1693.0,10.0,1693.5,10.0,,0.0,,0.0,751.5,1.0,,0.0,,0.0,,0.0,,0.0
2023-04-27 21:00:36.5,1682600436500000000,,,,257.0,0.0,0.0,1689.0,10.0,1692.0,1.0,,0.0,,0.0,,0.0,751.5,1.0,,0.0,,0.0,,0.0,,0.0
2023-04-27 21:00:36.75,1682600436750000000,,,,257.0,0.0,0.0,1688.5,10.0,1689.0,10.0,,0.0,,0.0,,0.0,751.5,1.0,,0.0,,0.0,,0.0,,0.0
2023-04-27 21:00:37.0,1682600437000000000,,,,257.0,0.0,0.0,1685.5,10.0,1688.5,10.0,,0.0,,0.0,,0.0,751.5,1.0,,0.0,,0.0,,0.0,,0.0
2023-04-27 21:00:37.25,1682600437250000000,,,,257.0,0.0,0.0,1684.0,1.0,1685.5,10.0,,0.0,,0.0,,0.0,751.5,1.0,,0.0,,0.0,,0.0,,0.0
2023-04-27 21:00:37.5,1682600437500000000,,,,257.0,0.0,0.0,1681.0,10.0,1683.5,10.0,1684.0,1.0,,0.0,,0.0,751.5,1.0,,0.0,,0.0,,0.0,,0.0
2023-04-27 21:00:37.75,1682600437750000000,,,,257.0,0.0,0.0,1678.0,10.0,,0.0,,0.0,,0.0,,0.0,751.5,1.0,,0.0,,0.0,,0.0,,0.0
2023-04-27 21:00:38.0,1682600438000000000,,,,257.0,0.0,0.0,1677.5,10.0,1678.0,10.0,,0.0,,0.0,,0.0,751.5,1.0,,0.0,,0.0,,0.0,,0.0
2023-04-27 21:00:38.25,1682600438250000000,,,,257.0,0.0,0.0,1674.5,10.0,1676.0,1.0,1677.5,10.0,,0.0,,0.0,751.5,1.0,,0.0,,0.0,,0.0,,0.0
2023-04-27 21:00:38.5,1682600438500000000,,,,257.0,0.0,0.0,1671.5,10.0,1676.0,1.0,,0.0,,0.0,,0.0,751.5,1.0,,0.0,,0.0,,0.0,,0.0
2023-04-27 21:00:38.75,1682600438750000000,,,,257.0,0.0,0.0,1671.0,10.0,1671.5,10.0,,0.0,,0.0,,0.0,751.5,1.0,,0.0,,0.0,,0.0,,0.0
2023-04-27 21:00:39.0,1682600439000000000,,,,257.0,0.0,0.0,1668.0,10.0,1671.0,10.0,,0.0,,0.0,,0.0,751.5,1.0,,0.0,,0.0,,0.0,,0.0
2023-04-27 21:00:39.25,1682600439250000000,,,,257.0,0.0,0.0,1666.5,1.0,1668.0,10.0,,0.0,,0.0,,0.0,751.5,1.0,,0.0,,0.0,,0.0,,0.0
2023-04-27 21:00:39.5,1682600439500000000,,,,257.0,0.0,0.0,1663.5,10.0,1666.0,10.0,1666.5,1.0,,0.0,,0.0,751.5,1.0,,0.0,,0.0,,0.0,,0.0
2023-04-27 21:00:39.75,1682600439750000000,,,,257.0,0.0,0.0,1660.5,10.0,,0.0,,0.0,,0.0,,0.0,751.5,1.0,,0.0,,0.0,,0.0,,0.0
2023-04-27 21:00:40.0,1682600440000000000,,,,257.0,0.0,0.0,1660.0,10.0,1660.5,10.0,,0.0,,0.0,,0.0,751.5,1.0,,0.0,,0.0,,0.0,,0.0
2023-04-27 21:00:40.25,1682600440250000000,,,,257.0,0.0,0.0,1657.0,10.0,1658.5,1.0,1660.0,10.0,,0.0,,0.0,751.5,1.0,,0.0,,0.0,,0.0,,0.0
2023-04-27 21:00:40.5,1682600440500000000,,,,257.0,0.0,0.0,1654.0,10.0,1658.5,1.0,,0.0,,0.0,,0.0,751.5,1.0,,0.0,,0.0,,0.0,,0.0
2023-04-27 21:00:40.75,1682600440750000000,,,,257.0,0.0,0.0,1653.5,10.0,1654.0,10.0,,0.0,,0.0,,0.0,751.5,1.0,,0.0,,0.0,,0.0,,0.0
2023-04-27 21:00:41.0,1682600441000000000,,,,257.0,0.0,0.0,1650.5,10.0,1653.5,10.0,,0.0,,0.0,,0.0,751.5,1.0,,0.0,,0.0,,0.0,,0.0
2023-04-27 21:00:41.25,1682600441250000000,,,,257.0,0.0,0.0,1650.5,10.0,,0.0,,0.0,,0.0,,0.0,751.5,1.0,,0.0,,0.0,,0.0,,0.0
2023-04-27 21:00:41.5,1682600441500000000,,,,257.0,0.0,0.0,1650.0,10.0,1650.5,10.0,,0.0,,0.0,,0.0,751.5,1.0,,0.0,,0.0,,0.0,,0.0
2023-04-27 21:00:41.75,1682600441750000000,,,,257.0,0.0,0.0,1647.0,10.0,1648.5,1.0,1650.0,10.0,,0.0,,0.0,751.5,1.0,,0.0,,0.0,,0.0,,0.0
2023-04-27 21:00:42.0,1682600442000000000,,,,257.0,0.0,0.0,1644.0,10.0,1648.5,1.0,,0.0,,0.0,,0.0,751.5,1.0,,0.0,,0.0,,0.0,,0.0
2023-04-27 21:00:42.25,1682600442250000000,,,,257.0,0.0,0.0,1643.5,10.0,1644.0,10.0,,0.0,,0.0,,0.0,751.5,1.0,,0.0,,0.0,,0.0,,0.0
2023-04-27 21:00:42.5,1682600442500000000,,,,257.0,0.0,0.0,1640.5,10.0,1643.5,10.0,,0.0,,0.0,,0.0,751.5,1.0,,0.0,,0.0,,0.0,,0.0
2023-04-27 21:00:42.75,1682600442750000000,,,,257.0,0.0,0.0,1639.0,1.0,1640.5,10.0,,0.0,,0.0,,0.0,751.5,1.0,,0.0,,0.0,,0.0,,0.0
2023-04-27 21:00:43.0,1682600443000000000,,,,257.0,0.0,0.0,1636.0,10.0,1638.5,10.0,1639.0,1.0,,0.0,,0.0,751.5,1.0,,0.0,,0.0,,0.0,,0.0
2023-04-27 21:00:43.25,1682600443250000000,,,,257.0,0.0,0.0,1633.0,10.0,,0.0,,0.0,,0.0,,0.0,751.5,1.0,,0.0,,0.0,,0.0,,0.0
2023-04-27 21:00:43.5,1682600443500000000,,,,257.0,0.0,0.0,1632.5,10.0,1633.0,10.0,,0.0,,0.0,,0.0,751.5,1.0,,0.0,,0.0,,0.0,,0.0
2023-04-27 21:00:43.75,1682600443750000000,,,,257.0,0.0,0.0,1629.5,10.0,1631.0,1.0,1632.5,10.0,,0.0,,0.0,751.5,1.0,,0.0,,0.0,,0.0,,0.0
2023-04-27 21:00:44.0,1682600444000000000,,,,257.0,0.0,0.0,1626.5,10.0,1631.0,1.0,,0.0,,0.0,,0.0,751.5,1.0,,0.0,,0.0,,0.0,,0.0
2023-04-27 21:00:44.25,1682600444250000000,,,,257.0,0.0,0.0,1626.0,10.0,1626.5,10.0,,0.0,,0.0,,0.0,751.5,1.0,,0.0,,0.0,,0.0,,0.0
2023-04-27 21:00:44.5,1682600444500000000,,,,257.0,0.0,0.0,1623.0,10.0,1626.0,10.0,,0.0,,0.0,,0.0,751.5,1.0,,0.0,,0.0,,0.0,,0.0
2023-04-27 21:00:44.75,1682600444750000000,,,,257.0,0.0,0.0,1623.0,10.0,,0.0,,0.0,,0.0,,0.0,751.5,1.0,,0.0,,0.0,,0.0,,0.0
2023-04-27 21:00:45.0,1682600445000000000,,,,257.0,0.0,0.0,1622.5,10.0,1623.0,10.0,,0.0,,0.0,,0.0,751.5,1.0,,0.0,,0.0,,0.0,,0.0
2023-04-27 21:00:45.25,1682600445250000000,,,,257.0,0.0,0.0,1619.5,10.0,1621.0,1.0,1622.5,10.0,,0.0,,0.0,751.5,1.0,,0.0,,0.0,,0.0,,0.0
2023-04-27 21:00:45.5,1682600445500000000,,,,257.0,0.0,0.0,1616.5,10.0,1621.0,1.0,,0.0,,0.0,,0.0,751.5,1.0,,0.0,,0.0,,0.0,,0.0
2023-04-27 21:00:45.75,1682600445750000000,,,,257.0,0.0,0.0,1616.0,10.0,1616.5,10.0,,0.0,,0.0,,0.0,751.5,1.0,,0.0,,0.0,,0.0,,0.0
2023-04-27 21:00:46.0,1682600446000000000,,,,257.0,0.0,0.0,1613.0,10.0,1616.0,10.0,,0.0,,0.0,,0.0,751.5,1.0,,0.0,,0.0,,0.0,,0.0
2023-04-27 21:00:46.25,1682600446250000000,,,,257.0,0.0,0.0,1611.5,1.0,1613.0,10.0,,0.0,,0.0,,0.0,751.5,1.0,,0.0,,0.0,,0.0,,0.0
2023-04-27 21:00:46.5,1682600446500000000,,,,257.0,0.0,0.0,1608.5,10.0,1611.0,10.0,1611.5,1.0,,0.0,,0.0,751.5,1.0,,0.0,,0.0,,0.0,,0.0
2023-04-27 21:00:46.75,1682600446750000000,,,,257.0,0.0,0.0,1605.5,10.0,1607.0,1.0,,0.0,,0.0,,0.0,751.5,1.0,,0.0,,0.0,,0.0,,0.0
2023-04-27 21:00:47.0,1682600447000000000,,,,257.0,0.0,0.0,1602.5,10.0,1605.0,10.0,1607.0,1.0,,0.0,,0.0,751.5,1.0,,0.0,,0.0,,0.0,,0.0
2023-04-27 21:00:47.25,1682600447250000000,,,,257.0,0.0,0.0,1599.5,10.0,,0.0,,0.0,,0.0,,0.0,751.5,1.0,,0.0,,0.0,,0.0,,0.0
2023-04-27 21:00:47.5,1682600447500000000,,,,257.0,0.0,0.0,1599.0,10.0,1599.5,10.0,,0.0,,0.0,,0.0,751.5,1.0,,0.0,,0.0,,0.0,,0.0
2023-04-27 21:00:47.75,1682600447750000000,,,,257.0,0.0,0.0,1596.0,10.0,1597.5,1.0,1599.0,10.0,,0.0,,0.0,751.5,1.0,,0.0,,0.0,,0.0,,0.0
2023-04-27 21:00:48.0,1682600448000000000,,,,257.0,0.0,0.0,1593.0,10.0,1597.5,1.0,,0.0,,0.0,,0.0,751.5,1.0,,0.0,,0.0,,0.0,,0.0
2023-04-27 21:00:48.25,1682600448250000000,,,,257.0,0.0,0.0,1592.5,10.0,1593.0,10.0,,0.0,,0.0,,0.0,751.5,1.0,,0.0,,0.0,,0.0,,0.0
2023-04-27 21:00:48.5,1682600448500000000,,,,257.0,0.0,0.0,1589.5,10.0,1592.5,10.0,,0.0,,0.0,,0.0,751.5,1.0,,0.0,,0.0,,0.0,,0.0
2023-04-27 21:00:48.75,1682600448750000000,,,,257.0,0.0,0.0,1588.0,1.0,1589.5,10.0,,0.0,,0.0,,0.0,751.5,1.0,,0.0,,0.0,,0.0,,0.0
2023-04-27 21:00:49.0,1682600449000000000,,,,257.0,0.0,0.0,1585.0,10.0,1587.5,10.0,1588.0,1.0,,0.0,,0.0,751.5,1.0,,0.0,,0.0,,0.0,,0.0
2023-04-27 21:00:49.25,1682600449250000000,,,,257.0,0.0,0.0,1582.0,10.0,,0.0,,0.0,,0.0,,0.0,751.5,1.0,,0.0,,0.0,,0.0,,0.0
2023-04-27 21:00:49.5,1682600449500000000,,,,257.0,0.0,0.0,1581.5,10.0,1582.0,10.0,,0.0,,0.0,,0.0,751.5,1.0,,0.0,,0.0,,0.0,,0.0
2023-04-27 21:00:49.75,1682600449750000000,,,,257.0,0.0,0.0,1578.5,10.0,1581.5,10.0,,0.0,,0.0,,0.0,751.5,1.0,,0.0,,0.0,,0.0,,0.0
2023-04-27 21:00:50.0,1682600450000000000,,,,257.0,0.0,0.0,1578.5,10.0,1580.0,1.0,,0.0,,0.0,,0.0,751.5,1.0,,0.0,,0.0,,0.0,,0.0
2023-04-27 21:00:50.25,1682600450250000000,,,,257.0,0.0,0.0,1575.5,10.0,1577.0,1.0,1578.0,10.0,,0.0,,0.0,751.5,1.0,,0.0,,0.0,,0.0,,0.0
2023-04-27 21:00:50.5,1682600450500000000,,,,257.0,0.0,0.0,1572.5,10.0,1577.0,1.0,,0.0,,0.0,,0.0,751.5,1.0,,0.0,,0.0,,0.0,,0.0
2023-04-27 21:00:50.75,1682600450750000000,,,,257.0,0.0,0.0,1572.0,10.0,1572.5,10.0,,0.0,,0.0,,0.0,751.5,1.0,,0.0,,0.0,,0.0,,0.0
2023-04-27 21:00:51.0,1682600451000000000,,,,257.0,0.0,0.0,1569.0,10.0,1572.0,10.0,,0.0,,0.0,,0.0,751.5,1.0,,0.0,,0.0,,0.0,,0.0
2023-04-27 21:00:51.25,1682600451250000000,,,,257.0,0.0,0.0,1569.0,10.0,,0.0,,0.0,,0.0,,0.0,751.5,1.0,,0.0,,0.0,,0.0,,0.0
2023-04-27 21:00:51.5,1682600451500000000,,,,257.0,0.0,0.0,1568.5,10.0,1569.0,10.0,,0.0,,0.0,,0.0,751.5,1.0,,0.0,,0.0,,0.0,,0.0
2023-04-27 21:00:51.75,1682600451750000000,,,,257.0,0.0,0.0,1565.5,10.0,1568.5,10.0,,0.0,,0.0,,0.0,751.5,1.0,,0.0,,0.0,,0.0,,0.0
2023-04-27 21:00:52.0,1682600452000000000,,,,257.0,0.0,0.0,1565.5,10.0,,0.0,,0.0,,0.0,,0.0,751.5,1.0,,0.0,,0.0,,0.0,,0.0
2023-04-27 21:00:52.25,1682600452250000000,,,,257.0,0.0,0.0,1565.0,10.0,1565.5,10.0,,0.0,,0.0,,0.0,751.5,1.0,,0.0,,0.0,,0.0,,0.0
2023-04-27 21:00:52.5,1682600452500000000,,,,257.0,0.0,0.0,1562.0,10.0,1565.0,10.0,,0.0,,0.0,,0.0,751.5,1.0,,0.0,,0.0,,0.0,,0.0
2023-04-27 21:00:52.75,1682600452750000000,,,,257.0,0.0,0.0,1562.0,10.0,,0.0,,0.0,,0.0,,0.0,751.5,1.0,,0.0,,0.0,,0.0,,0.0
2023-04-27 21:00:53.0,1682600453000000000,,,,257.0,0.0,0.0,1561.5,10.0,1562.0,10.0,,0.0,,0.0,,0.0,751.5,1.0,,0.0,,0.0,,0.0,,0.0
2023-04-27 21:00:53.25,1682600453250000000,,,,257.0,0.0,0.0,1558.5,10.0,1561.5,10.0,,0.0,,0.0,,0.0,751.5,1.0,,0.0,,0.0,,0.0,,0.0
2023-04-27 21:00:53.5,1682600453500000000,,,,257.0,0.0,0.0,1558.5,10.0,,0.0,,0.0,,0.0,,0.0,751.5,1.0,,0.0,,0.0,,0.0,,0.0
2023-04-27 21:00:53.75,1682600453750000000,,,,257.0,0.0,0.0,1557.0,1.0,1558.0,10.0,1558.5,10.0,,0.0,,0.0,751.5,1.0,,0.0,,0.0,,0.0,,0.0
2023-04-27 21:00:54.0,1682600454000000000,,,,257.0,0.0,0.0,1554.0,10.0,1557.0,1.0,,0.0,,0.0,,0.0,751.5,1.0,,0.0,,0.0,,0.0,,0.0
2023-04-27 21:00:54.25,1682600454250000000,,,,257.0,0.0,0.0,1553.5,10.0,1554.0,10.0,,0.0,,0.0,,0.0,751.5,1.0,,0.0,,0.0,,0.0,,0.0
2023-04-27 21:00:54.5,1682600454500000000,,,,257.0,0.0,0.0,1550.5,10.0,1553.5,10.0,,0.0,,0.0,,0.0,751.5,1.0,,0.0,,0.0,,0.0,,0.0
2023-04-27 21:00:54.75,1682600454750000000,,,,257.0,0.0,0.0,1549.0,1.0,1550.5,10.0,,0.0,,0.0,,0.0,751.5,1.0,,0.0,,0.0,,0.0,,0.0
2023-04-27 21:00:55.0,1682600455000000000,,,,257.0,0.0,0.0,1546.0,10.0,1548.5,10.0,1549.0,1.0,,0.0,,0.0,751.5,1.0,,0.0,,0.0,,0.0,,0.0
2023-04-27 21:00:55.25,1682600455250000000,,,,257.0,0.0,0.0,1543.0,10.0,1544.5,1.0,,0.0,,0.0,,0.0,751.5,1.0,,0.0,,0.0,,0.0,,0.0
2023-04-27 21:00:55.5,1682600455500000000,,,,257.0,0.0,0.0,1540.0,10.0,1542.5,10.0,1544.5,1.0,,0.0,,0.0,751.5,1.0,,0.0,,0.0,,0.0,,0.0
2023-04-27 21:00:55.75,1682600455750000000,,,,257.0,0.0,0.0,1537.0,10.0,,0.0,,0.0,,0.0,,0.0,751.5,1.0,,0.0,,0.0,,0.0,,0.0
2023-04-27 21:00:56.0,1682600456000000000,,,,257.0,0.0,0.0,1536.5,10.0,1537.0,10.0,,0.0,,0.0,,0.0,751.5,1.0,,0.0,,0.0,,0.0,,0.0
2023-04-27 21:00:56.25,1682600456250000000,,,,257.0,0.0,0.0,1533.5,10.0,1535.0,1.0,1536.5,10.0,,0.0,,0.0,751.5,1.0,,0.0,,0.0,,0.0,,0.0
2023-04-27 21:00:56.5,1682600456500000000,,,,257.0,0.0,0.0,1530.5,10.0,1535.0,1.0,,0.0,,0.0,,0.0,751.5,1.0,,0.0,,0.0,,0.0,,0.0
2023-04-27 21:00:56.75,1682600456750000000,,,,257.0,0.0,0.0,1530.0,10.0,1530.5,10.0,,0.0,,0.0,,0.0,751.5,1.0,,0.0,,0.0,,0.0,,0.0
2023-04-27 21:00:57.0,1682600457000000000,,,,257.0,0.0,0.0,1527.0,10.0,1530.0,10.0,,0.0,,0.0,,0.0,751.5,1.0,,0.0,,0.0,,0.0,,0.0
2023-04-27 21:00:57.25,1682600457250000000,,,,257.0,0.0,0.0,1525.5,1.0,1527.0,10.0,,0.0,,0.0,,0.0,751.5,1.0,,0.0,,0.0,,0.0,,0.0
2023-04-27 21:00:57.5,1682600457500000000,,,,257.0,0.0,0.0,1522.5,10.0,1525.0,10.0,1525.5,1.0,,0.0,,0.0,751.5,1.0,,0.0,,0.0,,0.0,,0.0
2023-04-27 21:00:57.75,1682600457750000000,,,,257.0,0.0,0.0,1519.5,10.0,,0.0,,0.0,,0.0,,0.0,751.5,1.0,,0.0,,0.0,,0.0,,0.0
2023-04-27 21:00:58.0,1682600458000000000,,,,257.0,0.0,0.0,1519.0,10.0,1519.5,10.0,,0.0,,0.0,,0.0,751.5,1.0,,0.0,,0.0,,0.0,,0.0
2023-04-27 21:00:58.25,1682600458250000000,,,,257.0,0.0,0.0,1516.0,10.0,1517.5,1.0,1519.0,10.0,,0.0,,0.0,751.5,1.0,,0.0,,0.0,,0.0,,0.0
2023-04-27 21:00:58.5,1682600458500000000,,,,257.0,0.0,0.0,1513.0,10.0,1517.5,1.0,,0.0,,0.0,,0.0,751.5,1.0,,0.0,,0.0,,0.0,,0.0
2023-04-27 21:00:58.75,1682600458750000000,,,,257.0,0.0,0.0,1512.5,10.0,1513.0,10.0,,0.0,,0.0,,0.0,751.5,1.0,,0.0,,0.0,,0.0,,0.0
2023-04-27 21:00:59.0,1682600459000000000,,,,257.0,0.0,0.0,1509.5,10.0,1512.5,10.0,,0.0,,0.0,,0.0,751.5,1.0,,0.0,,0.0,,0.0,,0.0
2023-04-27 21:00:59.25,1682600459250000000,,,,257.0,0.0,0.0,1508.0,1.0,1509.5,10.0,,0.0,,0.0,,0.0,751.5,1.0,,0.0,,0.0,,0.0,,0.0
2023-04-27 21:00:59.5,1682600459500000000,,,,257.0,0.0,0.0,1505.0,10.0,1507.5,10.0,1508.0,1.0,,0.0,,0.0,751.5,1.0,,0.0,,0.0,,0.0,,0.0
2023-04-27 21:00:59.75,1682600459750000000,,,,257.0,0.0,0.0,1502.0,10.0,1503.5,1.0,,0.0,,0.0,,0.0,751.5,1.0,,0.0,,0.0,,0.0,,0.0
2023-04-27 21:01:00.0,1682600460000000000,,,,257.0,0.0,0.0,1499.0,10.0,1501.5,10.0,1503.5,1.0,,0.0,,0.0,751.5,1.0,,0.0,,0.0,,0.0,,0.0
2023-04-27 21:01:00.25,1682600460250000000,,,,257.0,0.0,0.0,1496.0,10.0,1497.5,1.0,,0.0,,0.0,,0.0,751.5,1.0,,0.0,,0.0,,0.0,,0.0
2023-04-27 21:01:00.5,1682600460500000000,,,,257.0,0.0,0.0,1493.0,10.0,1495.5,10.0,1497.5,1.0,,0.0,,0.0,751.5,1.0,,0.0,,0.0,,0.0,,0.0
2023-04-27 21:01:00.75,1682600460750000000,,,,257.0,0.0,0.0,1490.0,10.0,,0.0,,0.0,,0.0,,0.0,751.5,1.0,,0.0,,0.0,,0.0,,0.0
2023-04-27 21:01:01.0,1682600461000000000,,,,257.0,0.0,0.0,1489.5,10.0,1490.0,10.0,,0.0,,0.0,,0.0,751.5,1.0,,0.0,,0.0,,0.0,,0.0
2023-04-27 21:01:01.25,1682600461250000000,,,,257.0,0.0,0.0,1486.5,10.0,1489.5,10.0,,0.0,,0.0,,0.0,751.5,1.0,,0.0,,0.0,,0.0,,0.0
2023-04-27 21:01:01.5,1682600461500000000,,,,257.0,0.0,0.0,1486.5,10.0,,0.0,,0.0,,0.0,,0.0,751.5,1.0,,0.0,,0.0,,0.0,,0.0
2023-04-27 21:01:01.75,1682600461750000000,,,,257.0,0.0,0.0,1486.0,10.0,1486.5,10.0,,0.0,,0.0,,0.0,751.5,1.0,,0.0,,0.0,,0.0,,0.0
2023-04-27 21:01:02.0,1682600462000000000,,,,257.0,0.0,0.0,1483.0,10.0,1486.0,10.0,,0.0,,0.0,,0.0,751.5,1.0,,0.0,,0.0,,0.0,,0.0
2023-04-27 21:01:02.25,1682600462250000000,,,,257.0,0.0,0.0,1483.0,10.0,,0.0,,0.0,,0.0,,0.0,751.5,1.0,,0.0,,0.0,,0.0,,0.0
2023-04-27 21:01:02.5,1682600462500000000,,,,257.0,0.0,0.0,1482.5,10.0,1483.0,10.0,,0.0,,0.0,,0.0,751.5,1.0,,0.0,,0.0,,0.0,,0.0
2023-04-27 21:01:02.75,1682600462750000000,,,,257.0,0.0,0.0,1479.5,10.0,1481.0,1.0,1482.5,10.0,,0.0,,0.0,751.5,1.0,,0.0,,0.0,,0.0,,0.0
2023-04-27 21:01:03.0,1682600463000000000,,,,257.0,0.0,0.0,1476.5,10.0,1481.0,1.0,,0.0,,0.0,,0.0,751.5,1.0,,0.0,,0.0,,0.0,,0.0
2023-04-27 21:01:03.25,1682600463250000000,,,,257.0,0.0,0.0,1475.0,1.0,1476.0,10.0,1476.5,10.0,,0.0,,0.0,751.5,1.0,,0.0,,0.0,,0.0,,0.0
2023-04-27 21:01:03.5,1682600463500000000,,,,257.0,0.0,0.0,1472.0,10.0,1475.0,1.0,,0.0,,0.0,,0.0,751.5,1.0,,0.0,,0.0,,0.0,,0.0
2023-04-27 21:01:03.75,1682600463750000000,,,,257.0,0.0,0.0,1471.5,10.0,1472.0,10.0,,0.0,,0.0,,0.0,751.5,1.0,,0.0,,0.0,,0.0,,0.0
2023-04-27 21:01:04.0,1682600464000000000,,,,257.0,0.0,0.0,1468.5,10.0,1471.5,10.0,,0.0,,0.0,,0.0,751.5,1.0,,0.0,,0.0,,0.0,,0.0
2023-04-27 21:01:04.25,1682600464250000000,,,,257.0,0.0,0.0,1467.0,1.0,1468.5,10.0,,0.0,,0.0,,0.0,751.5,1.0,,0.0,,0.0,,0.0,,0.0
2023-04-27 21:01:04.5,1682600464500000000,,,,257.0,0.0,0.0,1464.0,10.0,1466.5,10.0,1467.0,1.0,,0.0,,0.0,751.5,1.0,,0.0,,0.0,,0.0,,0.0
2023-04-27 21:01:04.75,1682600464750000000,,,,257.0,0.0,0.0,1461.0,10.0,,0.0,,0.0,,0.0,,0.0,751.5,1.0,,0.0,,0.0,,0.0,,0.0
2023-04-27 21:01:05.0,1682600465000000000,,,,257.0,0.0,0.0,1460.5,10.0,1461.0,10.0,,0.0,,0.0,,0.0,751.5,1.0,,0.0,,0.0,,0.0,,0.0
2023-04-27 21:01:05.25,1682600465250000000,,,,257.0,0.0,0.0,1457.5,10.0,1460.5,10.0,,0.0,,0.0,,0.0,751.5,1.0,,0.0,,0.0,,0.0,,0.0
2023-04-27 21:01:05.5,1682600465500000000,,,,257.0,0.0,0.0,1457.5,10.0,,0.0,,0.0,,0.0,,0.0,751.5,1.0,,0.0,,0.0,,0.0,,0.0
2023-04-27 21:01:05.75,1682600465750000000,,,,257.0,0.0,0.0,1457.0,10.0,1457.5,10.0,,0.0,,0.0,,0.0,751.5,1.0,,0.0,,0.0,,0.0,,0.0
2023-04-27 21:01:06.0,1682600466000000000,,,,257.0,0.0,0.0,1454.0,10.0,1456.0,1.0,1457.0,10.0,,0.0,,0.0,751.5,1.0,,0.0,,0.0,,0.0,,0.0
2023-04-27 21:01:06.25,1682600466250000000,,,,257.0,0.0,0.0,1451.0,10.0,,0.0,,0.0,,0.0,,0.0,751.5,1.0,,0.0,,0.0,,0.0,,0.0
2023-04-27 21:01:06.5,1682600466500000000,,,,257.0,0.0,0.0,1450.5,10.0,1451.0,10.0,,0.0,,0.0,,0.0,751.5,1.0,,0.0,,0.0,,0.0,,0.0
2023-04-27 21:01:06.75,1682600466750000000,,,,257.0,0.0,0.0,1447.5,10.0,1450.5,10.0,,0.0,,0.0,,0.0,751.5,1.0,,0.0,,0.0,,0.0,,0.0
2023-04-27 21:01:07.0,1682600467000000000,,,,257.0,0.0,0.0,1447.5,10.0,,0.0,,0.0,,0.0,,0.0,751.5,1.0,,0.0,,0.0,,0.0,,0.0
2023-04-27 21:01:07.25,1682600467250000000,,,,257.0,0.0,0.0,1446.0,1.0,1447.0,10.0,1447.5,10.0,,0.0,,0.0,751.5,1.0,,0.0,,0.0,,0.0,,0.0
2023-04-27 21:01:07.5,1682600467500000000,,,,257.0,0.0,0.0,1443.0,10.0,1446.0,1.0,,0.0,,0.0,,0.0,751.5,1.0,,0.0,,0.0,,0.0,,0.0
2023-04-27 21:01:07.75,1682600467750000000,,,,257.0,0.0,0.0,1441.5,1.0,1442.5,10.0,1443.0,10.0,,0.0,,0.0,751.5,1.0,,0.0,,0.0,,0.0,,0.0
2023-04-27 21:01:08.0,1682600468000000000,,,,257.0,0.0,0.0,1438.5,10.0,1441.5,1.0,,0.0,,0.0,,0.0,751.5,1.0,,0.0,,0.0,,0.0,,0.0
2023-04-27 21:01:08.25,1682600468250000000,,,,257.0,0.0,0.0,1437.0,1.0,1438.0,10.0,1438.5,10.0,,0.0,,0.0,751.5,1.0,,0.0,,0.0,,0.0,,0.0
2023-04-27 21:01:08.5,1682600468500000000,,,,257.0,0.0,0.0,1434.0,10.0,1437.0,1.0,,0.0,,0.0,,0.0,751.5,1.0,,0.0,,0.0,,0.0,,0.0
2023-04-27 21:01:08.75,1682600468750000000,,,,257.0,0.0,0.0,1433.5,10.0,1434.0,10.0,,0.0,,0.0,,0.0,751.5,1.0,,0.0,,0.0,,0.0,,0.0
2023-04-27 21:01:09.0,1682600469000000000,,,,257.0,0.0,0.0,1430.5,10.0,1433.5,10.0,,0.0,,0.0,,0.0,751.5,1.0,,0.0,,0.0,,0.0,,0.0
2023-04-27 21:01:09.25,1682600469250000000,,,,257.0,0.0,0.0,1430.5,10.0,,0.0,,0.0,,0.0,,0.0,751.5,1.0,,0.0,,0.0,,0.0,,0.0
2023-04-27 21:01:09.5,1682600469500000000,,,,257.0,0.0,0.0,1430.0,10.0,1430.5,10.0,,0.0,,0.0,,0.0,751.5,1.0,,0.0,,0.0,,0.0,,0.0
2023-04-27 21:01:09.75,1682600469750000000,,,,257.0,0.0,0.0,1427.0,10.0,1430.0,10.0,,0.0,,0.0,,0.0,751.5,1.0,,0.0,,0.0,,0.0,,0.0
2023-04-27 21:01:10.0,1682600470000000000,,,,257.0,0.0,0.0,1427.0,10.0,,0.0,,0.0,,0.0,,0.0,751.5,1.0,,0.0,,0.0,,0.0,,0.0
2023-04-27 21:01:10.25,1682600470250000000,,,,257.0,0.0,0.0,1426.5,10.0,1427.0,10.0,,0.0,,0.0,,0.0,751.5,1.0,,0.0,,0.0,,0.0,,0.0
2023-04-27 21:01:10.5,1682600470500000000,,,,257.0,0.0,0.0,1423.5,10.0,1426.5,10.0,,0.0,,0.0,,0.0,751.5,1.0,,0.0,,0.0,,0.0,,0.0
2023-04-27 21:01:10.75,1682600470750000000,,,,257.0,0.0,0.0,1423.5,10.0,,0.0,,0.0,,0.0,,0.0,751.5,1.0,,0.0,,0.0,,0.0,,0.0
2023-04-27 21:01:11.0,1682600471000000000,,,,257.0,0.0,0.0,1423.0,10.0,1423.5,10.0,,0.0,,0.0,,0.0,751.5,1.0,,0.0,,0.0,,0.0,,0.0
2023-04-27 21:01:11.25,1682600471250000000,,,,257.0,0.0,0.0,1420.0,10.0,1423.0,10.0,,0.0,,0.0,,0.0,751.5,1.0,,0.0,,0.0,,0.0,,0.0
2023-04-27 21:01:11.5,1682600471500000000,,,,257.0,0.0,0.0,1420.0,10.0,,0.0,,0.0,,0.0,,0.0,751.5,1.0,,0.0,,0.0,,0.0,,0.0
2023-04-27 21:01:11.75,1682600471750000000,,,,257.0,0.0,0.0,1419.5,10.0,1420.0,10.0,,0.0,,0.0,,0.0,751.5,1.0,,0.0,,0.0,,0.0,,0.0
2023-04-27 21:01:12.0,1682600472000000000,,,,257.0,0.0,0.0,1416.5,10.0,1419.5,10.0,,0.0,,0.0,,0.0,751.5,1.0,,0.0,,0.0,,0.0,,0.0
2023-04-27 21:01:12.25,1682600472250000000,,,,257.0,0.0,0.0,1416.5,10.0,,0.0,,0.0,,0.0,,0.0,751.5,1.0,,0.0,,0.0,,0.0,,0.0
2023-04-27 21:01:12.5,1682600472500000000,,,,257.0,0.0,0.0,1416.0,10.0,1416.5,10.0,,0.0,,0.0,,0.0,751.5,1.0,,0.0,,0.0,,0.0,,0.0
2023-04-27 21:01:12.75,1682600472750000000,,,,257.0,0.0,0.0,1413.0,10.0,1416.0,10.0,,0.0,,0.0,,0.0,751.5,1.0,,0.0,,0.0,,0.0,,0.0
2023-04-27 21:01:13.0,1682600473000000000,,,,257.0,0.0,0.0,1413.0,10.0,,0.0,,0.0,,0.0,,0.0,751.5,1.0,,0.0,,0.0,,0.0,,0.0
2023-04-27 21:01:13.25,1682600473250000000,,,,257.0,0.0,0.0,1412.5,10.0,1413.0,10.0,,0.0,,0.0,,0.0,751.5,1.0,,0.0,,0.0,,0.0,,0.0
2023-04-27 21:01:13.5,1682600473500000000,,,,257.0,0.0,0.0,1409.5,10.0,1412.5,10.0,,0.0,,0.0,,0.0,751.5,1.0,,0.0,,0.0,,0.0,,0.0
2023-04-27 21:01:13.75,1682600473750000000,,,,257.0,0.0,0.0,1409.5,10.0,,0.0,,0.0,,0.0,,0.0,751.5,1.0,,0.0,,0.0,,0.0,,0.0
2023-04-27 21:01:14.0,1682600474000000000,,,,257.0,0.0,0.0,1409.0,10.0,1409.5,10.0,,0.0,,0.0,,0.0,751.5,1.0,,0.0,,0.0,,0.0,,0.0
2023-04-27 21:01:14.25,1682600474250000000,,,,257.0,0.0,0.0,1406.0,10.0,1409.0,10.0,,0.0,,0.0,,0.0,751.5,1.0,,0.0,,0.0,,0.0,,0.0
2023-04-27 21:01:14.5,1682600474500000000,,,,257.0,0.0,0.0,1406.0,10.0,,0.0,,0.0,,0.0,,0.0,751.5,1.0,,0.0,,0.0,,0.0,,0.0
2023-04-27 21:01:14.75,1682600474750000000,,,,257.0,0.0,0.0,1405.5,10.0,1406.0,10.0,,0.0,,0.0,,0.0,751.5,1.0,,0.0,,0.0,,0.0,,0.0
2023-04-27 21:01:15.0,1682600475000000000,,,,257.0,0.0,0.0,1402.5,10.0,1405.5,10.0,,0.0,,0.0,,0.0,751.5,1.0,,0.0,,0.0,,0.0,,0.0
2023-04-27 21:01:15.25,1682600475250000000,,,,257.0,0.0,0.0,1402.5,10.0,,0.0,,0.0,,0.0,,0.0,751.5,1.0,,0.0,,0.0,,0.0,,0.0
2023-04-27 21:01:15.5,1682600475500000000,,,,257.0,0.0,0.0,1402.0,10.0,1402.5,10.0,,0.0,,0.0,,0.0,751.5,1.0,,0.0,,0.0,,0.0,,0.0
2023-04-27 21:01:15.75,1682600475750000000,,,,257.0,0.0,0.0,1399.0,10.0,1402.0,10.0,,0.0,,0.0,,0.0,751.5,1.0,,0.0,,0.0,,0.0,,0.0
2023-04-27 21:01:16.0,1682600476000000000,,,,257.0,0.0,0.0,1399.0,10.0,,0.0,,0.0,,0.0,,0.0,751.5,1.0,,0.0,,0.0,,0.0,,0.0
2023-04-27 21:01:16.25,1682600476250000000,,,,257.0,0.0,0.0,1398.5,10.0,1399.0,10.0,,0.0,,0.0,,0.0,751.5,1.0,,0.0,,0.0,,0.0,,0.0
2023-04-27 21:01:22.0,1682600482000000000,,,,257.0,0.0,0.0,1398.5,10.0,,0.0,,0.0,,0.0,,0.0,751.5,1.0,,0.0,,0.0,,0.0,,0.0
2023-04-27 21:01:28.5,1682600488500000000,,,,257.0,0.0,0.0,1398.5,20.0,,0.0,,0.0,,0.0,,0.0,751.5,1.0,,0.0,,0.0,,0.0,,0.0
2023-04-27 21:01:30.0,1682600490000000000,,,,257.0,0.0,0.0,1398.5,10.0,,0.0,,0.0,,0.0,,0.0,751.5,1.0,,0.0,,0.0,,0.0,,0.0
2023-04-27 21:01:30.5,1682600490500000000,,,,257.0,0.0,0.0,1398.5,20.0,,0.0,,0.0,,0.0,,0.0,751.5,1.0,,0.0,,0.0,,0.0,,0.0
2023-04-27 21:01:32.25,1682600492250000000,,,,257.0,0.0,0.0,1398.5,10.0,,0.0,,0.0,,0.0,,0.0,751.5,1.0,,0.0,,0.0,,0.0,,0.0
2023-04-27 21:01:32.5,1682600492500000000,,,,257.0,0.0,0.0,1398.5,20.0,,0.0,,0.0,,0.0,,0.0,751.5,1.0,,0.0,,0.0,,0.0,,0.0
2023-04-27 21:03:46.5,1682600626500000000,,,,257.0,0.0,0.0,1398.5,10.0,,0.0,,0.0,,0.0,,0.0,751.5,1.0,,0.0,,0.0,,0.0,,0.0
2023-04-27 21:04:02.25,1682600642250000000,,,,257.0,0.0,0.0,1397.5,10.0,1398.5,10.0,,0.0,,0.0,,0.0,751.5,1.0,,0.0,,0.0,,0.0,,0.0
2023-04-27 21:04:02.5,1682600642500000000,,,,257.0,0.0,0.0,1397.5,10.0,,0.0,,0.0,,0.0,,0.0,751.5,1.0,,0.0,,0.0,,0.0,,0.0
2023-04-27 21:04:02.75,1682600642750000000,,,,257.0,0.0,0.0,1397.0,10.0,1397.5,10.0,,0.0,,0.0,,0.0,751.5,1.0,,0.0,,0.0,,0.0,,0.0
2023-04-27 21:04:03.75,1682600643750000000,,,,257.0,0.0,0.0,1397.0,10.0,,0.0,,0.0,,0.0,,0.0,751.5,1.0,,0.0,,0.0,,0.0,,0.0
2023-04-27 21:04:23.5,1682600663500000000,,,,257.0,0.0,0.0,,0.0,,0.0,,0.0,,0.0,,0.0,751.5,1.0,,0.0,,0.0,,0.0,,0.0
2023-04-27 21:04:24.0,1682600664000000000,,,,257.0,0.0,0.0,1854.5,1.0,,0.0,,0.0,,0.0,,0.0,751.5,1.0,,0.0,,0.0,,0.0,,0.0
2023-04-27 21:04:24.25,1682600664250000000,,,,257.0,0.0,0.0,1851.5,10.0,1854.0,10.0,1854.5,1.0,,0.0,,0.0,751.5,1.0,,0.0,,0.0,,0.0,,0.0
2023-04-27 21:04:24.5,1682600664500000000,,,,257.0,0.0,0.0,1848.5,10.0,,0.0,,0.0,,0.0,,0.0,751.5,1.0,,0.0,,0.0,,0.0,,0.0
2023-04-27 21:04:24.75,1682600664750000000,,,,257.0,0.0,0.0,1848.0,10.0,1848.5,10.0,,0.0,,0.0,,0.0,751.5,1.0,,0.0,,0.0,,0.0,,0.0
2023-04-27 21:04:25.0,1682600665000000000,,,,257.0,0.0,0.0,1845.0,10.0,1848.0,10.0,,0.0,,0.0,,0.0,751.5,1.0,,0.0,,0.0,,0.0,,0.0
2023-04-27 21:04:25.25,1682600665250000000,,,,257.0,0.0,0.0,1845.0,10.0,,0.0,,0.0,,0.0,,0.0,751.5,1.0,,0.0,,0.0,,0.0,,0.0
2023-04-27 21:04:25.5,1682600665500000000,,,,257.0,0.0,0.0,1843.5,1.0,1844.5,10.0,1845.0,10.0,,0.0,,0.0,751.5,1.0,,0.0,,0.0,,0.0,,0.0
2023-04-27 21:04:25.75,1682600665750000000,,,,257.0,0.0,0.0,1840.5,10.0,1843.5,1.0,,0.0,,0.0,,0.0,751.5,1.0,,0.0,,0.0,,0.0,,0.0
2023-04-27 21:04:26.0,1682600666000000000,,,,257.0,0.0,0.0,1839.0,1.0,1840.0,10.0,1840.5,10.0,,0.0,,0.0,751.5,1.0,,0.0,,0.0,,0.0,,0.0
2023-04-27 21:04:26.25,1682600666250000000,,,,257.0,0.0,0.0,1836.0,10.0,1839.0,1.0,,0.0,,0.0,,0.0,751.5,1.0,,0.0,,0.0,,0.0,,0.0
2023-04-27 21:04:26.5,1682600666500000000,,,,257.0,0.0,0.0,1835.5,10.0,1836.0,10.0,,0.0,,0.0,,0.0,751.5,1.0,,0.0,,0.0,,0.0,,0.0
2023-04-27 21:04:26.75,1682600666750000000,,,,257.0,0.0,0.0,1832.5,10.0,1835.5,10.0,,0.0,,0.0,,0.0,751.5,1.0,,0.0,,0.0,,0.0,,0.0
2023-04-27 21:04:27.0,1682600667000000000,,,,257.0,0.0,0.0,1832.5,10.0,,0.0,,0.0,,0.0,,0.0,751.5,1.0,,0.0,,0.0,,0.0,,0.0
2023-04-27 21:04:27.25,1682600667250000000,,,,257.0,0.0,0.0,1832.0,10.0,1832.5,10.0,,0.0,,0.0,,0.0,751.5,1.0,,0.0,,0.0,,0.0,,0.0
2023-04-27 21:04:27.5,1682600667500000000,,,,257.0,0.0,0.0,1829.0,10.0,1832.0,10.0,,0.0,,0.0,,0.0,751.5,1.0,,0.0,,0.0,,0.0,,0.0
2023-04-27 21:04:27.75,1682600667750000000,,,,257.0,0.0,0.0,1829.0,10.0,,0.0,,0.0,,0.0,,0.0,751.5,1.0,,0.0,,0.0,,0.0,,0.0
2023-04-27 21:04:28.0,1682600668000000000,,,,257.0,0.0,0.0,1828.5,10.0,1829.0,10.0,,0.0,,0.0,,0.0,751.5,1.0,,0.0,,0.0,,0.0,,0.0
2023-04-27 21:04:28.25,1682600668250000000,,,,257.0,0.0,0.0,1825.5,10.0,1828.5,10.0,,0.0,,0.0,,0.0,751.5,1.0,,0.0,,0.0,,0.0,,0.0
2023-04-27 21:04:28.5,1682600668500000000,,,,257.0,0.0,0.0,1825.5,10.0,,0.0,,0.0,,0.0,,0.0,751.5,1.0,,0.0,,0.0,,0.0,,0.0
2023-04-27 21:04:28.75,1682600668750000000,,,,257.0,0.0,0.0,1825.0,10.0,1825.5,10.0,,0.0,,0.0,,0.0,751.5,1.0,,0.0,,0.0,,0.0,,0.0
2023-04-27 21:04:29.0,1682600669000000000,,,,257.0,0.0,0.0,1822.0,10.0,1825.0,10.0,,0.0,,0.0,,0.0,751.5,1.0,,0.0,,0.0,,0.0,,0.0
2023-04-27 21:04:29.25,1682600669250000000,,,,257.0,0.0,0.0,1822.0,10.0,,0.0,,0.0,,0.0,,0.0,751.5,1.0,,0.0,,0.0,,0.0,,0.0
2023-04-27 21:04:29.5,1682600669500000000,,,,257.0,0.0,0.0,1821.5,10.0,1822.0,10.0,,0.0,,0.0,,0.0,751.5,1.0,,0.0,,0.0,,0.0,,0.0
2023-04-27 21:04:29.75,1682600669750000000,,,,257.0,0.0,0.0,1818.5,10.0,1821.5,10.0,,0.0,,0.0,,0.0,751.5,1.0,,0.0,,0.0,,0.0,,0.0
2023-04-27 21:04:30.0,1682600670000000000,,,,257.0,0.0,0.0,1817.0,1.0,1818.5,10.0,,0.0,,0.0,,0.0,751.5,1.0,,0.0,,0.0,,0.0,,0.0
2023-04-27 21:04:30.25,1682600670250000000,,,,257.0,0.0,0.0,1814.0,10.0,1816.5,10.0,1817.0,1.0,,0.0,,0.0,751.5,1.0,,0.0,,0.0,,0.0,,0.0
2023-04-27 21:04:30.5,1682600670500000000,,,,257.0,0.0,0.0,1811.0,10.0,,0.0,,0.0,,0.0,,0.0,751.5,1.0,,0.0,,0.0,,0.0,,0.0
2023-04-27 21:04:30.75,1682600670750000000,,,,257.0,0.0,0.0,1810.5,10.0,1811.0,10.0,,0.0,,0.0,,0.0,751.5,1.0,,0.0,,0.0,,0.0,,0.0
2023-04-27 21:04:31.0,1682600671000000000,,,,257.0,0.0,0.0,1807.5,10.0,1810.5,10.0,,0.0,,0.0,,0.0,751.5,1.0,,0.0,,0.0,,0.0,,0.0
2023-04-27 21:04:31.25,1682600671250000000,,,,257.0,0.0,0.0,1807.5,10.0,,0.0,,0.0,,0.0,,0.0,751.5,1.0,,0.0,,0.0,,0.0,,0.0
2023-04-27 21:04:31.5,1682600671500000000,,,,257.0,0.0,0.0,1807.0,10.0,1807.5,10.0,,0.0,,0.0,,0.0,751.5,1.0,,0.0,,0.0,,0.0,,0.0
2023-04-27 21:04:31.75,1682600671750000000,,,,257.0,0.0,0.0,1804.0,10.0,1807.0,10.0,,0.0,,0.0,,0.0,751.5,1.0,,0.0,,0.0,,0.0,,0.0
2023-04-27 21:04:32.0,1682600672000000000,,,,257.0,0.0,0.0,1804.0,10.0,,0.0,,0.0,,0.0,,0.0,751.5,1.0,,0.0,,0.0,,0.0,,0.0
2023-04-27 21:04:32.25,1682600672250000000,,,,257.0,0.0,0.0,1803.5,10.0,1804.0,10.0,,0.0,,0.0,,0.0,751.5,1.0,,0.0,,0.0,,0.0,,0.0
2023-04-27 21:04:32.5,1682600672500000000,,,,257.0,0.0,0.0,1800.5,10.0,1803.5,10.0,,0.0,,0.0,,0.0,751.5,1.0,,0.0,,0.0,,0.0,,0.0
2023-04-27 21:04:32.75,1682600672750000000,,,,257.0,0.0,0.0,1800.5,10.0,,0.0,,0.0,,0.0,,0.0,751.5,1.0,,0.0,,0.0,,0.0,,0.0
2023-04-27 21:04:33.0,1682600673000000000,,,,257.0,0.0,0.0,1800.0,10.0,1800.5,10.0,,0.0,,0.0,,0.0,751.5,1.0,,0.0,,0.0,,0.0,,0.0
2023-04-27 21:04:33.25,1682600673250000000,,,,257.0,0.0,0.0,1797.0,10.0,1800.0,10.0,,0.0,,0.0,,0.0,751.5,1.0,,0.0,,0.0,,0.0,,0.0
2023-04-27 21:04:33.5,1682600673500000000,,,,257.0,0.0,0.0,1797.0,10.0,,0.0,,0.0,,0.0,,0.0,751.5,1.0,,0.0,,0.0,,0.0,,0.0
2023-04-27 21:04:33.75,1682600673750000000,,,,257.0,0.0,0.0,1796.5,10.0,1797.0,10.0,,0.0,,0.0,,0.0,751.5,1.0,,0.0,,0.0,,0.0,,0.0
2023-04-27 21:04:34.0,1682600674000000000,,,,257.0,0.0,0.0,1793.5,10.0,1796.5,10.0,,0.0,,0.0,,0.0,751.5,1.0,,0.0,,0.0,,0.0,,0.0
2023-04-27 21:04:34.25,1682600674250000000,,,,257.0,0.0,0.0,1793.5,10.0,,0.0,,0.0,,0.0,,0.0,751.5,1.0,,0.0,,0.0,,0.0,,0.0
2023-04-27 21:04:34.5,1682600674500000000,,,,257.0,0.0,0.0,1793.0,10.0,1793.5,10.0,,0.0,,0.0,,0.0,751.5,1.0,,0.0,,0.0,,0.0,,0.0
2023-04-27 21:04:34.75,1682600674750000000,,,,257.0,0.0,0.0,1790.0,10.0,1793.0,10.0,,0.0,,0.0,,0.0,751.5,1.0,,0.0,,0.0,,0.0,,0.0
2023-04-27 21:04:35.0,1682600675000000000,,,,257.0,0.0,0.0,1790.0,10.0,,0.0,,0.0,,0.0,,0.0,751.5,1.0,,0.0,,0.0,,0.0,,0.0
2023-04-27 21:04:35.25,1682600675250000000,,,,257.0,0.0,0.0,1789.5,10.0,1790.0,10.0,,0.0,,0.0,,0.0,751.5,1.0,,0.0,,0.0,,0.0,,0.0
2023-04-27 21:04:35.5,1682600675500000000,,,,257.0,0.0,0.0,1786.5,10.0,1789.5,10.0,,0.0,,0.0,,0.0,751.5,1.0,,0.0,,0.0,,0.0,,0.0
2023-04-27 21:04:35.75,1682600675750000000,,,,257.0,0.0,0.0,1786.5,10.0,,0.0,,0.0,,0.0,,0.0,751.5,1.0,,0.0,,0.0,,0.0,,0.0
2023-04-27 21:04:36.0,1682600676000000000,,,,257.0,0.0,0.0,1786.0,10.0,1786.5,10.0,,0.0,,0.0,,0.0,751.5,1.0,,0.0,,0.0,,0.0,,0.0
2023-04-27 21:04:36.25,1682600676250000000,,,,257.0,0.0,0.0,1783.0,10.0,1786.0,10.0,,0.0,,0.0,,0.0,751.5,1.0,,0.0,,0.0,,0.0,,0.0
2023-04-27 21:04:36.5,1682600676500000000,,,,257.0,0.0,0.0,1783.0,10.0,,0.0,,0.0,,0.0,,0.0,751.5,1.0,,0.0,,0.0,,0.0,,0.0
2023-04-27 21:04:36.75,1682600676750000000,,,,257.0,0.0,0.0,1782.5,10.0,1783.0,10.0,,0.0,,0.0,,0.0,751.5,1.0,,0.0,,0.0,,0.0,,0.0
2023-04-27 21:04:37.0,1682600677000000000,,,,257.0,0.0,0.0,1779.5,10.0,1781.0,1.0,1782.5,10.0,,0.0,,0.0,751.5,1.0,,0.0,,0.0,,0.0,,0.0
2023-04-27 21:04:37.25,1682600677250000000,,,,257.0,0.0,0.0,1776.5,10.0,1781.0,1.0,,0.0,,0.0,,0.0,751.5,1.0,,0.0,,0.0,,0.0,,0.0
2023-04-27 21:04:37.5,1682600677500000000,,,,257.0,0.0,0.0,1776.0,10.0,1776.5,10.0,,0.0,,0.0,,0.0,751.5,1.0,,0.0,,0.0,,0.0,,0.0
2023-04-27 21:04:37.75,1682600677750000000,,,,257.0,0.0,0.0,1773.0,10.0,1776.0,10.0,,0.0,,0.0,,0.0,751.5,1.0,,0.0,,0.0,,0.0,,0.0
2023-04-27 21:04:38.0,1682600678000000000,,,,257.0,0.0,0.0,1771.5,1.0,1773.0,10.0,,0.0,,0.0,,0.0,751.5,1.0,,0.0,,0.0,,0.0,,0.0
2023-04-27 21:04:38.25,1682600678250000000,,,,257.0,0.0,0.0,1768.5,10.0,1771.0,10.0,1771.5,1.0,,0.0,,0.0,751.5,1.0,,0.0,,0.0,,0.0,,0.0
2023-04-27 21:04:38.5,1682600678500000000,,,,257.0,0.0,0.0,1765.5,10.0,,0.0,,0.0,,0.0,,0.0,751.5,1.0,,0.0,,0.0,,0.0,,0.0
2023-04-27 21:04:38.75,1682600678750000000,,,,257.0,0.0,0.0,1765.0,10.0,1765.5,10.0,,0.0,,0.0,,0.0,751.5,1.0,,0.0,,0.0,,0.0,,0.0
2023-04-27 21:04:39.0,1682600679000000000,,,,257.0,0.0,0.0,1762.0,10.0,1763.5,1.0,1765.0,10.0,,0.0,,0.0,751.5,1.0,,0.0,,0.0,,0.0,,0.0
2023-04-27 21:04:39.25,1682600679250000000,,,,257.0,0.0,0.0,1759.0,10.0,1763.5,1.0,,0.0,,0.0,,0.0,751.5,1.0,,0.0,,0.0,,0.0,,0.0
2023-04-27 21:04:39.5,1682600679500000000,,,,257.0,0.0,0.0,1758.5,10.0,1759.0,10.0,,0.0,,0.0,,0.0,751.5,1.0,,0.0,,0.0,,0.0,,0.0
2023-04-27 21:04:39.75,1682600679750000000,,,,257.0,0.0,0.0,1755.5,10.0,1758.5,10.0,,0.0,,0.0,,0.0,751.5,1.0,,0.0,,0.0,,0.0,,0.0
2023-04-27 21:04:40.0,1682600680000000000,,,,257.0,0.0,0.0,1755.5,10.0,,0.0,,0.0,,0.0,,0.0,751.5,1.0,,0.0,,0.0,,0.0,,0.0
2023-04-27 21:04:40.25,1682600680250000000,,,,257.0,0.0,0.0,1755.0,10.0,1755.5,10.0,,0.0,,0.0,,0.0,751.5,1.0,,0.0,,0.0,,0.0,,0.0
2023-04-27 21:04:40.5,1682600680500000000,,,,257.0,0.0,0.0,1752.0,10.0,1753.5,1.0,1755.0,10.0,,0.0,,0.0,751.5,1.0,,0.0,,0.0,,0.0,,0.0
2023-04-27 21:04:40.75,1682600680750000000,,,,257.0,0.0,0.0,1749.0,10.0,1753.5,1.0,,0.0,,0.0,,0.0,751.5,1.0,,0.0,,0.0,,0.0,,0.0
2023-04-27 21:04:41.0,1682600681000000000,,,,257.0,0.0,0.0,1748.5,10.0,1749.0,10.0,,0.0,,0.0,,0.0,751.5,1.0,,0.0,,0.0,,0.0,,0.0
2023-04-27 21:04:41.25,1682600681250000000,,,,257.0,0.0,0.0,1745.5,10.0,1748.5,10.0,,0.0,,0.0,,0.0,751.5,1.0,,0.0,,0.0,,0.0,,0.0
2023-04-27 21:04:41.5,1682600681500000000,,,,257.0,0.0,0.0,1744.0,1.0,1745.5,10.0,,0.0,,0.0,,0.0,751.5,1.0,,0.0,,0.0,,0.0,,0.0
2023-04-27 21:04:41.75,1682600681750000000,,,,257.0,0.0,0.0,1741.0,10.0,1743.5,10.0,1744.0,1.0,,0.0,,0.0,751.5,1.0,,0.0,,0.0,,0.0,,0.0
2023-04-27 21:04:42.0,1682600682000000000,,,,257.0,0.0,0.0,1738.0,10.0,,0.0,,0.0,,0.0,,0.0,751.5,1.0,,0.0,,0.0,,0.0,,0.0
2023-04-27 21:04:42.25,1682600682250000000,,,,257.0,0.0,0.0,1737.5,10.0,1738.0,10.0,,0.0,,0.0,,0.0,751.5,1.0,,0.0,,0.0,,0.0,,0.0
2023-04-27 21:04:42.5,1682600682500000000,,,,257.0,0.0,0.0,1734.5,10.0,1737.5,10.0,,0.0,,0.0,,0.0,751.5,1.0,,0.0,,0.0,,0.0,,0.0
2023-04-27 21:04:42.75,1682600682750000000,,,,257.0,0.0,0.0,1734.5,10.0,,0.0,,0.0,,0.0,,0.0,751.5,1.0,,0.0,,0.0,,0.0,,0.0
2023-04-27 21:04:43.0,1682600683000000000,,,,257.0,0.0,0.0,1734.0,10.0,1734.5,10.0,,0.0,,0.0,,0.0,751.5,1.0,,0.0,,0.0,,0.0,,0.0
2023-04-27 21:04:43.25,1682600683250000000,,,,257.0,0.0,0.0,1731.0,10.0,1734.0,10.0,,0.0,,0.0,,0.0,751.5,1.0,,0.0,,0.0,,0.0,,0.0
2023-04-27 21:04:43.5,1682600683500000000,,,,257.0,0.0,0.0,1731.0,10.0,,0.0,,0.0,,0.0,,0.0,751.5,1.0,,0.0,,0.0,,0.0,,0.0
2023-04-27 21:04:43.75,1682600683750000000,,,,257.0,0.0,0.0,1730.5,10.0,1731.0,10.0,,0.0,,0.0,,0.0,751.5,1.0,,0.0,,0.0,,0.0,,0.0
2023-04-27 21:04:44.0,1682600684000000000,,,,257.0,0.0,0.0,1727.5,10.0,1729.0,1.0,1730.5,10.0,,0.0,,0.0,751.5,1.0,,0.0,,0.0,,0.0,,0.0
2023-04-27 21:04:44.25,1682600684250000000,,,,257.0,0.0,0.0,1724.5,10.0,1729.0,1.0,,0.0,,0.0,,0.0,751.5,1.0,,0.0,,0.0,,0.0,,0.0
2023-04-27 21:04:44.5,1682600684500000000,,,,257.0,0.0,0.0,1724.0,10.0,1724.5,10.0,,0.0,,0.0,,0.0,751.5,1.0,,0.0,,0.0,,0.0,,0.0
2023-04-27 21:04:44.75,1682600684750000000,,,,257.0,0.0,0.0,1721.0,10.0,1724.0,10.0,,0.0,,0.0,,0.0,751.5,1.0,,0.0,,0.0,,0.0,,0.0
2023-04-27 21:04:45.0,1682600685000000000,,,,257.0,0.0,0.0,1719.5,1.0,1721.0,10.0,,0.0,,0.0,,0.0,751.5,1.0,,0.0,,0.0,,0.0,,0.0
2023-04-27 21:04:45.25,1682600685250000000,,,,257.0,0.0,0.0,1716.5,10.0,1719.0,10.0,1719.5,1.0,,0.0,,0.0,751.5,1.0,,0.0,,0.0,,0.0,,0.0
2023-04-27 21:04:45.5,1682600685500000000,,,,257.0,0.0,0.0,1713.5,10.0,,0.0,,0.0,,0.0,,0.0,751.5,1.0,,0.0,,0.0,,0.0,,0.0
2023-04-27 21:04:45.75,1682600685750000000,,,,257.0,0.0,0.0,1713.0,10.0,1713.5,10.0,,0.0,,0.0,,0.0,751.5,1.0,,0.0,,0.0,,0.0,,0.0
2023-04-27 21:04:46.0,1682600686000000000,,,,257.0,0.0,0.0,1710.0,10.0,1711.5,1.0,1713.0,10.0,,0.0,,0.0,751.5,1.0,,0.0,,0.0,,0.0,,0.0
2023-04-27 21:04:46.25,1682600686250000000,,,,257.0,0.0,0.0,1707.0,10.0,1711.5,1.0,,0.0,,0.0,,0.0,751.5,1.0,,0.0,,0.0,,0.0,,0.0
2023-04-27 21:04:46.5,1682600686500000000,,,,257.0,0.0,0.0,1706.5,10.0,1707.0,10.0,,0.0,,0.0,,0.0,751.5,1.0,,0.0,,0.0,,0.0,,0.0
2023-04-27 21:04:46.75,1682600686750000000,,,,257.0,0.0,0.0,1703.5,10.0,1706.5,10.0,,0.0,,0.0,,0.0,751.5,1.0,,0.0,,0.0,,0.0,,0.0
2023-04-27 21:04:47.0,1682600687000000000,,,,257.0,0.0,0.0,1703.5,10.0,,0.0,,0.0,,0.0,,0.0,751.5,1.0,,0.0,,0.0,,0.0,,0.0
2023-04-27 21:04:47.25,1682600687250000000,,,,257.0,0.0,0.0,1703.0,10.0,1703.5,10.0,,0.0,,0.0,,0.0,751.5,1.0,,0.0,,0.0,,0.0,,0.0
2023-04-27 21:04:47.5,1682600687500000000,,,,257.0,0.0,0.0,1700.0,10.0,1703.0,10.0,,0.0,,0.0,,0.0,751.5,1.0,,0.0,,0.0,,0.0,,0.0
2023-04-27 21:04:47.75,1682600687750000000,,,,257.0,0.0,0.0,1700.0,10.0,,0.0,,0.0,,0.0,,0.0,751.5,1.0,,0.0,,0.0,,0.0,,0.0
2023-04-27 21:04:48.0,1682600688000000000,,,,257.0,0.0,0.0,1698.5,1.0,1699.5,10.0,1700.0,10.0,,0.0,,0.0,751.5,1.0,,0.0,,0.0,,0.0,,0.0
2023-04-27 21:04:48.25,1682600688250000000,,,,257.0,0.0,0.0,1695.5,10.0,1698.5,1.0,,0.0,,0.0,,0.0,751.5,1.0,,0.0,,0.0,,0.0,,0.0
2023-04-27 21:04:48.5,1682600688500000000,,,,257.0,0.0,0.0,1695.0,10.0,1695.5,10.0,,0.0,,0.0,,0.0,751.5,1.0,,0.0,,0.0,,0.0,,0.0
2023-04-27 21:04:48.75,1682600688750000000,,,,257.0,0.0,0.0,1692.0,10.0,1695.0,10.0,,0.0,,0.0,,0.0,751.5,1.0,,0.0,,0.0,,0.0,,0.0
2023-04-27 21:04:49.0,1682600689000000000,,,,257.0,0.0,0.0,1692.0,10.0,,0.0,,0.0,,0.0,,0.0,751.5,1.0,,0.0,,0.0,,0.0,,0.0
2023-04-27 21:04:49.25,1682600689250000000,,,,257.0,0.0,0.0,1691.5,10.0,1692.0,10.0,,0.0,,0.0,,0.0,751.5,1.0,,0.0,,0.0,,0.0,,0.0
2023-04-27 21:04:49.5,1682600689500000000,,,,257.0,0.0,0.0,1688.5,10.0,1690.0,1.0,1691.5,10.0,,0.0,,0.0,751.5,1.0,,0.0,,0.0,,0.0,,0.0
2023-04-27 21:04:49.75,1682600689750000000,,,,257.0,0.0,0.0,1685.5,10.0,1690.0,1.0,,0.0,,0.0,,0.0,751.5,1.0,,0.0,,0.0,,0.0,,0.0
2023-04-27 21:04:50.0,1682600690000000000,,,,257.0,0.0,0.0,1685.0,10.0,1685.5,10.0,,0.0,,0.0,,0.0,751.5,1.0,,0.0,,0.0,,0.0,,0.0
2023-04-27 21:04:50.25,1682600690250000000,,,,257.0,0.0,0.0,1682.0,10.0,1685.0,10.0,,0.0,,0.0,,0.0,751.5,1.0,,0.0,,0.0,,0.0,,0.0
2023-04-27 21:04:50.5,1682600690500000000,,,,257.0,0.0,0.0,1680.5,1.0,1682.0,10.0,,0.0,,0.0,,0.0,751.5,1.0,,0.0,,0.0,,0.0,,0.0
2023-04-27 21:04:50.75,1682600690750000000,,,,257.0,0.0,0.0,1677.5,10.0,1680.0,10.0,1680.5,1.0,,0.0,,0.0,751.5,1.0,,0.0,,0.0,,0.0,,0.0
2023-04-27 21:04:51.0,1682600691000000000,,,,257.0,0.0,0.0,1674.5,10.0,,0.0,,0.0,,0.0,,0.0,751.5,1.0,,0.0,,0.0,,0.0,,0.0
2023-04-27 21:04:51.25,1682600691250000000,,,,257.0,0.0,0.0,1674.0,10.0,1674.5,10.0,,0.0,,0.0,,0.0,751.5,1.0,,0.0,,0.0,,0.0,,0.0
2023-04-27 21:04:51.5,1682600691500000000,,,,257.0,0.0,0.0,1671.0,10.0,1672.5,1.0,1674.0,10.0,,0.0,,0.0,751.5,1.0,,0.0,,0.0,,0.0,,0.0
2023-04-27 21:04:51.75,1682600691750000000,,,,257.0,0.0,0.0,1668.0,10.0,1672.5,1.0,,0.0,,0.0,,0.0,751.5,1.0,,0.0,,0.0,,0.0,,0.0
2023-04-27 21:04:52.0,1682600692000000000,,,,257.0,0.0,0.0,1667.5,10.0,1668.0,10.0,,0.0,,0.0,,0.0,751.5,1.0,,0.0,,0.0,,0.0,,0.0
2023-04-27 21:04:52.25,1682600692250000000,,,,257.0,0.0,0.0,1664.5,10.0,1667.5,10.0,,0.0,,0.0,,0.0,751.5,1.0,,0.0,,0.0,,0.0,,0.0
2023-04-27 21:04:52.5,1682600692500000000,,,,257.0,0.0,0.0,1664.5,10.0,,0.0,,0.0,,0.0,,0.0,751.5,1.0,,0.0,,0.0,,0.0,,0.0
2023-04-27 21:04:52.75,1682600692750000000,,,,257.0,0.0,0.0,1664.0,10.0,1664.5,10.0,,0.0,,0.0,,0.0,751.5,1.0,,0.0,,0.0,,0.0,,0.0
2023-04-27 21:04:53.0,1682600693000000000,,,,257.0,0.0,0.0,1661.0,10.0,1662.5,1.0,1664.0,10.0,,0.0,,0.0,751.5,1.0,,0.0,,0.0,,0.0,,0.0
2023-04-27 21:04:53.25,1682600693250000000,,,,257.0,0.0,0.0,1658.0,10.0,1662.5,1.0,,0.0,,0.0,,0.0,751.5,1.0,,0.0,,0.0,,0.0,,0.0
2023-04-27 21:04:53.5,1682600693500000000,,,,257.0,0.0,0.0,1657.5,10.0,1658.0,10.0,,0.0,,0.0,,0.0,751.5,1.0,,0.0,,0.0,,0.0,,0.0
2023-04-27 21:04:53.75,1682600693750000000,,,,257.0,0.0,0.0,1654.5,10.0,1657.5,10.0,,0.0,,0.0,,0.0,751.5,1.0,,0.0,,0.0,,0.0,,0.0
2023-04-27 21:04:54.0,1682600694000000000,,,,257.0,0.0,0.0,1653.0,1.0,1654.5,10.0,,0.0,,0.0,,0.0,751.5,1.0,,0.0,,0.0,,0.0,,0.0
2023-04-27 21:04:54.25,1682600694250000000,,,,257.0,0.0,0.0,1650.0,10.0,1652.5,10.0,1653.0,1.0,,0.0,,0.0,751.5,1.0,,0.0,,0.0,,0.0,,0.0
2023-04-27 21:04:54.5,1682600694500000000,,,,257.0,0.0,0.0,1647.0,10.0,,0.0,,0.0,,0.0,,0.0,751.5,1.0,,0.0,,0.0,,0.0,,0.0
2023-04-27 21:04:54.75,1682600694750000000,,,,257.0,0.0,0.0,1646.5,10.0,1647.0,10.0,,0.0,,0.0,,0.0,751.5,1.0,,0.0,,0.0,,0.0,,0.0
2023-04-27 21:04:55.0,1682600695000000000,,,,257.0,0.0,0.0,1643.5,10.0,1645.0,1.0,1646.5,10.0,,0.0,,0.0,751.5,1.0,,0.0,,0.0,,0.0,,0.0
2023-04-27 21:04:55.25,1682600695250000000,,,,257.0,0.0,0.0,1640.5,10.0,1645.0,1.0,,0.0,,0.0,,0.0,751.5,1.0,,0.0,,0.0,,0.0,,0.0
2023-04-27 21:04:55.5,1682600695500000000,,,,257.0,0.0,0.0,1640.0,10.0,1640.5,10.0,,0.0,,0.0,,0.0,751.5,1.0,,0.0,,0.0,,0.0,,0.0
2023-04-27 21:04:55.75,1682600695750000000,,,,257.0,0.0,0.0,1637.0,10.0,1640.0,10.0,,0.0,,0.0,,0.0,751.5,1.0,,0.0,,0.0,,0.0,,0.0
2023-04-27 21:04:56.0,1682600696000000000,,,,257.0,0.0,0.0,1637.0,10.0,,0.0,,0.0,,0.0,,0.0,751.5,1.0,,0.0,,0.0,,0.0,,0.0
2023-04-27 21:04:56.25,1682600696250000000,,,,257.0,0.0,0.0,1636.5,10.0,1637.0,10.0,,0.0,,0.0,,0.0,751.5,1.0,,0.0,,0.0,,0.0,,0.0
2023-04-27 21:04:56.5,1682600696500000000,,,,257.0,0.0,0.0,1633.5,10.0,1635.0,1.0,1636.5,10.0,,0.0,,0.0,751.5,1.0,,0.0,,0.0,,0.0,,0.0
2023-04-27 21:04:56.75,1682600696750000000,,,,257.0,0.0,0.0,1630.5,10.0,1635.0,1.0,,0.0,,0.0,,0.0,751.5,1.0,,0.0,,0.0,,0.0,,0.0
2023-04-27 21:04:57.0,1682600697000000000,,,,257.0,0.0,0.0,1630.0,10.0,1630.5,10.0,,0.0,,0.0,,0.0,751.5,1.0,,0.0,,0.0,,0.0,,0.0
2023-04-27 21:04:57.25,1682600697250000000,,,,257.0,0.0,0.0,1627.0,10.0,1630.0,10.0,,0.0,,0.0,,0.0,751.5,1.0,,0.0,,0.0,,0.0,,0.0
2023-04-27 21:04:57.5,1682600697500000000,,,,257.0,0.0,0.0,1627.0,10.0,,0.0,,0.0,,0.0,,0.0,751.5,1.0,,0.0,,0.0,,0.0,,0.0
2023-04-27 21:04:57.75,1682600697750000000,,,,257.0,0.0,0.0,1626.5,10.0,1627.0,10.0,,0.0,,0.0,,0.0,751.5,1.0,,0.0,,0.0,,0.0,,0.0
2023-04-27 21:04:58.0,1682600698000000000,,,,257.0,0.0,0.0,1623.5,10.0,1626.5,10.0,,0.0,,0.0,,0.0,751.5,1.0,,0.0,,0.0,,0.0,,0.0
2023-04-27 21:04:58.25,1682600698250000000,,,,257.0,0.0,0.0,1623.5,10.0,,0.0,,0.0,,0.0,,0.0,751.5,1.0,,0.0,,0.0,,0.0,,0.0
2023-04-27 21:04:58.5,1682600698500000000,,,,257.0,0.0,0.0,1623.0,10.0,1623.5,10.0,,0.0,,0.0,,0.0,751.5,1.0,,0.0,,0.0,,0.0,,0.0
2023-04-27 21:04:58.75,1682600698750000000,,,,257.0,0.0,0.0,1620.0,10.0,1623.0,10.0,,0.0,,0.0,,0.0,751.5,1.0,,0.0,,0.0,,0.0,,0.0
2023-04-27 21:04:59.0,1682600699000000000,,,,257.0,0.0,0.0,1618.5,1.0,1620.0,10.0,,0.0,,0.0,,0.0,751.5,1.0,,0.0,,0.0,,0.0,,0.0
2023-04-27 21:04:59.25,1682600699250000000,,,,257.0,0.0,0.0,1615.5,10.0,1618.0,10.0,1618.5,1.0,,0.0,,0.0,751.5,1.0,,0.0,,0.0,,0.0,,0.0
2023-04-27 21:04:59.5,1682600699500000000,,,,257.0,0.0,0.0,1612.5,10.0,,0.0,,0.0,,0.0,,0.0,751.5,1.0,,0.0,,0.0,,0.0,,0.0
2023-04-27 21:04:59.75,1682600699750000000,,,,257.0,0.0,0.0,1612.0,10.0,1612.5,10.0,,0.0,,0.0,,0.0,751.5,1.0,,0.0,,0.0,,0.0,,0.0
2023-04-27 21:05:00.0,1682600700000000000,,,,257.0,0.0,0.0,1609.0,10.0,1610.5,1.0,1612.0,10.0,,0.0,,0.0,751.5,1.0,,0.0,,0.0,,0.0,,0.0
2023-04-27 21:05:00.25,1682600700250000000,,,,257.0,0.0,0.0,1606.0,10.0,1610.5,1.0,,0.0,,0.0,,0.0,751.5,1.0,,0.0,,0.0,,0.0,,0.0
2023-04-27 21:05:00.5,1682600700500000000,,,,257.0,0.0,0.0,1605.5,10.0,1606.0,10.0,,0.0,,0.0,,0.0,751.5,1.0,,0.0,,0.0,,0.0,,0.0
2023-04-27 21:05:00.75,1682600700750000000,,,,257.0,0.0,0.0,1602.5,10.0,1605.5,10.0,,0.0,,0.0,,0.0,751.5,1.0,,0.0,,0.0,,0.0,,0.0
2023-04-27 21:05:01.0,1682600701000000000,,,,257.0,0.0,0.0,1602.5,10.0,,0.0,,0.0,,0.0,,0.0,751.5,1.0,,0.0,,0.0,,0.0,,0.0
2023-04-27 21:05:01.25,1682600701250000000,,,,257.0,0.0,0.0,1602.0,10.0,1602.5,10.0,,0.0,,0.0,,0.0,751.5,1.0,,0.0,,0.0,,0.0,,0.0
2023-04-27 21:05:01.5,1682600701500000000,,,,257.0,0.0,0.0,1599.0,10.0,1602.0,10.0,,0.0,,0.0,,0.0,751.5,1.0,,0.0,,0.0,,0.0,,0.0
2023-04-27 21:05:01.75,1682600701750000000,,,,257.0,0.0,0.0,1599.0,10.0,,0.0,,0.0,,0.0,,0.0,751.5,1.0,,0.0,,0.0,,0.0,,0.0
2023-04-27 21:05:02.0,1682600702000000000,,,,257.0,0.0,0.0,1597.5,1.0,1598.5,10.0,1599.0,10.0,,0.0,,0.0,751.5,1.0,,0.0,,0.0,,0.0,,0.0
2023-04-27 21:05:02.25,1682600702250000000,,,,257.0,0.0,0.0,1594.5,10.0,1597.5,1.0,,0.0,,0.0,,0.0,751.5,1.0,,0.0,,0.0,,0.0,,0.0
2023-04-27 21:05:02.5,1682600702500000000,,,,257.0,0.0,0.0,1594.0,10.0,1594.5,10.0,,0.0,,0.0,,0.0,751.5,1.0,,0.0,,0.0,,0.0,,0.0
2023-04-27 21:05:02.75,1682600702750000000,,,,257.0,0.0,0.0,1591.0,10.0,1594.0,10.0,,0.0,,0.0,,0.0,751.5,1.0,,0.0,,0.0,,0.0,,0.0
2023-04-27 21:05:03.0,1682600703000000000,,,,257.0,0.0,0.0,1591.0,10.0,,0.0,,0.0,,0.0,,0.0,751.5,1.0,,0.0,,0.0,,0.0,,0.0
2023-04-27 21:05:03.25,1682600703250000000,,,,257.0,0.0,0.0,1590.5,10.0,1591.0,10.0,,0.0,,0.0,,0.0,751.5,1.0,,0.0,,0.0,,0.0,,0.0
2023-04-27 21:05:03.5,1682600703500000000,,,,257.0,0.0,0.0,1587.5,10.0,1590.5,10.0,,0.0,,0.0,,0.0,751.5,1.0,,0.0,,0.0,,0.0,,0.0
2023-04-27 21:05:03.75,1682600703750000000,,,,257.0,0.0,0.0,1587.5,10.0,,0.0,,0.0,,0.0,,0.0,751.5,1.0,,0.0,,0.0,,0.0,,0.0
2023-04-27 21:05:04.0,1682600704000000000,,,,257.0,0.0,0.0,1586.0,1.0,1587.0,10.0,1587.5,10.0,,0.0,,0.0,751.5,1.0,,0.0,,0.0,,0.0,,0.0
2023-04-27 21:05:04.25,1682600704250000000,,,,257.0,0.0,0.0,1583.0,10.0,1586.0,1.0,,0.0,,0.0,,0.0,751.5,1.0,,0.0,,0.0,,0.0,,0.0
2023-04-27 21:05:04.5,1682600704500000000,,,,257.0,0.0,0.0,1581.5,1.0,1582.5,10.0,1583.0,10.0,,0.0,,0.0,751.5,1.0,,0.0,,0.0,,0.0,,0.0
2023-04-27 21:05:04.75,1682600704750000000,,,,257.0,0.0,0.0,1578.5,10.0,1581.5,1.0,,0.0,,0.0,,0.0,751.5,1.0,,0.0,,0.0,,0.0,,0.0
2023-04-27 21:05:05.0,1682600705000000000,,,,257.0,0.0,0.0,1577.0,1.0,1578.0,10.0,1578.5,10.0,,0.0,,0.0,751.5,1.0,,0.0,,0.0,,0.0,,0.0
2023-04-27 21:05:05.25,1682600705250000000,,,,257.0,0.0,0.0,1574.0,10.0,1577.0,1.0,,0.0,,0.0,,0.0,751.5,1.0,,0.0,,0.0,,0.0,,0.0
2023-04-27 21:05:05.5,1682600705500000000,,,,257.0,0.0,0.0,1573.5,10.0,1574.0,10.0,,0.0,,0.0,,0.0,751.5,1.0,,0.0,,0.0,,0.0,,0.0
2023-04-27 21:05:05.75,1682600705750000000,,,,257.0,0.0,0.0,1570.5,10.0,1572.5,1.0,1573.5,10.0,,0.0,,0.0,751.5,1.0,,0.0,,0.0,,0.0,,0.0
2023-04-27 21:05:06.0,1682600706000000000,,,,257.0,0.0,0.0,1567.5,10.0,,0.0,,0.0,,0.0,,0.0,751.5,1.0,,0.0,,0.0,,0.0,,0.0
2023-04-27 21:05:06.25,1682600706250000000,,,,257.0,0.0,0.0,1567.0,10.0,1567.5,10.0,,0.0,,0.0,,0.0,751.5,1.0,,0.0,,0.0,,0.0,,0.0
2023-04-27 21:05:06.5,1682600706500000000,,,,257.0,0.0,0.0,1564.0,10.0,1567.0,10.0,,0.0,,0.0,,0.0,751.5,1.0,,0.0,,0.0,,0.0,,0.0
2023-04-27 21:05:06.75,1682600706750000000,,,,257.0,0.0,0.0,1564.0,10.0,,0.0,,0.0,,0.0,,0.0,751.5,1.0,,0.0,,0.0,,0.0,,0.0
2023-04-27 21:05:07.0,1682600707000000000,,,,257.0,0.0,0.0,1563.5,10.0,1564.0,10.0,,0.0,,0.0,,0.0,751.5,1.0,,0.0,,0.0,,0.0,,0.0
2023-04-27 21:05:07.25,1682600707250000000,,,,257.0,0.0,0.0,1560.5,10.0,1563.5,10.0,,0.0,,0.0,,0.0,751.5,1.0,,0.0,,0.0,,0.0,,0.0
2023-04-27 21:05:07.5,1682600707500000000,,,,257.0,0.0,0.0,1560.5,10.0,,0.0,,0.0,,0.0,,0.0,751.5,1.0,,0.0,,0.0,,0.0,,0.0
2023-04-27 21:05:07.75,1682600707750000000,,,,257.0,0.0,0.0,1560.0,10.0,1560.5,10.0,,0.0,,0.0,,0.0,751.5,1.0,,0.0,,0.0,,0.0,,0.0
2023-04-27 21:05:08.0,1682600708000000000,,,,257.0,0.0,0.0,1557.0,10.0,1560.0,10.0,,0.0,,0.0,,0.0,751.5,1.0,,0.0,,0.0,,0.0,,0.0
2023-04-27 21:05:08.25,1682600708250000000,,,,257.0,0.0,0.0,1557.0,10.0,,0.0,,0.0,,0.0,,0.0,751.5,1.0,,0.0,,0.0,,0.0,,0.0
2023-04-27 21:05:08.5,1682600708500000000,,,,257.0,0.0,0.0,1556.5,10.0,1557.0,10.0,,0.0,,0.0,,0.0,751.5,1.0,,0.0,,0.0,,0.0,,0.0
2023-04-27 21:05:08.75,1682600708750000000,,,,257.0,0.0,0.0,1553.5,10.0,1556.5,10.0,,0.0,,0.0,,0.0,751.5,1.0,,0.0,,0.0,,0.0,,0.0
2023-04-27 21:05:09.0,1682600709000000000,,,,257.0,0.0,0.0,1552.0,1.0,1553.5,10.0,,0.0,,0.0,,0.0,751.5,1.0,,0.0,,0.0,,0.0,,0.0
2023-04-27 21:05:09.25,1682600709250000000,,,,257.0,0.0,0.0,1549.0,10.0,1551.5,10.0,1552.0,1.0,,0.0,,0.0,751.5,1.0,,0.0,,0.0,,0.0,,0.0
2023-04-27 21:05:09.5,1682600709500000000,,,,257.0,0.0,0.0,1546.0,10.0,1552.0,1.0,,0.0,,0.0,,0.0,751.5,1.0,,0.0,,0.0,,0.0,,0.0
2023-04-27 21:05:09.75,1682600709750000000,,,,257.0,0.0,0.0,1545.5,10.0,1546.0,10.0,,0.0,,0.0,,0.0,751.5,1.0,,0.0,,0.0,,0.0,,0.0
2023-04-27 21:05:10.0,1682600710000000000,,,,257.0,0.0,0.0,1542.5,10.0,1544.0,1.0,1545.5,10.0,,0.0,,0.0,751.5,1.0,,0.0,,0.0,,0.0,,0.0
2023-04-27 21:05:10.25,1682600710250000000,,,,257.0,0.0,0.0,1539.5,10.0,1544.0,1.0,,0.0,,0.0,,0.0,751.5,1.0,,0.0,,0.0,,0.0,,0.0
2023-04-27 21:05:10.5,1682600710500000000,,,,257.0,0.0,0.0,1539.0,10.0,1539.5,10.0,,0.0,,0.0,,0.0,751.5,1.0,,0.0,,0.0,,0.0,,0.0
2023-04-27 21:05:10.75,1682600710750000000,,,,257.0,0.0,0.0,1536.0,10.0,1539.0,10.0,,0.0,,0.0,,0.0,751.5,1.0,,0.0,,0.0,,0.0,,0.0
2023-04-27 21:05:11.0,1682600711000000000,,,,257.0,0.0,0.0,1534.5,1.0,1536.0,10.0,,0.0,,0.0,,0.0,751.5,1.0,,0.0,,0.0,,0.0,,0.0
2023-04-27 21:05:11.25,1682600711250000000,,,,257.0,0.0,0.0,1531.5,10.0,1534.0,10.0,1534.5,1.0,,0.0,,0.0,751.5,1.0,,0.0,,0.0,,0.0,,0.0
2023-04-27 21:05:11.5,1682600711500000000,,,,257.0,0.0,0.0,1528.5,10.0,1530.0,1.0,,0.0,,0.0,,0.0,751.5,1.0,,0.0,,0.0,,0.0,,0.0
2023-04-27 21:05:11.75,1682600711750000000,,,,257.0,0.0,0.0,1525.5,10.0,1528.0,10.0,1530.0,1.0,,0.0,,0.0,751.5,1.0,,0.0,,0.0,,0.0,,0.0
2023-04-27 21:05:12.0,1682600712000000000,,,,257.0,0.0,0.0,1522.5,10.0,,0.0,,0.0,,0.0,,0.0,751.5,1.0,,0.0,,0.0,,0.0,,0.0
2023-04-27 21:05:12.25,1682600712250000000,,,,257.0,0.0,0.0,1522.0,10.0,1522.5,10.0,,0.0,,0.0,,0.0,751.5,1.0,,0.0,,0.0,,0.0,,0.0
2023-04-27 21:05:12.5,1682600712500000000,,,,257.0,0.0,0.0,1519.0,10.0,1522.0,10.0,,0.0,,0.0,,0.0,751.5,1.0,,0.0,,0.0,,0.0,,0.0
2023-04-27 21:05:12.75,1682600712750000000,,,,257.0,0.0,0.0,1519.0,10.0,,0.0,,0.0,,0.0,,0.0,751.5,1.0,,0.0,,0.0,,0.0,,0.0
2023-04-27 21:05:13.0,1682600713000000000,,,,257.0,0.0,0.0,1518.5,10.0,1519.0,10.0,,0.0,,0.0,,0.0,751.5,1.0,,0.0,,0.0,,0.0,,0.0
2023-04-27 21:05:13.25,1682600713250000000,,,,257.0,0.0,0.0,1515.5,10.0,1518.5,10.0,,0.0,,0.0,,0.0,751.5,1.0,,0.0,,0.0,,0.0,,0.0
2023-04-27 21:05:13.5,1682600713500000000,,,,257.0,0.0,0.0,1515.5,10.0,,0.0,,0.0,,0.0,,0.0,751.5,1.0,,0.0,,0.0,,0.0,,0.0
2023-04-27 21:05:13.75,1682600713750000000,,,,257.0,0.0,0.0,1515.0,10.0,1515.5,10.0,,0.0,,0.0,,0.0,751.5,1.0,,0.0,,0.0,,0.0,,0.0
2023-04-27 21:05:14.0,1682600714000000000,,,,257.0,0.0,0.0,1512.0,10.0,1515.0,10.0,,0.0,,0.0,,0.0,751.5,1.0,,0.0,,0.0,,0.0,,0.0
2023-04-27 21:05:14.25,1682600714250000000,,,,257.0,0.0,0.0,1512.0,10.0,,0.0,,0.0,,0.0,,0.0,751.5,1.0,,0.0,,0.0,,0.0,,0.0
2023-04-27 21:05:14.5,1682600714500000000,,,,257.0,0.0,0.0,1511.5,10.0,1512.0,10.0,,0.0,,0.0,,0.0,751.5,1.0,,0.0,,0.0,,0.0,,0.0
2023-04-27 21:05:14.75,1682600714750000000,,,,257.0,0.0,0.0,1508.5,10.0,1511.5,10.0,,0.0,,0.0,,0.0,751.5,1.0,,0.0,,0.0,,0.0,,0.0
2023-04-27 21:05:15.0,1682600715000000000,,,,257.0,0.0,0.0,1508.5,10.0,,0.0,,0.0,,0.0,,0.0,751.5,1.0,,0.0,,0.0,,0.0,,0.0
2023-04-27 21:05:15.25,1682600715250000000,,,,257.0,0.0,0.0,1508.0,10.0,1508.5,10.0,,0.0,,0.0,,0.0,751.5,1.0,,0.0,,0.0,,0.0,,0.0
2023-04-27 21:05:15.5,1682600715500000000,,,,257.0,0.0,0.0,1505.0,10.0,1506.5,1.0,1508.0,10.0,,0.0,,0.0,751.5,1.0,,0.0,,0.0,,0.0,,0.0
2023-04-27 21:05:15.75,1682600715750000000,,,,257.0,0.0,0.0,1502.0,10.0,1506.5,1.0,,0.0,,0.0,,0.0,751.5,1.0,,0.0,,0.0,,0.0,,0.0
2023-04-27 21:05:16.0,1682600716000000000,,,,257.0,0.0,0.0,1501.5,10.0,1502.0,10.0,,0.0,,0.0,,0.0,751.5,1.0,,0.0,,0.0,,0.0,,0.0
2023-04-27 21:05:16.25,1682600716250000000,,,,257.0,0.0,0.0,1498.5,10.0,1501.5,10.0,,0.0,,0.0,,0.0,751.5,1.0,,0.0,,0.0,,0.0,,0.0
2023-04-27 21:05:16.5,1682600716500000000,,,,257.0,0.0,0.0,1498.5,10.0,,0.0,,0.0,,0.0,,0.0,751.5,1.0,,0.0,,0.0,,0.0,,0.0
2023-04-27 21:05:16.75,1682600716750000000,,,,257.0,0.0,0.0,1498.0,10.0,1498.5,10.0,,0.0,,0.0,,0.0,751.5,1.0,,0.0,,0.0,,0.0,,0.0
2023-04-27 21:05:17.0,1682600717000000000,,,,257.0,0.0,0.0,1495.0,10.0,1496.5,1.0,1498.0,10.0,,0.0,,0.0,751.5,1.0,,0.0,,0.0,,0.0,,0.0
2023-04-27 21:05:17.25,1682600717250000000,,,,257.0,0.0,0.0,1492.0,10.0,1496.5,1.0,,0.0,,0.0,,0.0,751.5,1.0,,0.0,,0.0,,0.0,,0.0
2023-04-27 21:05:17.5,1682600717500000000,,,,257.0,0.0,0.0,1490.5,1.0,1491.5,10.0,1492.0,10.0,,0.0,,0.0,751.5,1.0,,0.0,,0.0,,0.0,,0.0
2023-04-27 21:05:17.75,1682600717750000000,,,,257.0,0.0,0.0,1487.5,10.0,1490.5,1.0,,0.0,,0.0,,0.0,751.5,1.0,,0.0,,0.0,,0.0,,0.0
2023-04-27 21:05:18.0,1682600718000000000,,,,257.0,0.0,0.0,1486.0,1.0,1487.0,10.0,1487.5,10.0,,0.0,,0.0,751.5,1.0,,0.0,,0.0,,0.0,,0.0
2023-04-27 21:05:18.25,1682600718250000000,,,,257.0,0.0,0.0,1483.0,10.0,1486.0,1.0,,0.0,,0.0,,0.0,751.5,1.0,,0.0,,0.0,,0.0,,0.0
2023-04-27 21:05:18.5,1682600718500000000,,,,257.0,0.0,0.0,1482.5,10.0,1483.0,10.0,,0.0,,0.0,,0.0,751.5,1.0,,0.0,,0.0,,0.0,,0.0
2023-04-27 21:05:18.75,1682600718750000000,,,,257.0,0.0,0.0,1479.5,10.0,1482.5,10.0,,0.0,,0.0,,0.0,751.5,1.0,,0.0,,0.0,,0.0,,0.0
2023-04-27 21:05:19.0,1682600719000000000,,,,257.0,0.0,0.0,1479.5,10.0,,0.0,,0.0,,0.0,,0.0,751.5,1.0,,0.0,,0.0,,0.0,,0.0
2023-04-27 21:05:19.25,1682600719250000000,,,,257.0,0.0,0.0,1479.0,10.0,1479.5,10.0,,0.0,,0.0,,0.0,751.5,1.0,,0.0,,0.0,,0.0,,0.0
2023-04-27 21:05:19.5,1682600719500000000,,,,257.0,0.0,0.0,1476.0,10.0,1479.0,10.0,,0.0,,0.0,,0.0,751.5,1.0,,0.0,,0.0,,0.0,,0.0
2023-04-27 21:05:19.75,1682600719750000000,,,,257.0,0.0,0.0,1476.0,10.0,,0.0,,0.0,,0.0,,0.0,751.5,1.0,,0.0,,0.0,,0.0,,0.0
2023-04-27 21:05:20.0,1682600720000000000,,,,257.0,0.0,0.0,1474.5,1.0,1475.5,10.0,1476.0,10.0,,0.0,,0.0,751.5,1.0,,0.0,,0.0,,0.0,,0.0
2023-04-27 21:05:20.25,1682600720250000000,,,,257.0,0.0,0.0,1471.5,10.0,1474.5,1.0,,0.0,,0.0,,0.0,751.5,1.0,,0.0,,0.0,,0.0,,0.0
2023-04-27 21:05:20.5,1682600720500000000,,,,257.0,0.0,0.0,1471.0,10.0,1471.5,10.0,,0.0,,0.0,,0.0,751.5,1.0,,0.0,,0.0,,0.0,,0.0
2023-04-27 21:05:20.75,1682600720750000000,,,,257.0,0.0,0.0,1468.0,10.0,1471.0,10.0,,0.0,,0.0,,0.0,751.5,1.0,,0.0,,0.0,,0.0,,0.0
2023-04-27 21:05:21.0,1682600721000000000,,,,257.0,0.0,0.0,1466.5,1.0,1468.0,10.0,,0.0,,0.0,,0.0,751.5,1.0,,0.0,,0.0,,0.0,,0.0
2023-04-27 21:05:21.25,1682600721250000000,,,,257.0,0.0,0.0,1463.5,10.0,1466.0,10.0,1466.5,1.0,,0.0,,0.0,751.5,1.0,,0.0,,0.0,,0.0,,0.0
2023-04-27 21:05:21.5,1682600721500000000,,,,257.0,0.0,0.0,1460.5,10.0,,0.0,,0.0,,0.0,,0.0,751.5,1.0,,0.0,,0.0,,0.0,,0.0
2023-04-27 21:05:21.75,1682600721750000000,,,,257.0,0.0,0.0,1460.0,10.0,1460.5,10.0,,0.0,,0.0,,0.0,751.5,1.0,,0.0,,0.0,,0.0,,0.0
2023-04-27 21:05:22.0,1682600722000000000,,,,257.0,0.0,0.0,1457.0,10.0,1458.5,1.0,1460.0,10.0,,0.0,,0.0,751.5,1.0,,0.0,,0.0,,0.0,,0.0
2023-04-27 21:05:22.25,1682600722250000000,,,,257.0,0.0,0.0,1454.0,10.0,1458.5,1.0,,0.0,,0.0,,0.0,751.5,1.0,,0.0,,0.0,,0.0,,0.0
2023-04-27 21:05:22.5,1682600722500000000,,,,257.0,0.0,0.0,1453.5,10.0,1454.0,10.0,,0.0,,0.0,,0.0,751.5,1.0,,0.0,,0.0,,0.0,,0.0
2023-04-27 21:05:22.75,1682600722750000000,,,,257.0,0.0,0.0,1450.5,10.0,1453.5,10.0,,0.0,,0.0,,0.0,751.5,1.0,,0.0,,0.0,,0.0,,0.0
2023-04-27 21:05:23.0,1682600723000000000,,,,257.0,0.0,0.0,1450.5,10.0,,0.0,,0.0,,0.0,,0.0,751.5,1.0,,0.0,,0.0,,0.0,,0.0
2023-04-27 21:05:23.25,1682600723250000000,,,,257.0,0.0,0.0,1450.0,10.0,1450.5,10.0,,0.0,,0.0,,0.0,751.5,1.0,,0.0,,0.0,,0.0,,0.0
2023-04-27 21:05:23.5,1682600723500000000,,,,257.0,0.0,0.0,1447.0,10.0,1448.5,1.0,1450.0,10.0,,0.0,,0.0,751.5,1.0,,0.0,,0.0,,0.0,,0.0
2023-04-27 21:05:23.75,1682600723750000000,,,,257.0,0.0,0.0,1444.0,10.0,1448.5,1.0,,0.0,,0.0,,0.0,751.5,1.0,,0.0,,0.0,,0.0,,0.0
2023-04-27 21:05:24.0,1682600724000000000,,,,257.0,0.0,0.0,1443.5,10.0,1444.0,10.0,,0.0,,0.0,,0.0,751.5,1.0,,0.0,,0.0,,0.0,,0.0
2023-04-27 21:05:24.25,1682600724250000000,,,,257.0,0.0,0.0,1440.5,10.0,1443.5,10.0,,0.0,,0.0,,0.0,751.5,1.0,,0.0,,0.0,,0.0,,0.0
2023-04-27 21:05:24.5,1682600724500000000,,,,257.0,0.0,0.0,1439.0,1.0,1440.5,10.0,,0.0,,0.0,,0.0,751.5,1.0,,0.0,,0.0,,0.0,,0.0
2023-04-27 21:05:24.75,1682600724750000000,,,,257.0,0.0,0.0,1436.0,10.0,1438.5,10.0,1439.0,1.0,,0.0,,0.0,751.5,1.0,,0.0,,0.0,,0.0,,0.0
2023-04-27 21:05:25.0,1682600725000000000,,,,257.0,0.0,0.0,1433.0,10.0,,0.0,,0.0,,0.0,,0.0,751.5,1.0,,0.0,,0.0,,0.0,,0.0
2023-04-27 21:05:25.25,1682600725250000000,,,,257.0,0.0,0.0,1432.5,10.0,1433.0,10.0,,0.0,,0.0,,0.0,751.5,1.0,,0.0,,0.0,,0.0,,0.0
2023-04-27 21:05:25.5,1682600725500000000,,,,257.0,0.0,0.0,1429.5,10.0,1432.5,10.0,,0.0,,0.0,,0.0,751.5,1.0,,0.0,,0.0,,0.0,,0.0
2023-04-27 21:05:25.75,1682600725750000000,,,,257.0,0.0,0.0,1429.5,10.0,,0.0,,0.0,,0.0,,0.0,751.5,1.0,,0.0,,0.0,,0.0,,0.0
2023-04-27 21:05:26.0,1682600726000000000,,,,257.0,0.0,0.0,1429.0,10.0,1429.5,10.0,,0.0,,0.0,,0.0,751.5,1.0,,0.0,,0.0,,0.0,,0.0
2023-04-27 21:05:26.25,1682600726250000000,,,,257.0,0.0,0.0,1426.0,10.0,1429.0,10.0,,0.0,,0.0,,0.0,751.5,1.0,,0.0,,0.0,,0.0,,0.0
2023-04-27 21:05:26.5,1682600726500000000,,,,257.0,0.0,0.0,1426.0,10.0,,0.0,,0.0,,0.0,,0.0,751.5,1.0,,0.0,,0.0,,0.0,,0.0
2023-04-27 21:05:26.75,1682600726750000000,,,,257.0,0.0,0.0,1425.5,10.0,1426.0,10.0,,0.0,,0.0,,0.0,751.5,1.0,,0.0,,0.0,,0.0,,0.0
2023-04-27 21:05:27.0,1682600727000000000,,,,257.0,0.0,0.0,1422.5,10.0,1425.5,10.0,,0.0,,0.0,,0.0,751.5,1.0,,0.0,,0.0,,0.0,,0.0
2023-04-27 21:05:27.25,1682600727250000000,,,,257.0,0.0,0.0,1422.5,10.0,,0.0,,0.0,,0.0,,0.0,751.5,1.0,,0.0,,0.0,,0.0,,0.0
2023-04-27 21:05:27.5,1682600727500000000,,,,257.0,0.0,0.0,1422.0,10.0,1422.5,10.0,,0.0,,0.0,,0.0,751.5,1.0,,0.0,,0.0,,0.0,,0.0
2023-04-27 21:05:27.75,1682600727750000000,,,,257.0,0.0,0.0,1419.0,10.0,1422.0,10.0,,0.0,,0.0,,0.0,751.5,1.0,,0.0,,0.0,,0.0,,0.0
2023-04-27 21:05:28.0,1682600728000000000,,,,257.0,0.0,0.0,1419.0,10.0,,0.0,,0.0,,0.0,,0.0,751.5,1.0,,0.0,,0.0,,0.0,,0.0
2023-04-27 21:05:28.25,1682600728250000000,,,,257.0,0.0,0.0,1418.5,10.0,1419.0,10.0,,0.0,,0.0,,0.0,751.5,1.0,,0.0,,0.0,,0.0,,0.0
2023-04-27 21:05:28.5,1682600728500000000,,,,257.0,0.0,0.0,1415.5,10.0,1418.5,10.0,,0.0,,0.0,,0.0,751.5,1.0,,0.0,,0.0,,0.0,,0.0
2023-04-27 21:05:28.75,1682600728750000000,,,,257.0,0.0,0.0,1415.5,10.0,,0.0,,0.0,,0.0,,0.0,751.5,1.0,,0.0,,0.0,,0.0,,0.0
2023-04-27 21:05:29.0,1682600729000000000,,,,257.0,0.0,0.0,1415.0,10.0,1415.5,10.0,,0.0,,0.0,,0.0,751.5,1.0,,0.0,,0.0,,0.0,,0.0
2023-04-27 21:05:29.25,1682600729250000000,,,,257.0,0.0,0.0,1412.0,10.0,1415.0,10.0,,0.0,,0.0,,0.0,751.5,1.0,,0.0,,0.0,,0.0,,0.0
2023-04-27 21:05:29.5,1682600729500000000,,,,257.0,0.0,0.0,1412.0,10.0,,0.0,,0.0,,0.0,,0.0,751.5,1.0,,0.0,,0.0,,0.0,,0.0
2023-04-27 21:05:29.75,1682600729750000000,,,,257.0,0.0,0.0,1411.5,10.0,1412.0,10.0,,0.0,,0.0,,0.0,751.5,1.0,,0.0,,0.0,,0.0,,0.0
2023-04-27 21:05:30.0,1682600730000000000,,,,257.0,0.0,0.0,1408.5,10.0,1411.5,10.0,,0.0,,0.0,,0.0,751.5,1.0,,0.0,,0.0,,0.0,,0.0
2023-04-27 21:05:30.25,1682600730250000000,,,,257.0,0.0,0.0,1408.5,10.0,,0.0,,0.0,,0.0,,0.0,751.5,1.0,,0.0,,0.0,,0.0,,0.0
2023-04-27 21:05:30.5,1682600730500000000,,,,257.0,0.0,0.0,1408.0,10.0,1408.5,10.0,,0.0,,0.0,,0.0,751.5,1.0,,0.0,,0.0,,0.0,,0.0
2023-04-27 21:05:30.75,1682600730750000000,,,,257.0,0.0,0.0,1405.0,10.0,1408.0,10.0,,0.0,,0.0,,0.0,751.5,1.0,,0.0,,0.0,,0.0,,0.0
2023-04-27 21:05:31.0,1682600731000000000,,,,257.0,0.0,0.0,1405.0,10.0,,0.0,,0.0,,0.0,,0.0,751.5,1.0,,0.0,,0.0,,0.0,,0.0
2023-04-27 21:05:31.25,1682600731250000000,,,,257.0,0.0,0.0,1404.5,10.0,1405.0,10.0,,0.0,,0.0,,0.0,751.5,1.0,,0.0,,0.0,,0.0,,0.0
2023-04-27 21:05:31.5,1682600731500000000,,,,257.0,0.0,0.0,1401.5,10.0,1404.5,10.0,,0.0,,0.0,,0.0,751.5,1.0,,0.0,,0.0,,0.0,,0.0
2023-04-27 21:05:31.75,1682600731750000000,,,,257.0,0.0,0.0,1401.5,10.0,,0.0,,0.0,,0.0,,0.0,751.5,1.0,,0.0,,0.0,,0.0,,0.0
2023-04-27 21:05:32.0,1682600732000000000,,,,257.0,0.0,0.0,1401.0,10.0,1401.5,10.0,,0.0,,0.0,,0.0,751.5,1.0,,0.0,,0.0,,0.0,,0.0
2023-04-27 21:05:32.25,1682600732250000000,,,,257.0,0.0,0.0,1398.0,10.0,1401.0,10.0,,0.0,,0.0,,0.0,751.5,1.0,,0.0,,0.0,,0.0,,0.0
2023-04-27 21:05:32.5,1682600732500000000,,,,257.0,0.0,0.0,1398.0,10.0,,0.0,,0.0,,0.0,,0.0,751.5,1.0,,0.0,,0.0,,0.0,,0.0
2023-04-27 21:05:32.75,1682600732750000000,,,,257.0,0.0,0.0,1397.5,10.0,1398.0,10.0,,0.0,,0.0,,0.0,751.5,1.0,,0.0,,0.0,,0.0,,0.0
2023-04-27 21:05:33.0,1682600733000000000,,,,257.0,0.0,0.0,1394.5,10.0,1397.5,10.0,,0.0,,0.0,,0.0,751.5,1.0,,0.0,,0.0,,0.0,,0.0
2023-04-27 21:05:33.25,1682600733250000000,,,,257.0,0.0,0.0,1394.5,10.0,,0.0,,0.0,,0.0,,0.0,751.5,1.0,,0.0,,0.0,,0.0,,0.0
2023-04-27 21:05:33.5,1682600733500000000,,,,257.0,0.0,0.0,1394.0,10.0,1394.5,10.0,,0.0,,0.0,,0.0,751.5,1.0,,0.0,,0.0,,0.0,,0.0
2023-04-27 21:05:33.75,1682600733750000000,,,,257.0,0.0,0.0,1391.0,10.0,1394.0,10.0,,0.0,,0.0,,0.0,751.5,1.0,,0.0,,0.0,,0.0,,0.0
2023-04-27 21:05:34.0,1682600734000000000,,,,257.0,0.0,0.0,1391.0,10.0,,0.0,,0.0,,0.0,,0.0,751.5,1.0,,0.0,,0.0,,0.0,,0.0
2023-04-27 21:05:34.25,1682600734250000000,,,,257.0,0.0,0.0,1390.5,10.0,1391.0,10.0,,0.0,,0.0,,0.0,751.5,1.0,,0.0,,0.0,,0.0,,0.0
2023-04-27 21:05:37.0,1682600737000000000,,,,257.0,0.0,0.0,1390.5,10.0,,0.0,,0.0,,0.0,,0.0,751.5,1.0,,0.0,,0.0,,0.0,,0.0
2023-04-27 21:05:44.0,1682600744000000000,,,,257.0,0.0,0.0,1390.5,20.0,,0.0,,0.0,,0.0,,0.0,751.5,1.0,,0.0,,0.0,,0.0,,0.0
2023-04-27 21:05:53.75,1682600753750000000,,,,257.0,0.0,0.0,1390.5,10.0,,0.0,,0.0,,0.0,,0.0,751.5,1.0,,0.0,,0.0,,0.0,,0.0
2023-04-27 21:06:36.5,1682600796500000000,,,,257.0,0.0,0.0,1390.5,20.0,,0.0,,0.0,,0.0,,0.0,751.5,1.0,,0.0,,0.0,,0.0,,0.0
2023-04-27 21:06:40.25,1682600800250000000,,,,257.0,0.0,0.0,1390.5,10.0,,0.0,,0.0,,0.0,,0.0,751.5,1.0,,0.0,,0.0,,0.0,,0.0
2023-04-27 21:07:11.25,1682600831250000000,,,,257.0,0.0,0.0,1387.5,10.0,1390.5,10.0,,0.0,,0.0,,0.0,751.5,1.0,,0.0,,0.0,,0.0,,0.0
2023-04-27 21:07:11.5,1682600831500000000,,,,257.0,0.0,0.0,1387.5,10.0,,0.0,,0.0,,0.0,,0.0,751.5,1.0,,0.0,,0.0,,0.0,,0.0
2023-04-27 21:07:46.75,1682600866750000000,,,,257.0,0.0,0.0,,0.0,,0.0,,0.0,,0.0,,0.0,751.5,1.0,,0.0,,0.0,,0.0,,0.0
2023-04-27 21:07:47.0,1682600867000000000,,,,257.0,0.0,0.0,1854.5,1.0,,0.0,,0.0,,0.0,,0.0,751.5,1.0,,0.0,,0.0,,0.0,,0.0
2023-04-27 21:07:47.25,1682600867250000000,,,,257.0,0.0,0.0,1851.5,10.0,1854.0,10.0,1854.5,1.0,,0.0,,0.0,751.5,1.0,,0.0,,0.0,,0.0,,0.0
2023-04-27 21:07:47.5,1682600867500000000,,,,257.0,0.0,0.0,1848.5,10.0,1850.0,1.0,,0.0,,0.0,,0.0,751.5,1.0,,0.0,,0.0,,0.0,,0.0
2023-04-27 21:07:47.75,1682600867750000000,,,,257.0,0.0,0.0,1845.5,10.0,1848.0,10.0,1850.0,1.0,,0.0,,0.0,751.5,1.0,,0.0,,0.0,,0.0,,0.0
2023-04-27 21:07:48.0,1682600868000000000,,,,257.0,0.0,0.0,1842.5,10.0,1844.0,1.0,,0.0,,0.0,,0.0,751.5,1.0,,0.0,,0.0,,0.0,,0.0
2023-04-27 21:07:48.25,1682600868250000000,,,,257.0,0.0,0.0,1839.5,10.0,1842.0,10.0,1844.0,1.0,,0.0,,0.0,751.5,1.0,,0.0,,0.0,,0.0,,0.0
2023-04-27 21:07:48.5,1682600868500000000,,,,257.0,0.0,0.0,1836.5,10.0,,0.0,,0.0,,0.0,,0.0,751.5,1.0,,0.0,,0.0,,0.0,,0.0
2023-04-27 21:07:48.75,1682600868750000000,,,,257.0,0.0,0.0,1836.0,10.0,1836.5,10.0,,0.0,,0.0,,0.0,751.5,1.0,,0.0,,0.0,,0.0,,0.0
2023-04-27 21:07:49.0,1682600869000000000,,,,257.0,0.0,0.0,1833.0,10.0,1834.5,1.0,1836.0,10.0,,0.0,,0.0,751.5,1.0,,0.0,,0.0,,0.0,,0.0
2023-04-27 21:07:49.25,1682600869250000000,,,,257.0,0.0,0.0,1830.0,10.0,1834.5,1.0,,0.0,,0.0,,0.0,751.5,1.0,,0.0,,0.0,,0.0,,0.0
2023-04-27 21:07:49.5,1682600869500000000,,,,257.0,0.0,0.0,1828.5,1.0,1829.5,10.0,1830.0,10.0,,0.0,,0.0,751.5,1.0,,0.0,,0.0,,0.0,,0.0
2023-04-27 21:07:49.75,1682600869750000000,,,,257.0,0.0,0.0,1825.5,10.0,1828.5,1.0,,0.0,,0.0,,0.0,751.5,1.0,,0.0,,0.0,,0.0,,0.0
2023-04-27 21:07:50.0,1682600870000000000,,,,257.0,0.0,0.0,1824.0,1.0,1825.0,10.0,1825.5,10.0,,0.0,,0.0,751.5,1.0,,0.0,,0.0,,0.0,,0.0
2023-04-27 21:07:50.25,1682600870250000000,,,,257.0,0.0,0.0,1821.0,10.0,1824.0,1.0,,0.0,,0.0,,0.0,751.5,1.0,,0.0,,0.0,,0.0,,0.0
2023-04-27 21:07:50.5,1682600870500000000,,,,257.0,0.0,0.0,1820.5,10.0,1821.0,10.0,,0.0,,0.0,,0.0,751.5,1.0,,0.0,,0.0,,0.0,,0.0
2023-04-27 21:07:50.75,1682600870750000000,,,,257.0,0.0,0.0,1817.5,10.0,1820.5,10.0,,0.0,,0.0,,0.0,751.5,1.0,,0.0,,0.0,,0.0,,0.0
2023-04-27 21:07:51.0,1682600871000000000,,,,257.0,0.0,0.0,1817.5,10.0,,0.0,,0.0,,0.0,,0.0,751.5,1.0,,0.0,,0.0,,0.0,,0.0
2023-04-27 21:07:51.25,1682600871250000000,,,,257.0,0.0,0.0,1817.0,10.0,1817.5,10.0,,0.0,,0.0,,0.0,751.5,1.0,,0.0,,0.0,,0.0,,0.0
2023-04-27 21:07:51.5,1682600871500000000,,,,257.0,0.0,0.0,1814.0,10.0,1817.0,10.0,,0.0,,0.0,,0.0,751.5,1.0,,0.0,,0.0,,0.0,,0.0
2023-04-27 21:07:51.75,1682600871750000000,,,,257.0,0.0,0.0,1814.0,10.0,,0.0,,0.0,,0.0,,0.0,751.5,1.0,,0.0,,0.0,,0.0,,0.0
2023-04-27 21:07:52.0,1682600872000000000,,,,257.0,0.0,0.0,1813.5,10.0,1814.0,10.0,,0.0,,0.0,,0.0,751.5,1.0,,0.0,,0.0,,0.0,,0.0
2023-04-27 21:07:52.25,1682600872250000000,,,,257.0,0.0,0.0,1810.5,10.0,1813.5,10.0,,0.0,,0.0,,0.0,751.5,1.0,,0.0,,0.0,,0.0,,0.0
2023-04-27 21:07:52.5,1682600872500000000,,,,257.0,0.0,0.0,1809.0,1.0,1810.5,10.0,,0.0,,0.0,,0.0,751.5,1.0,,0.0,,0.0,,0.0,,0.0
2023-04-27 21:07:52.75,1682600872750000000,,,,257.0,0.0,0.0,1806.0,10.0,1808.5,10.0,1809.0,1.0,,0.0,,0.0,751.5,1.0,,0.0,,0.0,,0.0,,0.0
2023-04-27 21:07:53.0,1682600873000000000,,,,257.0,0.0,0.0,1803.0,10.0,1804.5,1.0,,0.0,,0.0,,0.0,751.5,1.0,,0.0,,0.0,,0.0,,0.0
2023-04-27 21:07:53.25,1682600873250000000,,,,257.0,0.0,0.0,1800.0,10.0,1802.5,10.0,1804.5,1.0,,0.0,,0.0,751.5,1.0,,0.0,,0.0,,0.0,,0.0
2023-04-27 21:07:53.5,1682600873500000000,,,,257.0,0.0,0.0,1797.0,10.0,1798.5,1.0,,0.0,,0.0,,0.0,751.5,1.0,,0.0,,0.0,,0.0,,0.0
2023-04-27 21:07:53.75,1682600873750000000,,,,257.0,0.0,0.0,1794.0,10.0,1796.5,10.0,1798.5,1.0,,0.0,,0.0,751.5,1.0,,0.0,,0.0,,0.0,,0.0
2023-04-27 21:07:54.0,1682600874000000000,,,,257.0,0.0,0.0,1791.0,10.0,1792.5,1.0,,0.0,,0.0,,0.0,751.5,1.0,,0.0,,0.0,,0.0,,0.0
2023-04-27 21:07:54.25,1682600874250000000,,,,257.0,0.0,0.0,1788.0,10.0,1790.5,10.0,1792.5,1.0,,0.0,,0.0,751.5,1.0,,0.0,,0.0,,0.0,,0.0
2023-04-27 21:07:54.5,1682600874500000000,,,,257.0,0.0,0.0,1785.0,10.0,1786.5,1.0,,0.0,,0.0,,0.0,751.5,1.0,,0.0,,0.0,,0.0,,0.0
2023-04-27 21:07:54.75,1682600874750000000,,,,257.0,0.0,0.0,1782.0,10.0,1784.5,10.0,1786.5,1.0,,0.0,,0.0,751.5,1.0,,0.0,,0.0,,0.0,,0.0
2023-04-27 21:07:55.0,1682600875000000000,,,,257.0,0.0,0.0,1779.0,10.0,1780.5,1.0,,0.0,,0.0,,0.0,751.5,1.0,,0.0,,0.0,,0.0,,0.0
2023-04-27 21:07:55.25,1682600875250000000,,,,257.0,0.0,0.0,1776.0,10.0,1778.5,10.0,1780.5,1.0,,0.0,,0.0,751.5,1.0,,0.0,,0.0,,0.0,,0.0
2023-04-27 21:07:55.5,1682600875500000000,,,,257.0,0.0,0.0,1773.0,10.0,,0.0,,0.0,,0.0,,0.0,751.5,1.0,,0.0,,0.0,,0.0,,0.0
2023-04-27 21:07:55.75,1682600875750000000,,,,257.0,0.0,0.0,1772.5,10.0,1773.0,10.0,,0.0,,0.0,,0.0,751.5,1.0,,0.0,,0.0,,0.0,,0.0
2023-04-27 21:07:56.0,1682600876000000000,,,,257.0,0.0,0.0,1769.5,10.0,1772.5,10.0,,0.0,,0.0,,0.0,751.5,1.0,,0.0,,0.0,,0.0,,0.0
2023-04-27 21:07:56.25,1682600876250000000,,,,257.0,0.0,0.0,1769.5,10.0,,0.0,,0.0,,0.0,,0.0,751.5,1.0,,0.0,,0.0,,0.0,,0.0
2023-04-27 21:07:56.5,1682600876500000000,,,,257.0,0.0,0.0,1769.0,10.0,1769.5,10.0,,0.0,,0.0,,0.0,751.5,1.0,,0.0,,0.0,,0.0,,0.0
2023-04-27 21:07:56.75,1682600876750000000,,,,257.0,0.0,0.0,1766.0,10.0,1769.0,10.0,,0.0,,0.0,,0.0,751.5,1.0,,0.0,,0.0,,0.0,,0.0
2023-04-27 21:07:57.0,1682600877000000000,,,,257.0,0.0,0.0,1766.0,10.0,,0.0,,0.0,,0.0,,0.0,751.5,1.0,,0.0,,0.0,,0.0,,0.0
2023-04-27 21:07:57.25,1682600877250000000,,,,257.0,0.0,0.0,1765.5,10.0,1766.0,10.0,,0.0,,0.0,,0.0,751.5,1.0,,0.0,,0.0,,0.0,,0.0
2023-04-27 21:07:57.5,1682600877500000000,,,,257.0,0.0,0.0,1762.5,10.0,1764.0,1.0,1765.5,10.0,,0.0,,0.0,751.5,1.0,,0.0,,0.0,,0.0,,0.0
2023-04-27 21:07:57.75,1682600877750000000,,,,257.0,0.0,0.0,1759.5,10.0,1764.0,1.0,,0.0,,0.0,,0.0,751.5,1.0,,0.0,,0.0,,0.0,,0.0
2023-04-27 21:07:58.0,1682600878000000000,,,,257.0,0.0,0.0,1758.0,1.0,1759.0,10.0,1759.5,10.0,,0.0,,0.0,751.5,1.0,,0.0,,0.0,,0.0,,0.0
2023-04-27 21:07:58.25,1682600878250000000,,,,257.0,0.0,0.0,1755.0,10.0,1758.0,1.0,,0.0,,0.0,,0.0,751.5,1.0,,0.0,,0.0,,0.0,,0.0
2023-04-27 21:07:58.5,1682600878500000000,,,,257.0,0.0,0.0,1753.5,1.0,1754.5,10.0,1755.0,10.0,,0.0,,0.0,751.5,1.0,,0.0,,0.0,,0.0,,0.0
2023-04-27 21:07:58.75,1682600878750000000,,,,257.0,0.0,0.0,1750.5,10.0,1753.5,1.0,,0.0,,0.0,,0.0,751.5,1.0,,0.0,,0.0,,0.0,,0.0
2023-04-27 21:07:59.0,1682600879000000000,,,,257.0,0.0,0.0,1749.0,1.0,1750.0,10.0,1750.5,10.0,,0.0,,0.0,751.5,1.0,,0.0,,0.0,,0.0,,0.0
2023-04-27 21:07:59.25,1682600879250000000,,,,257.0,0.0,0.0,1746.0,10.0,1749.0,1.0,,0.0,,0.0,,0.0,751.5,1.0,,0.0,,0.0,,0.0,,0.0
2023-04-27 21:07:59.5,1682600879500000000,,,,257.0,0.0,0.0,1744.5,1.0,1745.5,10.0,1746.0,10.0,,0.0,,0.0,751.5,1.0,,0.0,,0.0,,0.0,,0.0
2023-04-27 21:07:59.75,1682600879750000000,,,,257.0,0.0,0.0,1741.5,10.0,1744.5,1.0,,0.0,,0.0,,0.0,751.5,1.0,,0.0,,0.0,,0.0,,0.0
2023-04-27 21:08:00.0,1682600880000000000,,,,257.0,0.0,0.0,1740.0,1.0,1741.0,10.0,1741.5,10.0,,0.0,,0.0,751.5,1.0,,0.0,,0.0,,0.0,,0.0
2023-04-27 21:08:00.25,1682600880250000000,,,,257.0,0.0,0.0,1737.0,10.0,1740.0,1.0,,0.0,,0.0,,0.0,751.5,1.0,,0.0,,0.0,,0.0,,0.0
2023-04-27 21:08:00.5,1682600880500000000,,,,257.0,0.0,0.0,1736.5,10.0,1737.0,10.0,,0.0,,0.0,,0.0,751.5,1.0,,0.0,,0.0,,0.0,,0.0
2023-04-27 21:08:00.75,1682600880750000000,,,,257.0,0.0,0.0,1733.5,10.0,1736.5,10.0,,0.0,,0.0,,0.0,751.5,1.0,,0.0,,0.0,,0.0,,0.0
2023-04-27 21:08:01.0,1682600881000000000,,,,257.0,0.0,0.0,1733.5,10.0,,0.0,,0.0,,0.0,,0.0,751.5,1.0,,0.0,,0.0,,0.0,,0.0
2023-04-27 21:08:01.25,1682600881250000000,,,,257.0,0.0,0.0,1733.0,10.0,1733.5,10.0,,0.0,,0.0,,0.0,751.5,1.0,,0.0,,0.0,,0.0,,0.0
2023-04-27 21:08:01.5,1682600881500000000,,,,257.0,0.0,0.0,1730.0,10.0,1733.0,10.0,,0.0,,0.0,,0.0,751.5,1.0,,0.0,,0.0,,0.0,,0.0
2023-04-27 21:08:01.75,1682600881750000000,,,,257.0,0.0,0.0,1730.0,10.0,,0.0,,0.0,,0.0,,0.0,751.5,1.0,,0.0,,0.0,,0.0,,0.0
2023-04-27 21:08:02.0,1682600882000000000,,,,257.0,0.0,0.0,1729.5,10.0,1730.0,10.0,,0.0,,0.0,,0.0,751.5,1.0,,0.0,,0.0,,0.0,,0.0
2023-04-27 21:08:02.25,1682600882250000000,,,,257.0,0.0,0.0,1726.5,10.0,1729.5,10.0,,0.0,,0.0,,0.0,751.5,1.0,,0.0,,0.0,,0.0,,0.0
2023-04-27 21:08:02.5,1682600882500000000,,,,257.0,0.0,0.0,1725.0,1.0,1726.5,10.0,,0.0,,0.0,,0.0,751.5,1.0,,0.0,,0.0,,0.0,,0.0
2023-04-27 21:08:02.75,1682600882750000000,,,,257.0,0.0,0.0,1722.0,10.0,1724.5,10.0,1725.0,1.0,,0.0,,0.0,751.5,1.0,,0.0,,0.0,,0.0,,0.0
2023-04-27 21:08:03.0,1682600883000000000,,,,257.0,0.0,0.0,1719.0,10.0,1720.5,1.0,,0.0,,0.0,,0.0,751.5,1.0,,0.0,,0.0,,0.0,,0.0
2023-04-27 21:08:03.25,1682600883250000000,,,,257.0,0.0,0.0,1716.0,10.0,1718.5,10.0,1720.5,1.0,,0.0,,0.0,751.5,1.0,,0.0,,0.0,,0.0,,0.0
2023-04-27 21:08:03.5,1682600883500000000,,,,257.0,0.0,0.0,1713.0,10.0,1714.5,1.0,,0.0,,0.0,,0.0,751.5,1.0,,0.0,,0.0,,0.0,,0.0
2023-04-27 21:08:03.75,1682600883750000000,,,,257.0,0.0,0.0,1710.0,10.0,1712.5,10.0,1714.5,1.0,,0.0,,0.0,751.5,1.0,,0.0,,0.0,,0.0,,0.0
2023-04-27 21:08:04.0,1682600884000000000,,,,257.0,0.0,0.0,1707.0,10.0,1708.5,1.0,,0.0,,0.0,,0.0,751.5,1.0,,0.0,,0.0,,0.0,,0.0
2023-04-27 21:08:04.25,1682600884250000000,,,,257.0,0.0,0.0,1704.0,10.0,1706.5,10.0,1708.5,1.0,,0.0,,0.0,751.5,1.0,,0.0,,0.0,,0.0,,0.0
2023-04-27 21:08:04.5,1682600884500000000,,,,257.0,0.0,0.0,1701.0,10.0,1702.5,1.0,,0.0,,0.0,,0.0,751.5,1.0,,0.0,,0.0,,0.0,,0.0
2023-04-27 21:08:04.75,1682600884750000000,,,,257.0,0.0,0.0,1698.0,10.0,1700.5,10.0,1702.5,1.0,,0.0,,0.0,751.5,1.0,,0.0,,0.0,,0.0,,0.0
2023-04-27 21:08:05.0,1682600885000000000,,,,257.0,0.0,0.0,1695.0,10.0,1696.5,1.0,1697.5,10.0,,0.0,,0.0,751.5,1.0,,0.0,,0.0,,0.0,,0.0
2023-04-27 21:08:05.25,1682600885250000000,,,,257.0,0.0,0.0,1692.0,10.0,1696.5,1.0,,0.0,,0.0,,0.0,751.5,1.0,,0.0,,0.0,,0.0,,0.0
2023-04-27 21:08:05.5,1682600885500000000,,,,257.0,0.0,0.0,1691.5,10.0,1692.0,10.0,,0.0,,0.0,,0.0,751.5,1.0,,0.0,,0.0,,0.0,,0.0
2023-04-27 21:08:05.75,1682600885750000000,,,,257.0,0.0,0.0,1688.5,10.0,1691.5,10.0,,0.0,,0.0,,0.0,751.5,1.0,,0.0,,0.0,,0.0,,0.0
2023-04-27 21:08:06.0,1682600886000000000,,,,257.0,0.0,0.0,1688.5,10.0,,0.0,,0.0,,0.0,,0.0,751.5,1.0,,0.0,,0.0,,0.0,,0.0
2023-04-27 21:08:06.25,1682600886250000000,,,,257.0,0.0,0.0,1688.0,10.0,1688.5,10.0,,0.0,,0.0,,0.0,751.5,1.0,,0.0,,0.0,,0.0,,0.0
2023-04-27 21:08:06.5,1682600886500000000,,,,257.0,0.0,0.0,1685.0,10.0,1688.0,10.0,,0.0,,0.0,,0.0,751.5,1.0,,0.0,,0.0,,0.0,,0.0
2023-04-27 21:08:06.75,1682600886750000000,,,,257.0,0.0,0.0,1685.0,10.0,,0.0,,0.0,,0.0,,0.0,751.5,1.0,,0.0,,0.0,,0.0,,0.0
2023-04-27 21:08:07.0,1682600887000000000,,,,257.0,0.0,0.0,1684.5,10.0,1685.0,10.0,,0.0,,0.0,,0.0,751.5,1.0,,0.0,,0.0,,0.0,,0.0
2023-04-27 21:08:07.25,1682600887250000000,,,,257.0,0.0,0.0,1681.5,10.0,1684.5,10.0,,0.0,,0.0,,0.0,751.5,1.0,,0.0,,0.0,,0.0,,0.0
2023-04-27 21:08:07.5,1682600887500000000,,,,257.0,0.0,0.0,1680.0,1.0,1681.5,10.0,,0.0,,0.0,,0.0,751.5,1.0,,0.0,,0.0,,0.0,,0.0
2023-04-27 21:08:07.75,1682600887750000000,,,,257.0,0.0,0.0,1677.0,10.0,1679.5,10.0,1680.0,1.0,,0.0,,0.0,751.5,1.0,,0.0,,0.0,,0.0,,0.0
2023-04-27 21:08:08.0,1682600888000000000,,,,257.0,0.0,0.0,1674.0,10.0,1675.5,1.0,,0.0,,0.0,,0.0,751.5,1.0,,0.0,,0.0,,0.0,,0.0
2023-04-27 21:08:08.25,1682600888250000000,,,,257.0,0.0,0.0,1671.0,10.0,1673.5,10.0,1675.5,1.0,,0.0,,0.0,751.5,1.0,,0.0,,0.0,,0.0,,0.0
2023-04-27 21:08:08.5,1682600888500000000,,,,257.0,0.0,0.0,1668.0,10.0,1669.5,1.0,,0.0,,0.0,,0.0,751.5,1.0,,0.0,,0.0,,0.0,,0.0
2023-04-27 21:08:08.75,1682600888750000000,,,,257.0,0.0,0.0,1665.0,10.0,1667.5,10.0,1669.5,1.0,,0.0,,0.0,751.5,1.0,,0.0,,0.0,,0.0,,0.0
2023-04-27 21:08:09.0,1682600889000000000,,,,257.0,0.0,0.0,1662.0,10.0,1663.5,1.0,,0.0,,0.0,,0.0,751.5,1.0,,0.0,,0.0,,0.0,,0.0
2023-04-27 21:08:09.25,1682600889250000000,,,,257.0,0.0,0.0,1659.0,10.0,1661.5,10.0,1663.5,1.0,,0.0,,0.0,751.5,1.0,,0.0,,0.0,,0.0,,0.0
2023-04-27 21:08:09.5,1682600889500000000,,,,257.0,0.0,0.0,1656.0,10.0,1657.5,1.0,,0.0,,0.0,,0.0,751.5,1.0,,0.0,,0.0,,0.0,,0.0
2023-04-27 21:08:09.75,1682600889750000000,,,,257.0,0.0,0.0,1653.0,10.0,1655.5,10.0,1657.5,1.0,,0.0,,0.0,751.5,1.0,,0.0,,0.0,,0.0,,0.0
2023-04-27 21:08:10.0,1682600890000000000,,,,257.0,0.0,0.0,1650.0,10.0,1651.5,1.0,,0.0,,0.0,,0.0,751.5,1.0,,0.0,,0.0,,0.0,,0.0
2023-04-27 21:08:10.25,1682600890250000000,,,,257.0,0.0,0.0,1647.0,10.0,1649.5,10.0,1651.5,1.0,,0.0,,0.0,751.5,1.0,,0.0,,0.0,,0.0,,0.0
2023-04-27 21:08:10.5,1682600890500000000,,,,257.0,0.0,0.0,1644.0,10.0,,0.0,,0.0,,0.0,,0.0,751.5,1.0,,0.0,,0.0,,0.0,,0.0
2023-04-27 21:08:10.75,1682600890750000000,,,,257.0,0.0,0.0,1643.5,10.0,1644.0,10.0,,0.0,,0.0,,0.0,751.5,1.0,,0.0,,0.0,,0.0,,0.0
2023-04-27 21:08:11.0,1682600891000000000,,,,257.0,0.0,0.0,1640.5,10.0,1643.5,10.0,,0.0,,0.0,,0.0,751.5,1.0,,0.0,,0.0,,0.0,,0.0
2023-04-27 21:08:11.25,1682600891250000000,,,,257.0,0.0,0.0,1640.5,10.0,,0.0,,0.0,,0.0,,0.0,751.5,1.0,,0.0,,0.0,,0.0,,0.0
2023-04-27 21:08:11.5,1682600891500000000,,,,257.0,0.0,0.0,1640.0,10.0,1640.5,10.0,,0.0,,0.0,,0.0,751.5,1.0,,0.0,,0.0,,0.0,,0.0
2023-04-27 21:08:11.75,1682600891750000000,,,,257.0,0.0,0.0,1637.0,10.0,1640.0,10.0,,0.0,,0.0,,0.0,751.5,1.0,,0.0,,0.0,,0.0,,0.0
2023-04-27 21:08:12.0,1682600892000000000,,,,257.0,0.0,0.0,1637.0,10.0,,0.0,,0.0,,0.0,,0.0,751.5,1.0,,0.0,,0.0,,0.0,,0.0
2023-04-27 21:08:12.25,1682600892250000000,,,,257.0,0.0,0.0,1636.5,10.0,1637.0,10.0,,0.0,,0.0,,0.0,751.5,1.0,,0.0,,0.0,,0.0,,0.0
2023-04-27 21:08:12.5,1682600892500000000,,,,257.0,0.0,0.0,1633.5,10.0,1635.0,1.0,1636.5,10.0,,0.0,,0.0,751.5,1.0,,0.0,,0.0,,0.0,,0.0
2023-04-27 21:08:12.75,1682600892750000000,,,,257.0,0.0,0.0,1630.5,10.0,1635.0,1.0,,0.0,,0.0,,0.0,751.5,1.0,,0.0,,0.0,,0.0,,0.0
2023-04-27 21:08:13.0,1682600893000000000,,,,257.0,0.0,0.0,1629.0,1.0,1630.0,10.0,1630.5,10.0,,0.0,,0.0,751.5,1.0,,0.0,,0.0,,0.0,,0.0
2023-04-27 21:08:13.25,1682600893250000000,,,,257.0,0.0,0.0,1626.0,10.0,1629.0,1.0,,0.0,,0.0,,0.0,751.5,1.0,,0.0,,0.0,,0.0,,0.0
2023-04-27 21:08:13.5,1682600893500000000,,,,257.0,0.0,0.0,1624.5,1.0,1625.5,10.0,1626.0,10.0,,0.0,,0.0,751.5,1.0,,0.0,,0.0,,0.0,,0.0
2023-04-27 21:08:13.75,1682600893750000000,,,,257.0,0.0,0.0,1621.5,10.0,1624.5,1.0,,0.0,,0.0,,0.0,751.5,1.0,,0.0,,0.0,,0.0,,0.0
2023-04-27 21:08:14.0,1682600894000000000,,,,257.0,0.0,0.0,1620.0,1.0,1621.0,10.0,1621.5,10.0,,0.0,,0.0,751.5,1.0,,0.0,,0.0,,0.0,,0.0
2023-04-27 21:08:14.25,1682600894250000000,,,,257.0,0.0,0.0,1617.0,10.0,1620.0,1.0,,0.0,,0.0,,0.0,751.5,1.0,,0.0,,0.0,,0.0,,0.0
2023-04-27 21:08:14.5,1682600894500000000,,,,257.0,0.0,0.0,1615.5,1.0,1616.5,10.0,1617.0,10.0,,0.0,,0.0,751.5,1.0,,0.0,,0.0,,0.0,,0.0
2023-04-27 21:08:14.75,1682600894750000000,,,,257.0,0.0,0.0,1612.5,10.0,1615.5,1.0,,0.0,,0.0,,0.0,751.5,1.0,,0.0,,0.0,,0.0,,0.0
2023-04-27 21:08:15.0,1682600895000000000,,,,257.0,0.0,0.0,1611.0,1.0,1612.0,10.0,1612.5,10.0,,0.0,,0.0,751.5,1.0,,0.0,,0.0,,0.0,,0.0
2023-04-27 21:08:15.25,1682600895250000000,,,,257.0,0.0,0.0,1608.0,10.0,1611.0,1.0,,0.0,,0.0,,0.0,751.5,1.0,,0.0,,0.0,,0.0,,0.0
2023-04-27 21:08:15.5,1682600895500000000,,,,257.0,0.0,0.0,1607.5,10.0,1608.0,10.0,,0.0,,0.0,,0.0,751.5,1.0,,0.0,,0.0,,0.0,,0.0
2023-04-27 21:08:15.75,1682600895750000000,,,,257.0,0.0,0.0,1604.5,10.0,1607.5,10.0,,0.0,,0.0,,0.0,751.5,1.0,,0.0,,0.0,,0.0,,0.0
2023-04-27 21:08:16.0,1682600896000000000,,,,257.0,0.0,0.0,1604.5,10.0,,0.0,,0.0,,0.0,,0.0,751.5,1.0,,0.0,,0.0,,0.0,,0.0
2023-04-27 21:08:16.25,1682600896250000000,,,,257.0,0.0,0.0,1604.0,10.0,1604.5,10.0,,0.0,,0.0,,0.0,751.5,1.0,,0.0,,0.0,,0.0,,0.0
2023-04-27 21:08:16.5,1682600896500000000,,,,257.0,0.0,0.0,1601.0,10.0,1604.0,10.0,,0.0,,0.0,,0.0,751.5,1.0,,0.0,,0.0,,0.0,,0.0
2023-04-27 21:08:16.75,1682600896750000000,,,,257.0,0.0,0.0,1601.0,10.0,,0.0,,0.0,,0.0,,0.0,751.5,1.0,,0.0,,0.0,,0.0,,0.0
2023-04-27 21:08:17.0,1682600897000000000,,,,257.0,0.0,0.0,1600.5,10.0,1601.0,10.0,,0.0,,0.0,,0.0,751.5,1.0,,0.0,,0.0,,0.0,,0.0
2023-04-27 21:08:17.25,1682600897250000000,,,,257.0,0.0,0.0,1597.5,10.0,1600.5,10.0,,0.0,,0.0,,0.0,751.5,1.0,,0.0,,0.0,,0.0,,0.0
2023-04-27 21:08:17.5,1682600897500000000,,,,257.0,0.0,0.0,1597.5,10.0,,0.0,,0.0,,0.0,,0.0,751.5,1.0,,0.0,,0.0,,0.0,,0.0
2023-04-27 21:08:17.75,1682600897750000000,,,,257.0,0.0,0.0,1597.0,10.0,1597.5,10.0,,0.0,,0.0,,0.0,751.5,1.0,,0.0,,0.0,,0.0,,0.0
2023-04-27 21:08:18.0,1682600898000000000,,,,257.0,0.0,0.0,1594.0,10.0,1595.5,1.0,1597.0,10.0,,0.0,,0.0,751.5,1.0,,0.0,,0.0,,0.0,,0.0
2023-04-27 21:08:18.25,1682600898250000000,,,,257.0,0.0,0.0,1591.0,10.0,1595.5,1.0,,0.0,,0.0,,0.0,751.5,1.0,,0.0,,0.0,,0.0,,0.0
2023-04-27 21:08:18.5,1682600898500000000,,,,257.0,0.0,0.0,1589.5,1.0,1590.5,10.0,1591.0,10.0,,0.0,,0.0,751.5,1.0,,0.0,,0.0,,0.0,,0.0
2023-04-27 21:08:18.75,1682600898750000000,,,,257.0,0.0,0.0,1586.5,10.0,1589.5,1.0,,0.0,,0.0,,0.0,751.5,1.0,,0.0,,0.0,,0.0,,0.0
2023-04-27 21:08:19.0,1682600899000000000,,,,257.0,0.0,0.0,1585.0,1.0,1586.0,10.0,1586.5,10.0,,0.0,,0.0,751.5,1.0,,0.0,,0.0,,0.0,,0.0
2023-04-27 21:08:19.25,1682600899250000000,,,,257.0,0.0,0.0,1582.0,10.0,1585.0,1.0,,0.0,,0.0,,0.0,751.5,1.0,,0.0,,0.0,,0.0,,0.0
2023-04-27 21:08:19.5,1682600899500000000,,,,257.0,0.0,0.0,1580.5,1.0,1581.5,10.0,1582.0,10.0,,0.0,,0.0,751.5,1.0,,0.0,,0.0,,0.0,,0.0
2023-04-27 21:08:19.75,1682600899750000000,,,,257.0,0.0,0.0,1577.5,10.0,1580.5,1.0,,0.0,,0.0,,0.0,751.5,1.0,,0.0,,0.0,,0.0,,0.0
2023-04-27 21:08:20.0,1682600900000000000,,,,257.0,0.0,0.0,1576.0,1.0,1577.0,10.0,1577.5,10.0,,0.0,,0.0,751.5,1.0,,0.0,,0.0,,0.0,,0.0
2023-04-27 21:08:20.25,1682600900250000000,,,,257.0,0.0,0.0,1573.0,10.0,1576.0,1.0,,0.0,,0.0,,0.0,751.5,1.0,,0.0,,0.0,,0.0,,0.0
2023-04-27 21:08:20.5,1682600900500000000,,,,257.0,0.0,0.0,1571.5,1.0,1572.5,10.0,1573.0,10.0,,0.0,,0.0,751.5,1.0,,0.0,,0.0,,0.0,,0.0
2023-04-27 21:08:20.75,1682600900750000000,,,,257.0,0.0,0.0,1568.5,10.0,1571.5,1.0,,0.0,,0.0,,0.0,751.5,1.0,,0.0,,0.0,,0.0,,0.0
2023-04-27 21:08:21.0,1682600901000000000,,,,257.0,0.0,0.0,1568.0,10.0,1568.5,10.0,,0.0,,0.0,,0.0,751.5,1.0,,0.0,,0.0,,0.0,,0.0
2023-04-27 21:08:21.25,1682600901250000000,,,,257.0,0.0,0.0,1565.0,10.0,1568.0,10.0,,0.0,,0.0,,0.0,751.5,1.0,,0.0,,0.0,,0.0,,0.0
2023-04-27 21:08:21.5,1682600901500000000,,,,257.0,0.0,0.0,1565.0,10.0,,0.0,,0.0,,0.0,,0.0,751.5,1.0,,0.0,,0.0,,0.0,,0.0
2023-04-27 21:08:21.75,1682600901750000000,,,,257.0,0.0,0.0,1564.5,10.0,1565.0,10.0,,0.0,,0.0,,0.0,751.5,1.0,,0.0,,0.0,,0.0,,0.0
2023-04-27 21:08:22.0,1682600902000000000,,,,257.0,0.0,0.0,1561.5,10.0,1564.5,10.0,,0.0,,0.0,,0.0,751.5,1.0,,0.0,,0.0,,0.0,,0.0
2023-04-27 21:08:22.25,1682600902250000000,,,,257.0,0.0,0.0,1561.5,10.0,,0.0,,0.0,,0.0,,0.0,751.5,1.0,,0.0,,0.0,,0.0,,0.0
2023-04-27 21:08:22.5,1682600902500000000,,,,257.0,0.0,0.0,1561.0,10.0,1561.5,10.0,,0.0,,0.0,,0.0,751.5,1.0,,0.0,,0.0,,0.0,,0.0
2023-04-27 21:08:22.75,1682600902750000000,,,,257.0,0.0,0.0,1558.0,10.0,1561.0,10.0,,0.0,,0.0,,0.0,751.5,1.0,,0.0,,0.0,,0.0,,0.0
2023-04-27 21:08:23.0,1682600903000000000,,,,257.0,0.0,0.0,1556.5,1.0,1558.0,10.0,,0.0,,0.0,,0.0,751.5,1.0,,0.0,,0.0,,0.0,,0.0
2023-04-27 21:08:23.25,1682600903250000000,,,,257.0,0.0,0.0,1553.5,10.0,1556.0,10.0,1556.5,1.0,,0.0,,0.0,751.5,1.0,,0.0,,0.0,,0.0,,0.0
2023-04-27 21:08:23.5,1682600903500000000,,,,257.0,0.0,0.0,1550.5,10.0,1552.0,1.0,,0.0,,0.0,,0.0,751.5,1.0,,0.0,,0.0,,0.0,,0.0
2023-04-27 21:08:23.75,1682600903750000000,,,,257.0,0.0,0.0,1547.5,10.0,1550.0,10.0,1552.0,1.0,,0.0,,0.0,751.5,1.0,,0.0,,0.0,,0.0,,0.0
2023-04-27 21:08:24.0,1682600904000000000,,,,257.0,0.0,0.0,1544.5,10.0,1546.0,1.0,,0.0,,0.0,,0.0,751.5,1.0,,0.0,,0.0,,0.0,,0.0
2023-04-27 21:08:24.25,1682600904250000000,,,,257.0,0.0,0.0,1541.5,10.0,1544.0,10.0,1546.0,1.0,,0.0,,0.0,751.5,1.0,,0.0,,0.0,,0.0,,0.0
2023-04-27 21:08:24.5,1682600904500000000,,,,257.0,0.0,0.0,1538.5,10.0,,0.0,,0.0,,0.0,,0.0,751.5,1.0,,0.0,,0.0,,0.0,,0.0
2023-04-27 21:08:24.75,1682600904750000000,,,,257.0,0.0,0.0,1538.0,10.0,1538.5,10.0,,0.0,,0.0,,0.0,751.5,1.0,,0.0,,0.0,,0.0,,0.0
2023-04-27 21:08:25.0,1682600905000000000,,,,257.0,0.0,0.0,1535.0,10.0,1538.0,10.0,,0.0,,0.0,,0.0,751.5,1.0,,0.0,,0.0,,0.0,,0.0
2023-04-27 21:08:25.25,1682600905250000000,,,,257.0,0.0,0.0,1535.0,10.0,,0.0,,0.0,,0.0,,0.0,751.5,1.0,,0.0,,0.0,,0.0,,0.0
2023-04-27 21:08:25.5,1682600905500000000,,,,257.0,0.0,0.0,1534.5,10.0,1535.0,10.0,,0.0,,0.0,,0.0,751.5,1.0,,0.0,,0.0,,0.0,,0.0
2023-04-27 21:08:25.75,1682600905750000000,,,,257.0,0.0,0.0,1531.5,10.0,1534.5,10.0,,0.0,,0.0,,0.0,751.5,1.0,,0.0,,0.0,,0.0,,0.0
2023-04-27 21:08:26.0,1682600906000000000,,,,257.0,0.0,0.0,1531.5,10.0,,0.0,,0.0,,0.0,,0.0,751.5,1.0,,0.0,,0.0,,0.0,,0.0
2023-04-27 21:08:26.25,1682600906250000000,,,,257.0,0.0,0.0,1531.0,10.0,1531.5,10.0,,0.0,,0.0,,0.0,751.5,1.0,,0.0,,0.0,,0.0,,0.0
2023-04-27 21:08:26.5,1682600906500000000,,,,257.0,0.0,0.0,1528.0,10.0,1531.0,10.0,,0.0,,0.0,,0.0,751.5,1.0,,0.0,,0.0,,0.0,,0.0
2023-04-27 21:08:26.75,1682600906750000000,,,,257.0,0.0,0.0,1528.0,10.0,,0.0,,0.0,,0.0,,0.0,751.5,1.0,,0.0,,0.0,,0.0,,0.0
2023-04-27 21:08:27.0,1682600907000000000,,,,257.0,0.0,0.0,1527.5,10.0,1528.0,10.0,,0.0,,0.0,,0.0,751.5,1.0,,0.0,,0.0,,0.0,,0.0
2023-04-27 21:08:27.25,1682600907250000000,,,,257.0,0.0,0.0,1524.5,10.0,1527.5,10.0,,0.0,,0.0,,0.0,751.5,1.0,,0.0,,0.0,,0.0,,0.0
2023-04-27 21:08:27.5,1682600907500000000,,,,257.0,0.0,0.0,1524.5,10.0,,0.0,,0.0,,0.0,,0.0,751.5,1.0,,0.0,,0.0,,0.0,,0.0
2023-04-27 21:08:27.75,1682600907750000000,,,,257.0,0.0,0.0,1524.0,10.0,1524.5,10.0,,0.0,,0.0,,0.0,751.5,1.0,,0.0,,0.0,,0.0,,0.0
2023-04-27 21:08:28.0,1682600908000000000,,,,257.0,0.0,0.0,1521.0,10.0,1524.0,10.0,,0.0,,0.0,,0.0,751.5,1.0,,0.0,,0.0,,0.0,,0.0
2023-04-27 21:08:28.25,1682600908250000000,,,,257.0,0.0,0.0,1521.0,10.0,,0.0,,0.0,,0.0,,0.0,751.5,1.0,,0.0,,0.0,,0.0,,0.0
2023-04-27 21:08:28.5,1682600908500000000,,,,257.0,0.0,0.0,1520.5,10.0,1521.0,10.0,,0.0,,0.0,,0.0,751.5,1.0,,0.0,,0.0,,0.0,,0.0
2023-04-27 21:08:28.75,1682600908750000000,,,,257.0,0.0,0.0,1517.5,10.0,1520.5,10.0,,0.0,,0.0,,0.0,751.5,1.0,,0.0,,0.0,,0.0,,0.0
2023-04-27 21:08:29.0,1682600909000000000,,,,257.0,0.0,0.0,1517.5,10.0,,0.0,,0.0,,0.0,,0.0,751.5,1.0,,0.0,,0.0,,0.0,,0.0
2023-04-27 21:08:29.25,1682600909250000000,,,,257.0,0.0,0.0,1517.0,10.0,1517.5,10.0,,0.0,,0.0,,0.0,751.5,1.0,,0.0,,0.0,,0.0,,0.0
2023-04-27 21:08:29.5,1682600909500000000,,,,257.0,0.0,0.0,1514.0,10.0,1517.0,10.0,,0.0,,0.0,,0.0,751.5,1.0,,0.0,,0.0,,0.0,,0.0
2023-04-27 21:08:29.75,1682600909750000000,,,,257.0,0.0,0.0,1514.0,10.0,,0.0,,0.0,,0.0,,0.0,751.5,1.0,,0.0,,0.0,,0.0,,0.0
2023-04-27 21:08:30.0,1682600910000000000,,,,257.0,0.0,0.0,1513.5,10.0,1514.0,10.0,,0.0,,0.0,,0.0,751.5,1.0,,0.0,,0.0,,0.0,,0.0
2023-04-27 21:08:30.25,1682600910250000000,,,,257.0,0.0,0.0,1510.5,10.0,1513.5,10.0,,0.0,,0.0,,0.0,751.5,1.0,,0.0,,0.0,,0.0,,0.0
2023-04-27 21:08:30.5,1682600910500000000,,,,257.0,0.0,0.0,1510.5,10.0,,0.0,,0.0,,0.0,,0.0,751.5,1.0,,0.0,,0.0,,0.0,,0.0
2023-04-27 21:08:30.75,1682600910750000000,,,,257.0,0.0,0.0,1510.0,10.0,1510.5,10.0,,0.0,,0.0,,0.0,751.5,1.0,,0.0,,0.0,,0.0,,0.0
2023-04-27 21:08:31.0,1682600911000000000,,,,257.0,0.0,0.0,1507.0,10.0,1510.0,10.0,,0.0,,0.0,,0.0,751.5,1.0,,0.0,,0.0,,0.0,,0.0
2023-04-27 21:08:31.25,1682600911250000000,,,,257.0,0.0,0.0,1507.0,10.0,,0.0,,0.0,,0.0,,0.0,751.5,1.0,,0.0,,0.0,,0.0,,0.0
2023-04-27 21:08:31.5,1682600911500000000,,,,257.0,0.0,0.0,1506.5,10.0,1507.0,10.0,,0.0,,0.0,,0.0,751.5,1.0,,0.0,,0.0,,0.0,,0.0
2023-04-27 21:08:31.75,1682600911750000000,,,,257.0,0.0,0.0,1503.5,10.0,1506.5,10.0,,0.0,,0.0,,0.0,751.5,1.0,,0.0,,0.0,,0.0,,0.0
2023-04-27 21:08:32.0,1682600912000000000,,,,257.0,0.0,0.0,1503.5,10.0,,0.0,,0.0,,0.0,,0.0,751.5,1.0,,0.0,,0.0,,0.0,,0.0
2023-04-27 21:08:32.25,1682600912250000000,,,,257.0,0.0,0.0,1503.0,10.0,1503.5,10.0,,0.0,,0.0,,0.0,751.5,1.0,,0.0,,0.0,,0.0,,0.0
2023-04-27 21:08:32.5,1682600912500000000,,,,257.0,0.0,0.0,1500.0,10.0,1503.0,10.0,,0.0,,0.0,,0.0,751.5,1.0,,0.0,,0.0,,0.0,,0.0
2023-04-27 21:08:32.75,1682600912750000000,,,,257.0,0.0,0.0,1500.0,10.0,,0.0,,0.0,,0.0,,0.0,751.5,1.0,,0.0,,0.0,,0.0,,0.0
2023-04-27 21:08:33.0,1682600913000000000,,,,257.0,0.0,0.0,1499.5,10.0,1500.0,10.0,,0.0,,0.0,,0.0,751.5,1.0,,0.0,,0.0,,0.0,,0.0
2023-04-27 21:08:33.25,1682600913250000000,,,,257.0,0.0,0.0,1496.5,10.0,1499.5,10.0,,0.0,,0.0,,0.0,751.5,1.0,,0.0,,0.0,,0.0,,0.0
2023-04-27 21:08:33.5,1682600913500000000,,,,257.0,0.0,0.0,1496.5,10.0,,0.0,,0.0,,0.0,,0.0,751.5,1.0,,0.0,,0.0,,0.0,,0.0
2023-04-27 21:08:33.75,1682600913750000000,,,,257.0,0.0,0.0,1496.0,10.0,1496.5,10.0,,0.0,,0.0,,0.0,751.5,1.0,,0.0,,0.0,,0.0,,0.0
2023-04-27 21:08:34.0,1682600914000000000,,,,257.0,0.0,0.0,1493.0,10.0,1496.0,10.0,,0.0,,0.0,,0.0,751.5,1.0,,0.0,,0.0,,0.0,,0.0
2023-04-27 21:08:34.25,1682600914250000000,,,,257.0,0.0,0.0,1493.0,10.0,,0.0,,0.0,,0.0,,0.0,751.5,1.0,,0.0,,0.0,,0.0,,0.0
2023-04-27 21:08:34.5,1682600914500000000,,,,257.0,0.0,0.0,1492.5,10.0,1493.0,10.0,,0.0,,0.0,,0.0,751.5,1.0,,0.0,,0.0,,0.0,,0.0
2023-04-27 21:08:34.75,1682600914750000000,,,,257.0,0.0,0.0,1489.5,10.0,1492.5,10.0,,0.0,,0.0,,0.0,751.5,1.0,,0.0,,0.0,,0.0,,0.0
2023-04-27 21:08:35.0,1682600915000000000,,,,257.0,0.0,0.0,1489.5,10.0,,0.0,,0.0,,0.0,,0.0,751.5,1.0,,0.0,,0.0,,0.0,,0.0
2023-04-27 21:08:35.25,1682600915250000000,,,,257.0,0.0,0.0,1489.0,10.0,1489.5,10.0,,0.0,,0.0,,0.0,751.5,1.0,,0.0,,0.0,,0.0,,0.0
2023-04-27 21:08:35.5,1682600915500000000,,,,257.0,0.0,0.0,1486.0,10.0,1489.0,10.0,,0.0,,0.0,,0.0,751.5,1.0,,0.0,,0.0,,0.0,,0.0
2023-04-27 21:08:35.75,1682600915750000000,,,,257.0,0.0,0.0,1486.0,10.0,,0.0,,0.0,,0.0,,0.0,751.5,1.0,,0.0,,0.0,,0.0,,0.0
2023-04-27 21:08:36.0,1682600916000000000,,,,257.0,0.0,0.0,1485.5,10.0,1486.0,10.0,,0.0,,0.0,,0.0,751.5,1.0,,0.0,,0.0,,0.0,,0.0
2023-04-27 21:08:36.25,1682600916250000000,,,,257.0,0.0,0.0,1482.5,10.0,1485.5,10.0,,0.0,,0.0,,0.0,751.5,1.0,,0.0,,0.0,,0.0,,0.0
2023-04-27 21:08:36.5,1682600916500000000,,,,257.0,0.0,0.0,1482.5,10.0,,0.0,,0.0,,0.0,,0.0,751.5,1.0,,0.0,,0.0,,0.0,,0.0
2023-04-27 21:08:36.75,1682600916750000000,,,,257.0,0.0,0.0,1482.0,10.0,1482.5,10.0,,0.0,,0.0,,0.0,751.5,1.0,,0.0,,0.0,,0.0,,0.0
2023-04-27 21:08:37.0,1682600917000000000,,,,257.0,0.0,0.0,1479.0,10.0,1482.0,10.0,,0.0,,0.0,,0.0,751.5,1.0,,0.0,,0.0,,0.0,,0.0
2023-04-27 21:08:37.25,1682600917250000000,,,,257.0,0.0,0.0,1479.0,10.0,,0.0,,0.0,,0.0,,0.0,751.5,1.0,,0.0,,0.0,,0.0,,0.0
2023-04-27 21:08:37.5,1682600917500000000,,,,257.0,0.0,0.0,1478.5,10.0,1479.0,10.0,,0.0,,0.0,,0.0,751.5,1.0,,0.0,,0.0,,0.0,,0.0
2023-04-27 21:08:37.75,1682600917750000000,,,,257.0,0.0,0.0,1475.5,10.0,1478.5,10.0,,0.0,,0.0,,0.0,751.5,1.0,,0.0,,0.0,,0.0,,0.0
2023-04-27 21:08:38.0,1682600918000000000,,,,257.0,0.0,0.0,1475.5,10.0,,0.0,,0.0,,0.0,,0.0,751.5,1.0,,0.0,,0.0,,0.0,,0.0
2023-04-27 21:08:38.25,1682600918250000000,,,,257.0,0.0,0.0,1475.0,10.0,1475.5,10.0,,0.0,,0.0,,0.0,751.5,1.0,,0.0,,0.0,,0.0,,0.0
2023-04-27 21:08:38.5,1682600918500000000,,,,257.0,0.0,0.0,1472.0,10.0,1475.0,10.0,,0.0,,0.0,,0.0,751.5,1.0,,0.0,,0.0,,0.0,,0.0
2023-04-27 21:08:38.75,1682600918750000000,,,,257.0,0.0,0.0,1472.0,10.0,,0.0,,0.0,,0.0,,0.0,751.5,1.0,,0.0,,0.0,,0.0,,0.0
2023-04-27 21:08:39.0,1682600919000000000,,,,257.0,0.0,0.0,1471.5,10.0,1472.0,10.0,,0.0,,0.0,,0.0,751.5,1.0,,0.0,,0.0,,0.0,,0.0
2023-04-27 21:08:39.25,1682600919250000000,,,,257.0,0.0,0.0,1468.5,10.0,1471.5,10.0,,0.0,,0.0,,0.0,751.5,1.0,,0.0,,0.0,,0.0,,0.0
2023-04-27 21:08:39.5,1682600919500000000,,,,257.0,0.0,0.0,1468.5,10.0,,0.0,,0.0,,0.0,,0.0,751.5,1.0,,0.0,,0.0,,0.0,,0.0
2023-04-27 21:08:39.75,1682600919750000000,,,,257.0,0.0,0.0,1468.0,10.0,1468.5,10.0,,0.0,,0.0,,0.0,751.5,1.0,,0.0,,0.0,,0.0,,0.0
2023-04-27 21:08:40.0,1682600920000000000,,,,257.0,0.0,0.0,1465.0,10.0,1468.0,10.0,,0.0,,0.0,,0.0,751.5,1.0,,0.0,,0.0,,0.0,,0.0
2023-04-27 21:08:40.25,1682600920250000000,,,,257.0,0.0,0.0,1465.0,10.0,,0.0,,0.0,,0.0,,0.0,751.5,1.0,,0.0,,0.0,,0.0,,0.0
2023-04-27 21:08:40.5,1682600920500000000,,,,257.0,0.0,0.0,1464.5,10.0,1465.0,10.0,,0.0,,0.0,,0.0,751.5,1.0,,0.0,,0.0,,0.0,,0.0
2023-04-27 21:08:40.75,1682600920750000000,,,,257.0,0.0,0.0,1461.5,10.0,1464.5,10.0,,0.0,,0.0,,0.0,751.5,1.0,,0.0,,0.0,,0.0,,0.0
2023-04-27 21:08:41.0,1682600921000000000,,,,257.0,0.0,0.0,1461.5,10.0,,0.0,,0.0,,0.0,,0.0,751.5,1.0,,0.0,,0.0,,0.0,,0.0
2023-04-27 21:08:41.25,1682600921250000000,,,,257.0,0.0,0.0,1461.0,10.0,1461.5,10.0,,0.0,,0.0,,0.0,751.5,1.0,,0.0,,0.0,,0.0,,0.0
2023-04-27 21:08:41.5,1682600921500000000,,,,257.0,0.0,0.0,1458.0,10.0,1461.0,10.0,,0.0,,0.0,,0.0,751.5,1.0,,0.0,,0.0,,0.0,,0.0
2023-04-27 21:08:41.75,1682600921750000000,,,,257.0,0.0,0.0,1458.0,10.0,,0.0,,0.0,,0.0,,0.0,751.5,1.0,,0.0,,0.0,,0.0,,0.0
2023-04-27 21:08:42.0,1682600922000000000,,,,257.0,0.0,0.0,1457.5,10.0,1458.0,10.0,,0.0,,0.0,,0.0,751.5,1.0,,0.0,,0.0,,0.0,,0.0
2023-04-27 21:08:42.25,1682600922250000000,,,,257.0,0.0,0.0,1454.5,10.0,1457.5,10.0,,0.0,,0.0,,0.0,751.5,1.0,,0.0,,0.0,,0.0,,0.0
2023-04-27 21:08:42.5,1682600922500000000,,,,257.0,0.0,0.0,1454.5,10.0,,0.0,,0.0,,0.0,,0.0,751.5,1.0,,0.0,,0.0,,0.0,,0.0
2023-04-27 21:08:42.75,1682600922750000000,,,,257.0,0.0,0.0,1454.0,10.0,1454.5,10.0,,0.0,,0.0,,0.0,751.5,1.0,,0.0,,0.0,,0.0,,0.0
2023-04-27 21:08:43.0,1682600923000000000,,,,257.0,0.0,0.0,1451.0,10.0,1454.0,10.0,,0.0,,0.0,,0.0,751.5,1.0,,0.0,,0.0,,0.0,,0.0
2023-04-27 21:08:43.25,1682600923250000000,,,,257.0,0.0,0.0,1451.0,10.0,,0.0,,0.0,,0.0,,0.0,751.5,1.0,,0.0,,0.0,,0.0,,0.0
2023-04-27 21:08:43.5,1682600923500000000,,,,257.0,0.0,0.0,1450.5,10.0,1451.0,10.0,,0.0,,0.0,,0.0,751.5,1.0,,0.0,,0.0,,0.0,,0.0
2023-04-27 21:08:43.75,1682600923750000000,,,,257.0,0.0,0.0,1447.5,10.0,1450.5,10.0,,0.0,,0.0,,0.0,751.5,1.0,,0.0,,0.0,,0.0,,0.0
2023-04-27 21:08:44.0,1682600924000000000,,,,257.0,0.0,0.0,1447.5,10.0,,0.0,,0.0,,0.0,,0.0,751.5,1.0,,0.0,,0.0,,0.0,,0.0
2023-04-27 21:08:44.25,1682600924250000000,,,,257.0,0.0,0.0,1447.0,10.0,1447.5,10.0,,0.0,,0.0,,0.0,751.5,1.0,,0.0,,0.0,,0.0,,0.0
