datetime,datetime_nano,highest,last_price,lowest,open_interest,volume,amount,ask_price1,ask_volume1,ask_price2,ask_volume2,ask_price3,ask_volume3,ask_price4,ask_volume4,ask_price5,ask_volume5,bid_price1,bid_volume1,bid_price2,bid_volume2,bid_price3,bid_volume3,bid_price4,bid_volume4,bid_price5,bid_volume5
2023-04-27 20:55:00.0,1682600100000000000,,,,169.0,0.0,0.0,,0.0,,0.0,,0.0,,0.0,,0.0,,0.0,,0.0,,0.0,,0.0,,0.0
2023-04-27 21:00:06.75,1682600406750000000,,,,169.0,0.0,0.0,1436.0,1.0,,0.0,,0.0,,0.0,,0.0,1156.5,1.0,,0.0,,0.0,,0.0,,0.0
2023-04-27 21:00:07.0,1682600407000000000,,,,169.0,0.0,0.0,1435.5,10.0,1436.0,1.0,,0.0,,0.0,,0.0,1156.5,1.0,,0.0,,0.0,,0.0,,0.0
2023-04-27 21:00:08.0,1682600408000000000,,,,169.0,0.0,0.0,1436.0,1.0,,0.0,,0.0,,0.0,,0.0,1156.5,1.0,,0.0,,0.0,,0.0,,0.0
2023-04-27 21:00:09.25,1682600409250000000,,,,169.0,0.0,0.0,1436.0,1.0,,0.0,,0.0,,0.0,,0.0,1158.0,1.0,1156.5,1.0,,0.0,,0.0,,0.0
2023-04-27 21:00:09.5,1682600409500000000,,,,169.0,0.0,0.0,1435.5,10.0,1436.0,1.0,,0.0,,0.0,,0.0,1158.0,1.0,1156.5,1.0,,0.0,,0.0,,0.0
2023-04-27 21:00:10.0,1682600410000000000,,,,169.0,0.0,0.0,1401.5,1.0,1435.5,10.0,,0.0,,0.0,,0.0,1192.0,1.0,1158.0,1.0,,0.0,,0.0,,0.0
2023-04-27 21:00:10.25,1682600410250000000,,,,169.0,0.0,0.0,1401.5,1.0,,0.0,,0.0,,0.0,,0.0,1192.0,1.0,,0.0,,0.0,,0.0,,0.0
2023-04-27 21:00:10.5,1682600410500000000,,,,169.0,0.0,0.0,1401.0,10.0,1401.5,1.0,,0.0,,0.0,,0.0,1192.0,1.0,,0.0,,0.0,,0.0,,0.0
2023-04-27 21:00:12.25,1682600412250000000,,,,169.0,0.0,0.0,1367.0,1.0,1401.0,10.0,,0.0,,0.0,,0.0,1192.0,1.0,,0.0,,0.0,,0.0,,0.0
2023-04-27 21:00:12.5,1682600412500000000,,,,169.0,0.0,0.0,1367.0,1.0,,0.0,,0.0,,0.0,,0.0,1192.0,1.0,,0.0,,0.0,,0.0,,0.0
2023-04-27 21:00:12.75,1682600412750000000,,,,169.0,0.0,0.0,1366.5,10.0,1367.0,1.0,,0.0,,0.0,,0.0,1192.0,1.0,,0.0,,0.0,,0.0,,0.0
2023-04-27 21:00:13.0,1682600413000000000,,,,169.0,0.0,0.0,1332.5,1.0,1366.5,10.0,,0.0,,0.0,,0.0,1192.0,1.0,,0.0,,0.0,,0.0,,0.0
2023-04-27 21:00:13.25,1682600413250000000,,,,169.0,0.0,0.0,1332.0,10.0,1332.5,1.0,,0.0,,0.0,,0.0,1192.0,1.0,,0.0,,0.0,,0.0,,0.0
2023-04-27 21:00:18.75,1682600418750000000,,,,169.0,0.0,0.0,1332.0,10.0,1332.5,1.0,,0.0,,0.0,,0.0,1193.5,1.0,1192.0,1.0,,0.0,,0.0,,0.0
2023-04-27 21:00:19.0,1682600419000000000,,,,169.0,0.0,0.0,1332.0,10.0,1332.5,1.0,,0.0,,0.0,,0.0,1227.5,1.0,1193.5,1.0,,0.0,,0.0,,0.0
2023-04-27 21:00:19.25,1682600419250000000,,,,169.0,0.0,0.0,1332.0,10.0,1332.5,1.0,,0.0,,0.0,,0.0,1227.5,1.0,,0.0,,0.0,,0.0,,0.0
2023-04-27 21:00:21.25,1682600421250000000,,,,169.0,0.0,0.0,1330.5,1.0,1332.0,10.0,1332.5,1.0,,0.0,,0.0,1229.0,1.0,1227.5,1.0,,0.0,,0.0,,0.0
2023-04-27 21:00:21.5,1682600421500000000,,,,169.0,0.0,0.0,1330.5,1.0,1332.5,1.0,,0.0,,0.0,,0.0,1254.0,1.0,1229.0,1.0,,0.0,,0.0,,0.0
2023-04-27 21:00:21.75,1682600421750000000,,,,169.0,0.0,0.0,1330.0,10.0,1330.5,1.0,1332.5,1.0,,0.0,,0.0,1254.0,1.0,,0.0,,0.0,,0.0,,0.0
2023-04-27 21:00:22.25,1682600422250000000,,,,169.0,0.0,0.0,1328.5,1.0,1330.0,10.0,1332.5,1.0,,0.0,,0.0,1254.0,1.0,,0.0,,0.0,,0.0,,0.0
2023-04-27 21:00:22.5,1682600422500000000,,,,169.0,0.0,0.0,1328.5,1.0,1332.5,1.0,,0.0,,0.0,,0.0,1254.0,1.0,,0.0,,0.0,,0.0,,0.0
2023-04-27 21:00:22.75,1682600422750000000,,,,169.0,0.0,0.0,1328.0,10.0,1328.5,1.0,1332.5,1.0,,0.0,,0.0,1254.0,1.0,,0.0,,0.0,,0.0,,0.0
2023-04-27 21:00:23.25,1682600423250000000,,,,169.0,0.0,0.0,1328.0,10.0,1332.5,1.0,,0.0,,0.0,,0.0,1254.0,1.0,,0.0,,0.0,,0.0,,0.0
2023-04-27 21:00:24.25,1682600424250000000,,,,169.0,0.0,0.0,1326.5,1.0,1328.0,10.0,1332.5,1.0,,0.0,,0.0,1254.0,1.0,,0.0,,0.0,,0.0,,0.0
2023-04-27 21:00:24.5,1682600424500000000,,,,169.0,0.0,0.0,1326.5,1.0,1332.5,1.0,,0.0,,0.0,,0.0,1254.0,1.0,,0.0,,0.0,,0.0,,0.0
2023-04-27 21:00:24.75,1682600424750000000,,,,169.0,0.0,0.0,1326.0,10.0,1326.5,1.0,1332.5,1.0,,0.0,,0.0,1254.0,1.0,,0.0,,0.0,,0.0,,0.0
2023-04-27 21:00:25.25,1682600425250000000,,,,169.0,0.0,0.0,1326.0,10.0,1332.5,1.0,,0.0,,0.0,,0.0,1254.0,1.0,,0.0,,0.0,,0.0,,0.0
2023-04-27 21:00:49.0,1682600449000000000,,,,169.0,0.0,0.0,1310.5,1.0,1326.0,10.0,,0.0,,0.0,,0.0,1254.0,1.0,,0.0,,0.0,,0.0,,0.0
2023-04-27 21:00:49.25,1682600449250000000,,,,169.0,0.0,0.0,1310.5,1.0,,0.0,,0.0,,0.0,,0.0,1254.0,1.0,,0.0,,0.0,,0.0,,0.0
2023-04-27 21:00:49.5,1682600449500000000,,,,169.0,0.0,0.0,1310.0,10.0,1310.5,1.0,,0.0,,0.0,,0.0,1254.0,1.0,,0.0,,0.0,,0.0,,0.0
2023-04-27 21:12:07.0,1682601127000000000,,,,169.0,0.0,0.0,1286.0,5.0,1310.0,10.0,1310.5,1.0,,0.0,,0.0,1254.0,1.0,,0.0,,0.0,,0.0,,0.0
2023-04-27 21:12:07.25,1682601127250000000,,,,169.0,0.0,0.0,1286.0,5.0,1310.5,1.0,,0.0,,0.0,,0.0,1254.0,1.0,,0.0,,0.0,,0.0,,0.0
2023-04-27 21:12:11.25,1682601131250000000,,,,169.0,0.0,0.0,1287.5,5.0,1310.5,1.0,,0.0,,0.0,,0.0,1254.0,1.0,,0.0,,0.0,,0.0,,0.0
2023-04-27 21:12:11.75,1682601131750000000,,,,169.0,0.0,0.0,1289.5,5.0,1310.5,1.0,,0.0,,0.0,,0.0,1254.0,1.0,,0.0,,0.0,,0.0,,0.0
2023-04-27 21:12:12.75,1682601132750000000,,,,169.0,0.0,0.0,1288.0,5.0,1310.5,1.0,,0.0,,0.0,,0.0,1254.0,1.0,,0.0,,0.0,,0.0,,0.0
2023-04-27 21:12:22.0,1682601142000000000,,,,169.0,0.0,0.0,1286.5,5.0,1310.5,1.0,,0.0,,0.0,,0.0,1254.0,1.0,,0.0,,0.0,,0.0,,0.0
2023-04-27 21:12:29.5,1682601149500000000,,,,169.0,0.0,0.0,1288.0,5.0,1310.5,1.0,,0.0,,0.0,,0.0,1254.0,1.0,,0.0,,0.0,,0.0,,0.0
2023-04-27 21:12:53.5,1682601173500000000,,,,169.0,0.0,0.0,1289.5,5.0,1310.5,1.0,,0.0,,0.0,,0.0,1254.0,1.0,,0.0,,0.0,,0.0,,0.0
2023-04-27 21:13:07.5,1682601187500000000,,,,169.0,0.0,0.0,1291.0,5.0,1310.5,1.0,,0.0,,0.0,,0.0,1254.0,1.0,,0.0,,0.0,,0.0,,0.0
2023-04-27 21:13:09.25,1682601189250000000,,,,169.0,0.0,0.0,1292.5,5.0,1310.5,1.0,,0.0,,0.0,,0.0,1254.0,1.0,,0.0,,0.0,,0.0,,0.0
2023-04-27 21:13:15.25,1682601195250000000,,,,169.0,0.0,0.0,1294.0,5.0,1310.5,1.0,,0.0,,0.0,,0.0,1254.0,1.0,,0.0,,0.0,,0.0,,0.0
2023-04-27 21:13:19.5,1682601199500000000,,,,169.0,0.0,0.0,1295.5,5.0,1310.5,1.0,,0.0,,0.0,,0.0,1254.0,1.0,,0.0,,0.0,,0.0,,0.0
2023-04-27 21:13:27.75,1682601207750000000,,,,169.0,0.0,0.0,1293.0,5.0,1310.5,1.0,,0.0,,0.0,,0.0,1254.0,1.0,,0.0,,0.0,,0.0,,0.0
2023-04-27 21:13:37.25,1682601217250000000,,,,169.0,0.0,0.0,1295.0,5.0,1310.5,1.0,,0.0,,0.0,,0.0,1254.0,1.0,,0.0,,0.0,,0.0,,0.0
2023-04-27 21:13:41.75,1682601221750000000,,,,169.0,0.0,0.0,1293.5,5.0,1310.5,1.0,,0.0,,0.0,,0.0,1254.0,1.0,,0.0,,0.0,,0.0,,0.0
2023-04-27 21:14:05.0,1682601245000000000,,,,169.0,0.0,0.0,1292.0,5.0,1310.5,1.0,,0.0,,0.0,,0.0,1254.0,1.0,,0.0,,0.0,,0.0,,0.0
2023-04-27 21:14:08.75,1682601248750000000,,,,169.0,0.0,0.0,1290.5,5.0,1310.5,1.0,,0.0,,0.0,,0.0,1254.0,1.0,,0.0,,0.0,,0.0,,0.0
2023-04-27 21:14:35.5,1682601275500000000,,,,169.0,0.0,0.0,1289.0,5.0,1310.5,1.0,,0.0,,0.0,,0.0,1254.0,1.0,,0.0,,0.0,,0.0,,0.0
2023-04-27 21:14:50.75,1682601290750000000,,,,169.0,0.0,0.0,1287.5,5.0,1310.5,1.0,,0.0,,0.0,,0.0,1254.0,1.0,,0.0,,0.0,,0.0,,0.0
2023-04-27 21:14:52.5,1682601292500000000,,,,169.0,0.0,0.0,1289.0,5.0,1310.5,1.0,,0.0,,0.0,,0.0,1254.0,1.0,,0.0,,0.0,,0.0,,0.0
2023-04-27 21:14:54.75,1682601294750000000,,,,169.0,0.0,0.0,1287.5,5.0,1310.5,1.0,,0.0,,0.0,,0.0,1254.0,1.0,,0.0,,0.0,,0.0,,0.0
2023-04-27 21:15:00.75,1682601300750000000,,,,169.0,0.0,0.0,1289.0,5.0,1310.5,1.0,,0.0,,0.0,,0.0,1254.0,1.0,,0.0,,0.0,,0.0,,0.0
2023-04-27 21:15:02.0,1682601302000000000,,,,169.0,0.0,0.0,1287.5,5.0,1310.5,1.0,,0.0,,0.0,,0.0,1254.0,1.0,,0.0,,0.0,,0.0,,0.0
2023-04-27 21:15:15.25,1682601315250000000,,,,169.0,0.0,0.0,1289.0,5.0,1310.5,1.0,,0.0,,0.0,,0.0,1254.0,1.0,,0.0,,0.0,,0.0,,0.0
2023-04-27 21:15:19.0,1682601319000000000,,,,169.0,0.0,0.0,1290.5,5.0,1310.5,1.0,,0.0,,0.0,,0.0,1254.0,1.0,,0.0,,0.0,,0.0,,0.0
2023-04-27 21:15:30.5,1682601330500000000,,,,169.0,0.0,0.0,1289.0,5.0,1310.5,1.0,,0.0,,0.0,,0.0,1254.0,1.0,,0.0,,0.0,,0.0,,0.0
2023-04-27 21:15:32.75,1682601332750000000,,,,169.0,0.0,0.0,1290.5,5.0,1310.5,1.0,,0.0,,0.0,,0.0,1254.0,1.0,,0.0,,0.0,,0.0,,0.0
2023-04-27 21:15:34.0,1682601334000000000,,,,169.0,0.0,0.0,1292.0,5.0,1310.5,1.0,,0.0,,0.0,,0.0,1254.0,1.0,,0.0,,0.0,,0.0,,0.0
2023-04-27 21:15:36.5,1682601336500000000,,,,169.0,0.0,0.0,1293.5,5.0,1310.5,1.0,,0.0,,0.0,,0.0,1254.0,1.0,,0.0,,0.0,,0.0,,0.0
2023-04-27 21:15:39.75,1682601339750000000,,,,169.0,0.0,0.0,1292.0,5.0,1310.5,1.0,,0.0,,0.0,,0.0,1254.0,1.0,,0.0,,0.0,,0.0,,0.0
2023-04-27 21:16:26.75,1682601386750000000,,,,169.0,0.0,0.0,1295.5,5.0,1310.5,1.0,,0.0,,0.0,,0.0,1254.0,1.0,,0.0,,0.0,,0.0,,0.0
2023-04-27 21:16:36.25,1682601396250000000,,,,169.0,0.0,0.0,1293.5,5.0,1310.5,1.0,,0.0,,0.0,,0.0,1254.0,1.0,,0.0,,0.0,,0.0,,0.0
2023-04-27 21:16:49.75,1682601409750000000,,,,169.0,0.0,0.0,1295.0,5.0,1310.5,1.0,,0.0,,0.0,,0.0,1254.0,1.0,,0.0,,0.0,,0.0,,0.0
2023-04-27 21:16:53.75,1682601413750000000,,,,169.0,0.0,0.0,1291.5,5.0,1310.5,1.0,,0.0,,0.0,,0.0,1254.0,1.0,,0.0,,0.0,,0.0,,0.0
2023-04-27 21:17:16.25,1682601436250000000,,,,169.0,0.0,0.0,1290.0,5.0,1310.5,1.0,,0.0,,0.0,,0.0,1254.0,1.0,,0.0,,0.0,,0.0,,0.0
2023-04-27 21:17:21.75,1682601441750000000,,,,169.0,0.0,0.0,1288.5,5.0,1310.5,1.0,,0.0,,0.0,,0.0,1254.0,1.0,,0.0,,0.0,,0.0,,0.0
2023-04-27 21:17:44.0,1682601464000000000,,,,169.0,0.0,0.0,1287.0,5.0,1310.5,1.0,,0.0,,0.0,,0.0,1254.0,1.0,,0.0,,0.0,,0.0,,0.0
2023-04-27 21:17:56.25,1682601476250000000,,,,169.0,0.0,0.0,1285.0,5.0,1310.5,1.0,,0.0,,0.0,,0.0,1254.0,1.0,,0.0,,0.0,,0.0,,0.0
2023-04-27 21:17:56.5,1682601476500000000,,,,169.0,0.0,0.0,1283.0,5.0,1310.5,1.0,,0.0,,0.0,,0.0,1254.0,1.0,,0.0,,0.0,,0.0,,0.0
2023-04-27 21:18:05.5,1682601485500000000,,,,169.0,0.0,0.0,1284.5,5.0,1310.5,1.0,,0.0,,0.0,,0.0,1254.0,1.0,,0.0,,0.0,,0.0,,0.0
2023-04-27 21:18:13.25,1682601493250000000,,,,169.0,0.0,0.0,1283.0,5.0,1310.5,1.0,,0.0,,0.0,,0.0,1254.0,1.0,,0.0,,0.0,,0.0,,0.0
2023-04-27 21:18:32.0,1682601512000000000,,,,169.0,0.0,0.0,1285.0,5.0,1310.5,1.0,,0.0,,0.0,,0.0,1254.0,1.0,,0.0,,0.0,,0.0,,0.0
2023-04-27 21:18:39.75,1682601519750000000,,,,169.0,0.0,0.0,1286.5,5.0,1310.5,1.0,,0.0,,0.0,,0.0,1254.0,1.0,,0.0,,0.0,,0.0,,0.0
2023-04-27 21:18:43.25,1682601523250000000,,,,169.0,0.0,0.0,1284.5,5.0,1310.5,1.0,,0.0,,0.0,,0.0,1254.0,1.0,,0.0,,0.0,,0.0,,0.0
2023-04-27 21:18:55.75,1682601535750000000,,,,169.0,0.0,0.0,1287.5,5.0,1310.5,1.0,,0.0,,0.0,,0.0,1254.0,1.0,,0.0,,0.0,,0.0,,0.0
2023-04-27 21:19:27.75,1682601567750000000,,,,169.0,0.0,0.0,1289.0,5.0,1310.5,1.0,,0.0,,0.0,,0.0,1254.0,1.0,,0.0,,0.0,,0.0,,0.0
2023-04-27 21:19:32.25,1682601572250000000,,,,169.0,0.0,0.0,1287.5,5.0,1310.5,1.0,,0.0,,0.0,,0.0,1254.0,1.0,,0.0,,0.0,,0.0,,0.0
2023-04-27 21:19:38.0,1682601578000000000,,,,169.0,0.0,0.0,1289.0,5.0,1310.5,1.0,,0.0,,0.0,,0.0,1254.0,1.0,,0.0,,0.0,,0.0,,0.0
2023-04-27 21:19:50.75,1682601590750000000,,,,169.0,0.0,0.0,1290.5,5.0,1310.5,1.0,,0.0,,0.0,,0.0,1254.0,1.0,,0.0,,0.0,,0.0,,0.0
2023-04-27 21:20:00.75,1682601600750000000,,,,169.0,0.0,0.0,1292.0,5.0,1310.5,1.0,,0.0,,0.0,,0.0,1254.0,1.0,,0.0,,0.0,,0.0,,0.0
2023-04-27 21:20:09.5,1682601609500000000,,,,169.0,0.0,0.0,1290.5,5.0,1310.5,1.0,,0.0,,0.0,,0.0,1254.0,1.0,,0.0,,0.0,,0.0,,0.0
2023-04-27 21:20:36.75,1682601636750000000,,,,169.0,0.0,0.0,1289.0,5.0,1310.5,1.0,,0.0,,0.0,,0.0,1254.0,1.0,,0.0,,0.0,,0.0,,0.0
2023-04-27 21:20:52.5,1682601652500000000,,,,169.0,0.0,0.0,1287.5,5.0,1310.5,1.0,,0.0,,0.0,,0.0,1254.0,1.0,,0.0,,0.0,,0.0,,0.0
2023-04-27 21:20:59.75,1682601659750000000,,,,169.0,0.0,0.0,1289.0,5.0,1310.5,1.0,,0.0,,0.0,,0.0,1254.0,1.0,,0.0,,0.0,,0.0,,0.0
2023-04-27 21:21:08.75,1682601668750000000,,,,169.0,0.0,0.0,1287.5,5.0,1310.5,1.0,,0.0,,0.0,,0.0,1254.0,1.0,,0.0,,0.0,,0.0,,0.0
2023-04-27 21:21:19.25,1682601679250000000,,,,169.0,0.0,0.0,1286.0,5.0,1310.5,1.0,,0.0,,0.0,,0.0,1254.0,1.0,,0.0,,0.0,,0.0,,0.0
2023-04-27 21:21:24.0,1682601684000000000,,,,169.0,0.0,0.0,1284.5,5.0,1310.5,1.0,,0.0,,0.0,,0.0,1254.0,1.0,,0.0,,0.0,,0.0,,0.0
2023-04-27 21:21:55.0,1682601715000000000,,,,169.0,0.0,0.0,1286.0,5.0,1310.5,1.0,,0.0,,0.0,,0.0,1254.0,1.0,,0.0,,0.0,,0.0,,0.0
2023-04-27 21:22:16.75,1682601736750000000,,,,169.0,0.0,0.0,1288.0,5.0,1310.5,1.0,,0.0,,0.0,,0.0,1254.0,1.0,,0.0,,0.0,,0.0,,0.0
2023-04-27 21:22:21.5,1682601741500000000,,,,169.0,0.0,0.0,1286.5,5.0,1310.5,1.0,,0.0,,0.0,,0.0,1254.0,1.0,,0.0,,0.0,,0.0,,0.0
2023-04-27 21:22:34.25,1682601754250000000,,,,169.0,0.0,0.0,1288.0,5.0,1310.5,1.0,,0.0,,0.0,,0.0,1254.0,1.0,,0.0,,0.0,,0.0,,0.0
2023-04-27 21:23:19.0,1682601799000000000,,,,169.0,0.0,0.0,1286.5,5.0,1310.5,1.0,,0.0,,0.0,,0.0,1254.0,1.0,,0.0,,0.0,,0.0,,0.0
2023-04-27 21:23:50.5,1682601830500000000,,,,169.0,0.0,0.0,1285.0,5.0,1310.5,1.0,,0.0,,0.0,,0.0,1254.0,1.0,,0.0,,0.0,,0.0,,0.0
2023-04-27 21:24:01.25,1682601841250000000,,,,169.0,0.0,0.0,1283.0,5.0,1310.5,1.0,,0.0,,0.0,,0.0,1254.0,1.0,,0.0,,0.0,,0.0,,0.0
2023-04-27 21:24:02.75,1682601842750000000,,,,169.0,0.0,0.0,1281.5,5.0,1310.5,1.0,,0.0,,0.0,,0.0,1254.0,1.0,,0.0,,0.0,,0.0,,0.0
2023-04-27 21:24:14.25,1682601854250000000,,,,169.0,0.0,0.0,1283.0,5.0,1310.5,1.0,,0.0,,0.0,,0.0,1254.0,1.0,,0.0,,0.0,,0.0,,0.0
2023-04-27 21:24:19.75,1682601859750000000,,,,169.0,0.0,0.0,1281.5,5.0,1310.5,1.0,,0.0,,0.0,,0.0,1254.0,1.0,,0.0,,0.0,,0.0,,0.0
2023-04-27 21:24:54.25,1682601894250000000,,,,169.0,0.0,0.0,1280.0,5.0,1310.5,1.0,,0.0,,0.0,,0.0,1254.0,1.0,,0.0,,0.0,,0.0,,0.0
2023-04-27 21:24:58.75,1682601898750000000,,,,169.0,0.0,0.0,1278.5,5.0,1310.5,1.0,,0.0,,0.0,,0.0,1254.0,1.0,,0.0,,0.0,,0.0,,0.0
2023-04-27 21:25:00.0,1682601900000000000,,,,169.0,0.0,0.0,1280.0,5.0,1310.5,1.0,,0.0,,0.0,,0.0,1254.0,1.0,,0.0,,0.0,,0.0,,0.0
2023-04-27 21:25:11.5,1682601911500000000,,,,169.0,0.0,0.0,1281.5,5.0,1310.5,1.0,,0.0,,0.0,,0.0,1254.0,1.0,,0.0,,0.0,,0.0,,0.0
2023-04-27 21:25:18.75,1682601918750000000,,,,169.0,0.0,0.0,1284.0,5.0,1310.5,1.0,,0.0,,0.0,,0.0,1254.0,1.0,,0.0,,0.0,,0.0,,0.0
2023-04-27 21:25:43.0,1682601943000000000,,,,169.0,0.0,0.0,1282.5,5.0,1310.5,1.0,,0.0,,0.0,,0.0,1254.0,1.0,,0.0,,0.0,,0.0,,0.0
2023-04-27 21:25:53.0,1682601953000000000,,,,169.0,0.0,0.0,1284.0,5.0,1310.5,1.0,,0.0,,0.0,,0.0,1254.0,1.0,,0.0,,0.0,,0.0,,0.0
2023-04-27 21:26:07.75,1682601967750000000,,,,169.0,0.0,0.0,1282.5,5.0,1310.5,1.0,,0.0,,0.0,,0.0,1254.0,1.0,,0.0,,0.0,,0.0,,0.0
2023-04-27 21:26:38.5,1682601998500000000,,,,169.0,0.0,0.0,1280.5,5.0,1310.5,1.0,,0.0,,0.0,,0.0,1254.0,1.0,,0.0,,0.0,,0.0,,0.0
2023-04-27 21:27:37.5,1682602057500000000,,,,169.0,0.0,0.0,1282.0,5.0,1310.5,1.0,,0.0,,0.0,,0.0,1254.0,1.0,,0.0,,0.0,,0.0,,0.0
2023-04-27 21:28:12.0,1682602092000000000,,,,169.0,0.0,0.0,1283.5,5.0,1310.5,1.0,,0.0,,0.0,,0.0,1254.0,1.0,,0.0,,0.0,,0.0,,0.0
2023-04-27 21:28:15.5,1682602095500000000,,,,169.0,0.0,0.0,1285.0,5.0,1310.5,1.0,,0.0,,0.0,,0.0,1254.0,1.0,,0.0,,0.0,,0.0,,0.0
2023-04-27 21:28:16.75,1682602096750000000,,,,169.0,0.0,0.0,1286.5,5.0,1310.5,1.0,,0.0,,0.0,,0.0,1254.0,1.0,,0.0,,0.0,,0.0,,0.0
2023-04-27 21:28:21.0,1682602101000000000,,,,169.0,0.0,0.0,1288.0,5.0,1310.5,1.0,,0.0,,0.0,,0.0,1254.0,1.0,,0.0,,0.0,,0.0,,0.0
2023-04-27 21:28:49.25,1682602129250000000,,,,169.0,0.0,0.0,1286.5,5.0,1310.5,1.0,,0.0,,0.0,,0.0,1254.0,1.0,,0.0,,0.0,,0.0,,0.0
2023-04-27 21:29:25.5,1682602165500000000,,,,169.0,0.0,0.0,1288.0,5.0,1310.5,1.0,,0.0,,0.0,,0.0,1254.0,1.0,,0.0,,0.0,,0.0,,0.0
2023-04-27 21:29:44.0,1682602184000000000,,,,169.0,0.0,0.0,1286.5,5.0,1310.5,1.0,,0.0,,0.0,,0.0,1254.0,1.0,,0.0,,0.0,,0.0,,0.0
2023-04-27 21:30:05.25,1682602205250000000,,,,169.0,0.0,0.0,1288.0,5.0,1310.5,1.0,,0.0,,0.0,,0.0,1254.0,1.0,,0.0,,0.0,,0.0,,0.0
2023-04-27 21:30:56.0,1682602256000000000,,,,169.0,0.0,0.0,1286.5,5.0,1310.5,1.0,,0.0,,0.0,,0.0,1254.0,1.0,,0.0,,0.0,,0.0,,0.0
2023-04-27 21:31:13.5,1682602273500000000,,,,169.0,0.0,0.0,1285.0,5.0,1310.5,1.0,,0.0,,0.0,,0.0,1254.0,1.0,,0.0,,0.0,,0.0,,0.0
2023-04-27 21:31:29.75,1682602289750000000,,,,169.0,0.0,0.0,1286.5,5.0,1310.5,1.0,,0.0,,0.0,,0.0,1254.0,1.0,,0.0,,0.0,,0.0,,0.0
2023-04-27 21:31:39.5,1682602299500000000,,,,169.0,0.0,0.0,1288.0,5.0,1310.5,1.0,,0.0,,0.0,,0.0,1254.0,1.0,,0.0,,0.0,,0.0,,0.0
2023-04-27 21:32:12.0,1682602332000000000,,,,169.0,0.0,0.0,1292.0,5.0,1310.5,1.0,,0.0,,0.0,,0.0,1254.0,1.0,,0.0,,0.0,,0.0,,0.0
2023-04-27 21:32:12.25,1682602332250000000,,,,169.0,0.0,0.0,1310.5,1.0,,0.0,,0.0,,0.0,,0.0,1254.0,1.0,,0.0,,0.0,,0.0,,0.0
2023-04-27 21:32:53.75,1682602373750000000,,,,169.0,0.0,0.0,1294.0,5.0,1310.5,1.0,,0.0,,0.0,,0.0,1254.0,1.0,,0.0,,0.0,,0.0,,0.0
2023-04-27 21:32:58.75,1682602378750000000,,,,169.0,0.0,0.0,1295.5,5.0,1310.5,1.0,,0.0,,0.0,,0.0,1254.0,1.0,,0.0,,0.0,,0.0,,0.0
2023-04-27 21:33:04.25,1682602384250000000,,,,169.0,0.0,0.0,1297.0,5.0,1310.5,1.0,,0.0,,0.0,,0.0,1254.0,1.0,,0.0,,0.0,,0.0,,0.0
2023-04-27 21:33:44.0,1682602424000000000,,,,169.0,0.0,0.0,1295.5,5.0,1310.5,1.0,,0.0,,0.0,,0.0,1254.0,1.0,,0.0,,0.0,,0.0,,0.0
2023-04-27 21:34:01.75,1682602441750000000,,,,169.0,0.0,0.0,1294.0,5.0,1310.5,1.0,,0.0,,0.0,,0.0,1254.0,1.0,,0.0,,0.0,,0.0,,0.0
2023-04-27 21:34:03.25,1682602443250000000,,,,169.0,0.0,0.0,1292.5,5.0,1310.5,1.0,,0.0,,0.0,,0.0,1254.0,1.0,,0.0,,0.0,,0.0,,0.0
2023-04-27 21:34:07.0,1682602447000000000,,,,169.0,0.0,0.0,1290.5,5.0,1310.5,1.0,,0.0,,0.0,,0.0,1254.0,1.0,,0.0,,0.0,,0.0,,0.0
2023-04-27 21:34:11.75,1682602451750000000,,,,169.0,0.0,0.0,1292.5,5.0,1310.5,1.0,,0.0,,0.0,,0.0,1254.0,1.0,,0.0,,0.0,,0.0,,0.0
2023-04-27 21:34:20.25,1682602460250000000,,,,169.0,0.0,0.0,1291.0,5.0,1310.5,1.0,,0.0,,0.0,,0.0,1254.0,1.0,,0.0,,0.0,,0.0,,0.0
2023-04-27 21:34:26.0,1682602466000000000,,,,169.0,0.0,0.0,1292.5,5.0,1310.5,1.0,,0.0,,0.0,,0.0,1254.0,1.0,,0.0,,0.0,,0.0,,0.0
2023-04-27 21:34:58.75,1682602498750000000,,,,169.0,0.0,0.0,1294.0,5.0,1310.5,1.0,,0.0,,0.0,,0.0,1254.0,1.0,,0.0,,0.0,,0.0,,0.0
2023-04-27 21:35:00.5,1682602500500000000,,,,169.0,0.0,0.0,1292.5,5.0,1310.5,1.0,,0.0,,0.0,,0.0,1254.0,1.0,,0.0,,0.0,,0.0,,0.0
2023-04-27 21:35:39.0,1682602539000000000,,,,169.0,0.0,0.0,1291.0,5.0,1310.5,1.0,,0.0,,0.0,,0.0,1254.0,1.0,,0.0,,0.0,,0.0,,0.0
2023-04-27 21:35:41.0,1682602541000000000,,,,169.0,0.0,0.0,1288.5,5.0,1310.5,1.0,,0.0,,0.0,,0.0,1254.0,1.0,,0.0,,0.0,,0.0,,0.0
2023-04-27 21:35:42.5,1682602542500000000,,,,169.0,0.0,0.0,1290.0,5.0,1310.5,1.0,,0.0,,0.0,,0.0,1254.0,1.0,,0.0,,0.0,,0.0,,0.0
2023-04-27 21:35:50.75,1682602550750000000,,,,169.0,0.0,0.0,1292.0,5.0,1310.5,1.0,,0.0,,0.0,,0.0,1254.0,1.0,,0.0,,0.0,,0.0,,0.0
2023-04-27 21:36:01.75,1682602561750000000,,,,169.0,0.0,0.0,1290.5,5.0,1310.5,1.0,,0.0,,0.0,,0.0,1254.0,1.0,,0.0,,0.0,,0.0,,0.0
2023-04-27 21:36:59.75,1682602619750000000,,,,169.0,0.0,0.0,1292.0,5.0,1310.5,1.0,,0.0,,0.0,,0.0,1254.0,1.0,,0.0,,0.0,,0.0,,0.0
2023-04-27 21:37:00.0,1682602620000000000,,,,169.0,0.0,0.0,1294.0,5.0,1310.5,1.0,,0.0,,0.0,,0.0,1254.0,1.0,,0.0,,0.0,,0.0,,0.0
2023-04-27 21:37:09.5,1682602629500000000,,,,169.0,0.0,0.0,1292.5,5.0,1310.5,1.0,,0.0,,0.0,,0.0,1254.0,1.0,,0.0,,0.0,,0.0,,0.0
2023-04-27 21:37:22.75,1682602642750000000,,,,169.0,0.0,0.0,1291.0,5.0,1310.5,1.0,,0.0,,0.0,,0.0,1254.0,1.0,,0.0,,0.0,,0.0,,0.0
2023-04-27 21:37:26.0,1682602646000000000,,,,169.0,0.0,0.0,1289.5,5.0,1310.5,1.0,,0.0,,0.0,,0.0,1254.0,1.0,,0.0,,0.0,,0.0,,0.0
2023-04-27 21:37:34.5,1682602654500000000,,,,169.0,0.0,0.0,1288.0,5.0,1310.5,1.0,,0.0,,0.0,,0.0,1254.0,1.0,,0.0,,0.0,,0.0,,0.0
2023-04-27 21:37:37.25,1682602657250000000,,,,169.0,0.0,0.0,1286.5,5.0,1310.5,1.0,,0.0,,0.0,,0.0,1254.0,1.0,,0.0,,0.0,,0.0,,0.0
2023-04-27 21:38:02.25,1682602682250000000,,,,169.0,0.0,0.0,1285.0,5.0,1310.5,1.0,,0.0,,0.0,,0.0,1254.0,1.0,,0.0,,0.0,,0.0,,0.0
2023-04-27 21:38:08.5,1682602688500000000,,,,169.0,0.0,0.0,1286.5,5.0,1310.5,1.0,,0.0,,0.0,,0.0,1254.0,1.0,,0.0,,0.0,,0.0,,0.0
2023-04-27 21:38:14.0,1682602694000000000,,,,169.0,0.0,0.0,1288.0,5.0,1310.5,1.0,,0.0,,0.0,,0.0,1254.0,1.0,,0.0,,0.0,,0.0,,0.0
2023-04-27 21:38:31.75,1682602711750000000,,,,169.0,0.0,0.0,1286.5,5.0,1310.5,1.0,,0.0,,0.0,,0.0,1254.0,1.0,,0.0,,0.0,,0.0,,0.0
2023-04-27 21:39:10.25,1682602750250000000,,,,169.0,0.0,0.0,1288.0,5.0,1310.5,1.0,,0.0,,0.0,,0.0,1254.0,1.0,,0.0,,0.0,,0.0,,0.0
2023-04-27 21:39:29.0,1682602769000000000,,,,169.0,0.0,0.0,1289.5,5.0,1310.5,1.0,,0.0,,0.0,,0.0,1254.0,1.0,,0.0,,0.0,,0.0,,0.0
2023-04-27 21:39:54.0,1682602794000000000,,,,169.0,0.0,0.0,1288.0,5.0,1310.5,1.0,,0.0,,0.0,,0.0,1254.0,1.0,,0.0,,0.0,,0.0,,0.0
2023-04-27 21:40:00.75,1682602800750000000,,,,169.0,0.0,0.0,1286.5,5.0,1310.5,1.0,,0.0,,0.0,,0.0,1254.0,1.0,,0.0,,0.0,,0.0,,0.0
2023-04-27 21:40:30.75,1682602830750000000,,,,169.0,0.0,0.0,1288.0,5.0,1310.5,1.0,,0.0,,0.0,,0.0,1254.0,1.0,,0.0,,0.0,,0.0,,0.0
2023-04-27 21:41:02.0,1682602862000000000,,,,169.0,0.0,0.0,1286.5,5.0,1310.5,1.0,,0.0,,0.0,,0.0,1254.0,1.0,,0.0,,0.0,,0.0,,0.0
2023-04-27 21:41:14.25,1682602874250000000,,,,169.0,0.0,0.0,1288.0,5.0,1310.5,1.0,,0.0,,0.0,,0.0,1254.0,1.0,,0.0,,0.0,,0.0,,0.0
2023-04-27 21:41:16.25,1682602876250000000,,,,169.0,0.0,0.0,1286.5,5.0,1310.5,1.0,,0.0,,0.0,,0.0,1254.0,1.0,,0.0,,0.0,,0.0,,0.0
2023-04-27 21:41:36.5,1682602896500000000,,,,169.0,0.0,0.0,1285.0,5.0,1310.5,1.0,,0.0,,0.0,,0.0,1254.0,1.0,,0.0,,0.0,,0.0,,0.0
2023-04-27 21:41:44.0,1682602904000000000,,,,169.0,0.0,0.0,1283.5,5.0,1310.5,1.0,,0.0,,0.0,,0.0,1254.0,1.0,,0.0,,0.0,,0.0,,0.0
2023-04-27 21:41:56.5,1682602916500000000,,,,169.0,0.0,0.0,1285.0,5.0,1310.5,1.0,,0.0,,0.0,,0.0,1254.0,1.0,,0.0,,0.0,,0.0,,0.0
2023-04-27 21:42:02.0,1682602922000000000,,,,169.0,0.0,0.0,1283.0,5.0,1310.5,1.0,,0.0,,0.0,,0.0,1254.0,1.0,,0.0,,0.0,,0.0,,0.0
2023-04-27 21:42:11.0,1682602931000000000,,,,169.0,0.0,0.0,1284.5,5.0,1310.5,1.0,,0.0,,0.0,,0.0,1254.0,1.0,,0.0,,0.0,,0.0,,0.0
2023-04-27 21:42:31.0,1682602951000000000,,,,169.0,0.0,0.0,1286.0,5.0,1310.5,1.0,,0.0,,0.0,,0.0,1254.0,1.0,,0.0,,0.0,,0.0,,0.0
2023-04-27 21:42:58.75,1682602978750000000,,,,169.0,0.0,0.0,1284.5,5.0,1310.5,1.0,,0.0,,0.0,,0.0,1254.0,1.0,,0.0,,0.0,,0.0,,0.0
2023-04-27 21:43:03.5,1682602983500000000,,,,169.0,0.0,0.0,1286.0,5.0,1310.5,1.0,,0.0,,0.0,,0.0,1254.0,1.0,,0.0,,0.0,,0.0,,0.0
2023-04-27 21:43:05.25,1682602985250000000,,,,169.0,0.0,0.0,1288.0,5.0,1310.5,1.0,,0.0,,0.0,,0.0,1254.0,1.0,,0.0,,0.0,,0.0,,0.0
2023-04-27 21:43:06.25,1682602986250000000,,,,169.0,0.0,0.0,1290.5,5.0,1310.5,1.0,,0.0,,0.0,,0.0,1254.0,1.0,,0.0,,0.0,,0.0,,0.0
2023-04-27 21:43:09.5,1682602989500000000,,,,169.0,0.0,0.0,1289.0,5.0,1310.5,1.0,,0.0,,0.0,,0.0,1254.0,1.0,,0.0,,0.0,,0.0,,0.0
2023-04-27 21:43:13.5,1682602993500000000,,,,169.0,0.0,0.0,1290.5,5.0,1310.5,1.0,,0.0,,0.0,,0.0,1254.0,1.0,,0.0,,0.0,,0.0,,0.0
2023-04-27 21:43:44.5,1682603024500000000,,,,169.0,0.0,0.0,1292.5,5.0,1310.5,1.0,,0.0,,0.0,,0.0,1254.0,1.0,,0.0,,0.0,,0.0,,0.0
2023-04-27 21:44:19.0,1682603059000000000,,,,169.0,0.0,0.0,1291.0,5.0,1310.5,1.0,,0.0,,0.0,,0.0,1254.0,1.0,,0.0,,0.0,,0.0,,0.0
2023-04-27 21:45:00.75,1682603100750000000,,,,169.0,0.0,0.0,1293.0,5.0,1310.5,1.0,,0.0,,0.0,,0.0,1254.0,1.0,,0.0,,0.0,,0.0,,0.0
2023-04-27 21:45:03.5,1682603103500000000,,,,169.0,0.0,0.0,1290.5,5.0,1310.5,1.0,,0.0,,0.0,,0.0,1254.0,1.0,,0.0,,0.0,,0.0,,0.0
2023-04-27 21:45:06.0,1682603106000000000,,,,169.0,0.0,0.0,1292.0,5.0,1310.5,1.0,,0.0,,0.0,,0.0,1254.0,1.0,,0.0,,0.0,,0.0,,0.0
2023-04-27 21:46:03.75,1682603163750000000,,,,169.0,0.0,0.0,1294.0,5.0,1310.5,1.0,,0.0,,0.0,,0.0,1254.0,1.0,,0.0,,0.0,,0.0,,0.0
2023-04-27 21:46:12.5,1682603172500000000,,,,169.0,0.0,0.0,1292.5,5.0,1310.5,1.0,,0.0,,0.0,,0.0,1254.0,1.0,,0.0,,0.0,,0.0,,0.0
2023-04-27 21:46:31.5,1682603191500000000,,,,169.0,0.0,0.0,1294.0,5.0,1310.5,1.0,,0.0,,0.0,,0.0,1254.0,1.0,,0.0,,0.0,,0.0,,0.0
2023-04-27 21:46:38.0,1682603198000000000,,,,169.0,0.0,0.0,1292.5,5.0,1310.5,1.0,,0.0,,0.0,,0.0,1254.0,1.0,,0.0,,0.0,,0.0,,0.0
2023-04-27 21:47:15.0,1682603235000000000,,,,169.0,0.0,0.0,1290.5,5.0,1310.5,1.0,,0.0,,0.0,,0.0,1254.0,1.0,,0.0,,0.0,,0.0,,0.0
2023-04-27 21:48:21.0,1682603301000000000,,,,169.0,0.0,0.0,1292.0,5.0,1310.5,1.0,,0.0,,0.0,,0.0,1254.0,1.0,,0.0,,0.0,,0.0,,0.0
2023-04-27 21:48:24.0,1682603304000000000,,,,169.0,0.0,0.0,1293.5,5.0,1310.5,1.0,,0.0,,0.0,,0.0,1254.0,1.0,,0.0,,0.0,,0.0,,0.0
2023-04-27 21:48:46.25,1682603326250000000,,,,169.0,0.0,0.0,1292.0,5.0,1310.5,1.0,,0.0,,0.0,,0.0,1254.0,1.0,,0.0,,0.0,,0.0,,0.0
2023-04-27 21:48:59.0,1682603339000000000,,,,169.0,0.0,0.0,1290.5,5.0,1310.5,1.0,,0.0,,0.0,,0.0,1254.0,1.0,,0.0,,0.0,,0.0,,0.0
2023-04-27 21:50:41.75,1682603441750000000,,,,169.0,0.0,0.0,1292.0,5.0,1310.5,1.0,,0.0,,0.0,,0.0,1254.0,1.0,,0.0,,0.0,,0.0,,0.0
2023-04-27 21:51:07.0,1682603467000000000,,,,169.0,0.0,0.0,1293.5,5.0,1310.5,1.0,,0.0,,0.0,,0.0,1254.0,1.0,,0.0,,0.0,,0.0,,0.0
2023-04-27 21:51:08.5,1682603468500000000,,,,169.0,0.0,0.0,1295.0,5.0,1310.5,1.0,,0.0,,0.0,,0.0,1254.0,1.0,,0.0,,0.0,,0.0,,0.0
2023-04-27 21:51:31.5,1682603491500000000,,,,169.0,0.0,0.0,1293.5,5.0,1310.5,1.0,,0.0,,0.0,,0.0,1254.0,1.0,,0.0,,0.0,,0.0,,0.0
2023-04-27 21:52:14.75,1682603534750000000,,,,169.0,0.0,0.0,1295.0,5.0,1310.5,1.0,,0.0,,0.0,,0.0,1254.0,1.0,,0.0,,0.0,,0.0,,0.0
2023-04-27 21:52:17.75,1682603537750000000,,,,169.0,0.0,0.0,1296.5,5.0,1310.5,1.0,,0.0,,0.0,,0.0,1254.0,1.0,,0.0,,0.0,,0.0,,0.0
2023-04-27 21:52:25.75,1682603545750000000,,,,169.0,0.0,0.0,1295.0,5.0,1310.5,1.0,,0.0,,0.0,,0.0,1254.0,1.0,,0.0,,0.0,,0.0,,0.0
2023-04-27 21:52:43.75,1682603563750000000,,,,169.0,0.0,0.0,1296.5,5.0,1310.5,1.0,,0.0,,0.0,,0.0,1254.0,1.0,,0.0,,0.0,,0.0,,0.0
2023-04-27 21:52:58.25,1682603578250000000,,,,169.0,0.0,0.0,1298.0,5.0,1310.5,1.0,,0.0,,0.0,,0.0,1254.0,1.0,,0.0,,0.0,,0.0,,0.0
2023-04-27 21:53:00.75,1682603580750000000,,,,169.0,0.0,0.0,1300.0,5.0,1310.5,1.0,,0.0,,0.0,,0.0,1254.0,1.0,,0.0,,0.0,,0.0,,0.0
2023-04-27 21:53:04.75,1682603584750000000,,,,169.0,0.0,0.0,1298.5,5.0,1310.5,1.0,,0.0,,0.0,,0.0,1254.0,1.0,,0.0,,0.0,,0.0,,0.0
2023-04-27 21:53:32.5,1682603612500000000,,,,169.0,0.0,0.0,1297.0,5.0,1310.5,1.0,,0.0,,0.0,,0.0,1254.0,1.0,,0.0,,0.0,,0.0,,0.0
2023-04-27 21:53:44.75,1682603624750000000,,,,169.0,0.0,0.0,1298.5,5.0,1310.5,1.0,,0.0,,0.0,,0.0,1254.0,1.0,,0.0,,0.0,,0.0,,0.0
2023-04-27 21:55:08.25,1682603708250000000,,,,169.0,0.0,0.0,1297.0,5.0,1310.5,1.0,,0.0,,0.0,,0.0,1254.0,1.0,,0.0,,0.0,,0.0,,0.0
2023-04-27 21:55:43.5,1682603743500000000,,,,169.0,0.0,0.0,1295.5,5.0,1310.5,1.0,,0.0,,0.0,,0.0,1254.0,1.0,,0.0,,0.0,,0.0,,0.0
2023-04-27 21:55:46.75,1682603746750000000,,,,169.0,0.0,0.0,1294.0,5.0,1310.5,1.0,,0.0,,0.0,,0.0,1254.0,1.0,,0.0,,0.0,,0.0,,0.0
2023-04-27 21:55:51.25,1682603751250000000,,,,169.0,0.0,0.0,1296.0,5.0,1310.5,1.0,,0.0,,0.0,,0.0,1254.0,1.0,,0.0,,0.0,,0.0,,0.0
2023-04-27 21:56:17.5,1682603777500000000,,,,169.0,0.0,0.0,1297.5,5.0,1310.5,1.0,,0.0,,0.0,,0.0,1254.0,1.0,,0.0,,0.0,,0.0,,0.0
2023-04-27 21:56:40.75,1682603800750000000,,,,169.0,0.0,0.0,1296.0,5.0,1310.5,1.0,,0.0,,0.0,,0.0,1254.0,1.0,,0.0,,0.0,,0.0,,0.0
2023-04-27 21:56:46.0,1682603806000000000,,,,169.0,0.0,0.0,1297.5,5.0,1310.5,1.0,,0.0,,0.0,,0.0,1254.0,1.0,,0.0,,0.0,,0.0,,0.0
2023-04-27 21:57:34.25,1682603854250000000,,,,169.0,0.0,0.0,1296.0,5.0,1310.5,1.0,,0.0,,0.0,,0.0,1254.0,1.0,,0.0,,0.0,,0.0,,0.0
2023-04-27 21:58:03.0,1682603883000000000,,,,169.0,0.0,0.0,1297.5,5.0,1310.5,1.0,,0.0,,0.0,,0.0,1254.0,1.0,,0.0,,0.0,,0.0,,0.0
2023-04-27 21:58:26.0,1682603906000000000,,,,169.0,0.0,0.0,1296.0,5.0,1310.5,1.0,,0.0,,0.0,,0.0,1254.0,1.0,,0.0,,0.0,,0.0,,0.0
2023-04-27 21:58:30.5,1682603910500000000,,,,169.0,0.0,0.0,1294.0,5.0,1310.5,1.0,,0.0,,0.0,,0.0,1254.0,1.0,,0.0,,0.0,,0.0,,0.0
2023-04-27 21:58:37.75,1682603917750000000,,,,169.0,0.0,0.0,1295.5,5.0,1310.5,1.0,,0.0,,0.0,,0.0,1254.0,1.0,,0.0,,0.0,,0.0,,0.0
2023-04-27 21:59:02.75,1682603942750000000,,,,169.0,0.0,0.0,1294.0,5.0,1310.5,1.0,,0.0,,0.0,,0.0,1254.0,1.0,,0.0,,0.0,,0.0,,0.0
2023-04-27 21:59:21.0,1682603961000000000,,,,169.0,0.0,0.0,1292.5,5.0,1310.5,1.0,,0.0,,0.0,,0.0,1254.0,1.0,,0.0,,0.0,,0.0,,0.0
2023-04-27 21:59:30.5,1682603970500000000,,,,169.0,0.0,0.0,1290.5,5.0,1310.5,1.0,,0.0,,0.0,,0.0,1254.0,1.0,,0.0,,0.0,,0.0,,0.0
2023-04-27 21:59:45.0,1682603985000000000,,,,169.0,0.0,0.0,1292.0,5.0,1310.5,1.0,,0.0,,0.0,,0.0,1254.0,1.0,,0.0,,0.0,,0.0,,0.0
2023-04-27 22:00:01.25,1682604001250000000,,,,169.0,0.0,0.0,1293.5,5.0,1310.5,1.0,,0.0,,0.0,,0.0,1254.0,1.0,,0.0,,0.0,,0.0,,0.0
2023-04-27 22:00:11.5,1682604011500000000,,,,169.0,0.0,0.0,1295.0,5.0,1310.5,1.0,,0.0,,0.0,,0.0,1254.0,1.0,,0.0,,0.0,,0.0,,0.0
2023-04-27 22:00:35.25,1682604035250000000,,,,169.0,0.0,0.0,1293.0,5.0,1310.5,1.0,,0.0,,0.0,,0.0,1254.0,1.0,,0.0,,0.0,,0.0,,0.0
2023-04-27 22:00:39.0,1682604039000000000,,,,169.0,0.0,0.0,1291.5,5.0,1310.5,1.0,,0.0,,0.0,,0.0,1254.0,1.0,,0.0,,0.0,,0.0,,0.0
2023-04-27 22:01:00.25,1682604060250000000,,,,169.0,0.0,0.0,1293.0,5.0,1310.5,1.0,,0.0,,0.0,,0.0,1254.0,1.0,,0.0,,0.0,,0.0,,0.0
2023-04-27 22:01:05.5,1682604065500000000,,,,169.0,0.0,0.0,1294.5,5.0,1310.5,1.0,,0.0,,0.0,,0.0,1254.0,1.0,,0.0,,0.0,,0.0,,0.0
2023-04-27 22:01:05.75,1682604065750000000,,,,169.0,0.0,0.0,1297.0,5.0,1310.5,1.0,,0.0,,0.0,,0.0,1254.0,1.0,,0.0,,0.0,,0.0,,0.0
2023-04-27 22:01:23.75,1682604083750000000,,,,169.0,0.0,0.0,1298.5,5.0,1310.5,1.0,,0.0,,0.0,,0.0,1254.0,1.0,,0.0,,0.0,,0.0,,0.0
2023-04-27 22:01:33.25,1682604093250000000,,,,169.0,0.0,0.0,1300.0,5.0,1310.5,1.0,,0.0,,0.0,,0.0,1254.0,1.0,,0.0,,0.0,,0.0,,0.0
2023-04-27 22:01:35.25,1682604095250000000,,,,169.0,0.0,0.0,1301.5,5.0,1310.5,1.0,,0.0,,0.0,,0.0,1254.0,1.0,,0.0,,0.0,,0.0,,0.0
2023-04-27 22:02:19.75,1682604139750000000,,,,169.0,0.0,0.0,1300.0,5.0,1310.5,1.0,,0.0,,0.0,,0.0,1254.0,1.0,,0.0,,0.0,,0.0,,0.0
2023-04-27 22:02:28.75,1682604148750000000,,,,169.0,0.0,0.0,1298.5,5.0,1310.5,1.0,,0.0,,0.0,,0.0,1254.0,1.0,,0.0,,0.0,,0.0,,0.0
2023-04-27 22:02:45.0,1682604165000000000,,,,169.0,0.0,0.0,1296.0,5.0,1310.5,1.0,,0.0,,0.0,,0.0,1254.0,1.0,,0.0,,0.0,,0.0,,0.0
2023-04-27 22:02:56.0,1682604176000000000,,,,169.0,0.0,0.0,1297.5,5.0,1310.5,1.0,,0.0,,0.0,,0.0,1254.0,1.0,,0.0,,0.0,,0.0,,0.0
2023-04-27 22:03:14.0,1682604194000000000,,,,169.0,0.0,0.0,1299.5,5.0,1310.5,1.0,,0.0,,0.0,,0.0,1254.0,1.0,,0.0,,0.0,,0.0,,0.0
2023-04-27 22:03:14.5,1682604194500000000,,,,169.0,0.0,0.0,1301.0,5.0,1310.5,1.0,,0.0,,0.0,,0.0,1254.0,1.0,,0.0,,0.0,,0.0,,0.0
2023-04-27 22:03:38.75,1682604218750000000,,,,169.0,0.0,0.0,1302.5,5.0,1310.5,1.0,,0.0,,0.0,,0.0,1254.0,1.0,,0.0,,0.0,,0.0,,0.0
2023-04-27 22:04:14.75,1682604254750000000,,,,169.0,0.0,0.0,1304.0,5.0,1310.5,1.0,,0.0,,0.0,,0.0,1254.0,1.0,,0.0,,0.0,,0.0,,0.0
2023-04-27 22:04:21.0,1682604261000000000,,,,169.0,0.0,0.0,1302.5,5.0,1310.5,1.0,,0.0,,0.0,,0.0,1254.0,1.0,,0.0,,0.0,,0.0,,0.0
2023-04-27 22:04:37.25,1682604277250000000,,,,169.0,0.0,0.0,1301.0,5.0,1310.5,1.0,,0.0,,0.0,,0.0,1254.0,1.0,,0.0,,0.0,,0.0,,0.0
2023-04-27 22:05:31.75,1682604331750000000,,,,169.0,0.0,0.0,1303.5,5.0,1310.5,1.0,,0.0,,0.0,,0.0,1254.0,1.0,,0.0,,0.0,,0.0,,0.0
2023-04-27 22:05:39.75,1682604339750000000,,,,169.0,0.0,0.0,1301.5,5.0,1310.5,1.0,,0.0,,0.0,,0.0,1254.0,1.0,,0.0,,0.0,,0.0,,0.0
2023-04-27 22:05:40.5,1682604340500000000,,,,169.0,0.0,0.0,1303.0,5.0,1310.5,1.0,,0.0,,0.0,,0.0,1254.0,1.0,,0.0,,0.0,,0.0,,0.0
2023-04-27 22:05:41.75,1682604341750000000,,,,169.0,0.0,0.0,1301.5,5.0,1310.5,1.0,,0.0,,0.0,,0.0,1254.0,1.0,,0.0,,0.0,,0.0,,0.0
2023-04-27 22:05:52.0,1682604352000000000,,,,169.0,0.0,0.0,1303.0,5.0,1310.5,1.0,,0.0,,0.0,,0.0,1254.0,1.0,,0.0,,0.0,,0.0,,0.0
2023-04-27 22:06:53.0,1682604413000000000,,,,169.0,0.0,0.0,1301.5,5.0,1310.5,1.0,,0.0,,0.0,,0.0,1254.0,1.0,,0.0,,0.0,,0.0,,0.0
2023-04-27 22:07:14.75,1682604434750000000,,,,169.0,0.0,0.0,1300.0,5.0,1310.5,1.0,,0.0,,0.0,,0.0,1254.0,1.0,,0.0,,0.0,,0.0,,0.0
2023-04-27 22:07:16.75,1682604436750000000,,,,169.0,0.0,0.0,1297.5,5.0,1310.5,1.0,,0.0,,0.0,,0.0,1254.0,1.0,,0.0,,0.0,,0.0,,0.0
2023-04-27 22:07:41.25,1682604461250000000,,,,169.0,0.0,0.0,1295.5,5.0,1310.5,1.0,,0.0,,0.0,,0.0,1254.0,1.0,,0.0,,0.0,,0.0,,0.0
2023-04-27 22:07:52.25,1682604472250000000,,,,169.0,0.0,0.0,1297.0,5.0,1310.5,1.0,,0.0,,0.0,,0.0,1254.0,1.0,,0.0,,0.0,,0.0,,0.0
2023-04-27 22:08:22.25,1682604502250000000,,,,169.0,0.0,0.0,1298.5,5.0,1310.5,1.0,,0.0,,0.0,,0.0,1254.0,1.0,,0.0,,0.0,,0.0,,0.0
2023-04-27 22:09:15.5,1682604555500000000,,,,169.0,0.0,0.0,1300.0,5.0,1310.5,1.0,,0.0,,0.0,,0.0,1254.0,1.0,,0.0,,0.0,,0.0,,0.0
2023-04-27 22:09:32.0,1682604572000000000,,,,169.0,0.0,0.0,1298.5,5.0,1310.5,1.0,,0.0,,0.0,,0.0,1254.0,1.0,,0.0,,0.0,,0.0,,0.0
2023-04-27 22:10:21.75,1682604621750000000,,,,169.0,0.0,0.0,1300.0,5.0,1310.5,1.0,,0.0,,0.0,,0.0,1254.0,1.0,,0.0,,0.0,,0.0,,0.0
2023-04-27 22:10:48.5,1682604648500000000,,,,169.0,0.0,0.0,1302.0,5.0,1310.5,1.0,,0.0,,0.0,,0.0,1254.0,1.0,,0.0,,0.0,,0.0,,0.0
2023-04-27 22:11:23.25,1682604683250000000,,,,169.0,0.0,0.0,1299.5,5.0,1310.5,1.0,,0.0,,0.0,,0.0,1254.0,1.0,,0.0,,0.0,,0.0,,0.0
2023-04-27 22:11:25.0,1682604685000000000,,,,169.0,0.0,0.0,1298.0,5.0,1310.5,1.0,,0.0,,0.0,,0.0,1254.0,1.0,,0.0,,0.0,,0.0,,0.0
2023-04-27 22:11:33.25,1682604693250000000,,,,169.0,0.0,0.0,1299.5,5.0,1310.5,1.0,,0.0,,0.0,,0.0,1254.0,1.0,,0.0,,0.0,,0.0,,0.0
2023-04-27 22:12:09.25,1682604729250000000,,,,169.0,0.0,0.0,1297.5,5.0,1310.5,1.0,,0.0,,0.0,,0.0,1254.0,1.0,,0.0,,0.0,,0.0,,0.0
2023-04-27 22:12:27.0,1682604747000000000,,,,169.0,0.0,0.0,1296.0,5.0,1310.5,1.0,,0.0,,0.0,,0.0,1254.0,1.0,,0.0,,0.0,,0.0,,0.0
2023-04-27 22:13:07.75,1682604787750000000,,,,169.0,0.0,0.0,1297.5,5.0,1310.5,1.0,,0.0,,0.0,,0.0,1254.0,1.0,,0.0,,0.0,,0.0,,0.0
2023-04-27 22:13:24.25,1682604804250000000,,,,169.0,0.0,0.0,1296.0,5.0,1310.5,1.0,,0.0,,0.0,,0.0,1254.0,1.0,,0.0,,0.0,,0.0,,0.0
2023-04-27 22:13:39.5,1682604819500000000,,,,169.0,0.0,0.0,1297.5,5.0,1310.5,1.0,,0.0,,0.0,,0.0,1254.0,1.0,,0.0,,0.0,,0.0,,0.0
2023-04-27 22:13:46.25,1682604826250000000,,,,169.0,0.0,0.0,1296.0,5.0,1310.5,1.0,,0.0,,0.0,,0.0,1254.0,1.0,,0.0,,0.0,,0.0,,0.0
2023-04-27 22:14:03.5,1682604843500000000,,,,169.0,0.0,0.0,1297.5,5.0,1310.5,1.0,,0.0,,0.0,,0.0,1254.0,1.0,,0.0,,0.0,,0.0,,0.0
2023-04-27 22:14:20.0,1682604860000000000,,,,169.0,0.0,0.0,1299.0,5.0,1310.5,1.0,,0.0,,0.0,,0.0,1254.0,1.0,,0.0,,0.0,,0.0,,0.0
2023-04-27 22:14:48.0,1682604888000000000,,,,169.0,0.0,0.0,1301.0,5.0,1310.5,1.0,,0.0,,0.0,,0.0,1254.0,1.0,,0.0,,0.0,,0.0,,0.0
2023-04-27 22:14:50.25,1682604890250000000,,,,169.0,0.0,0.0,1310.5,1.0,,0.0,,0.0,,0.0,,0.0,1254.0,1.0,,0.0,,0.0,,0.0,,0.0
2023-04-27 22:14:50.5,1682604890500000000,,,,169.0,0.0,0.0,1310.0,10.0,1310.5,1.0,,0.0,,0.0,,0.0,1254.0,1.0,,0.0,,0.0,,0.0,,0.0
2023-04-27 22:17:33.5,1682605053500000000,,,,169.0,0.0,0.0,1296.5,5.0,1310.0,10.0,1310.5,1.0,,0.0,,0.0,1254.0,1.0,,0.0,,0.0,,0.0,,0.0
2023-04-27 22:17:33.75,1682605053750000000,,,,169.0,0.0,0.0,1296.5,5.0,1310.5,1.0,,0.0,,0.0,,0.0,1254.0,1.0,,0.0,,0.0,,0.0,,0.0
2023-04-27 22:17:56.75,1682605076750000000,,,,169.0,0.0,0.0,1298.0,5.0,1310.5,1.0,,0.0,,0.0,,0.0,1254.0,1.0,,0.0,,0.0,,0.0,,0.0
2023-04-27 22:18:30.0,1682605110000000000,,,,169.0,0.0,0.0,1296.5,5.0,1310.5,1.0,,0.0,,0.0,,0.0,1254.0,1.0,,0.0,,0.0,,0.0,,0.0
2023-04-27 22:18:41.25,1682605121250000000,,,,169.0,0.0,0.0,1295.0,5.0,1310.5,1.0,,0.0,,0.0,,0.0,1254.0,1.0,,0.0,,0.0,,0.0,,0.0
2023-04-27 22:19:21.5,1682605161500000000,,,,169.0,0.0,0.0,1296.5,5.0,1310.5,1.0,,0.0,,0.0,,0.0,1254.0,1.0,,0.0,,0.0,,0.0,,0.0
2023-04-27 22:20:01.75,1682605201750000000,,,,169.0,0.0,0.0,1295.0,5.0,1310.5,1.0,,0.0,,0.0,,0.0,1254.0,1.0,,0.0,,0.0,,0.0,,0.0
2023-04-27 22:20:24.75,1682605224750000000,,,,169.0,0.0,0.0,1296.5,5.0,1310.5,1.0,,0.0,,0.0,,0.0,1254.0,1.0,,0.0,,0.0,,0.0,,0.0
2023-04-27 22:20:43.0,1682605243000000000,,,,169.0,0.0,0.0,1299.0,5.0,1310.5,1.0,,0.0,,0.0,,0.0,1254.0,1.0,,0.0,,0.0,,0.0,,0.0
2023-04-27 22:21:02.25,1682605262250000000,,,,169.0,0.0,0.0,1297.5,5.0,1310.5,1.0,,0.0,,0.0,,0.0,1254.0,1.0,,0.0,,0.0,,0.0,,0.0
2023-04-27 22:21:22.75,1682605282750000000,,,,169.0,0.0,0.0,1296.0,5.0,1310.5,1.0,,0.0,,0.0,,0.0,1254.0,1.0,,0.0,,0.0,,0.0,,0.0
2023-04-27 22:21:31.25,1682605291250000000,,,,169.0,0.0,0.0,1294.5,5.0,1310.5,1.0,,0.0,,0.0,,0.0,1254.0,1.0,,0.0,,0.0,,0.0,,0.0
2023-04-27 22:21:33.75,1682605293750000000,,,,169.0,0.0,0.0,1293.0,5.0,1310.5,1.0,,0.0,,0.0,,0.0,1254.0,1.0,,0.0,,0.0,,0.0,,0.0
2023-04-27 22:21:41.0,1682605301000000000,,,,169.0,0.0,0.0,1294.5,5.0,1310.5,1.0,,0.0,,0.0,,0.0,1254.0,1.0,,0.0,,0.0,,0.0,,0.0
2023-04-27 22:22:02.25,1682605322250000000,,,,169.0,0.0,0.0,1293.0,5.0,1310.5,1.0,,0.0,,0.0,,0.0,1254.0,1.0,,0.0,,0.0,,0.0,,0.0
2023-04-27 22:22:04.75,1682605324750000000,,,,169.0,0.0,0.0,1291.5,5.0,1310.5,1.0,,0.0,,0.0,,0.0,1254.0,1.0,,0.0,,0.0,,0.0,,0.0
2023-04-27 22:22:09.75,1682605329750000000,,,,169.0,0.0,0.0,1293.0,5.0,1310.5,1.0,,0.0,,0.0,,0.0,1254.0,1.0,,0.0,,0.0,,0.0,,0.0
2023-04-27 22:23:26.75,1682605406750000000,,,,169.0,0.0,0.0,1291.5,5.0,1310.5,1.0,,0.0,,0.0,,0.0,1254.0,1.0,,0.0,,0.0,,0.0,,0.0
2023-04-27 22:23:28.25,1682605408250000000,,,,169.0,0.0,0.0,1288.5,5.0,1310.5,1.0,,0.0,,0.0,,0.0,1254.0,1.0,,0.0,,0.0,,0.0,,0.0
2023-04-27 22:23:31.75,1682605411750000000,,,,169.0,0.0,0.0,1290.0,5.0,1310.5,1.0,,0.0,,0.0,,0.0,1254.0,1.0,,0.0,,0.0,,0.0,,0.0
2023-04-27 22:24:00.5,1682605440500000000,,,,169.0,0.0,0.0,1292.0,5.0,1310.5,1.0,,0.0,,0.0,,0.0,1254.0,1.0,,0.0,,0.0,,0.0,,0.0
2023-04-27 22:24:26.5,1682605466500000000,,,,169.0,0.0,0.0,1293.5,5.0,1310.5,1.0,,0.0,,0.0,,0.0,1254.0,1.0,,0.0,,0.0,,0.0,,0.0
2023-04-27 22:24:49.0,1682605489000000000,,,,169.0,0.0,0.0,1292.0,5.0,1310.5,1.0,,0.0,,0.0,,0.0,1254.0,1.0,,0.0,,0.0,,0.0,,0.0
2023-04-27 22:25:08.25,1682605508250000000,,,,169.0,0.0,0.0,1293.5,5.0,1310.5,1.0,,0.0,,0.0,,0.0,1254.0,1.0,,0.0,,0.0,,0.0,,0.0
2023-04-27 22:25:34.5,1682605534500000000,,,,169.0,0.0,0.0,1292.0,5.0,1310.5,1.0,,0.0,,0.0,,0.0,1254.0,1.0,,0.0,,0.0,,0.0,,0.0
2023-04-27 22:25:38.25,1682605538250000000,,,,169.0,0.0,0.0,1290.5,5.0,1310.5,1.0,,0.0,,0.0,,0.0,1254.0,1.0,,0.0,,0.0,,0.0,,0.0
2023-04-27 22:26:01.5,1682605561500000000,,,,169.0,0.0,0.0,1292.0,5.0,1310.5,1.0,,0.0,,0.0,,0.0,1254.0,1.0,,0.0,,0.0,,0.0,,0.0
2023-04-27 22:26:01.75,1682605561750000000,,,,169.0,0.0,0.0,1290.0,5.0,1310.5,1.0,,0.0,,0.0,,0.0,1254.0,1.0,,0.0,,0.0,,0.0,,0.0
2023-04-27 22:26:06.0,1682605566000000000,,,,169.0,0.0,0.0,1288.5,5.0,1310.5,1.0,,0.0,,0.0,,0.0,1254.0,1.0,,0.0,,0.0,,0.0,,0.0
2023-04-27 22:27:15.5,1682605635500000000,,,,169.0,0.0,0.0,1290.5,5.0,1310.5,1.0,,0.0,,0.0,,0.0,1254.0,1.0,,0.0,,0.0,,0.0,,0.0
2023-04-27 22:27:35.25,1682605655250000000,,,,169.0,0.0,0.0,1288.5,5.0,1310.5,1.0,,0.0,,0.0,,0.0,1254.0,1.0,,0.0,,0.0,,0.0,,0.0
2023-04-27 22:27:39.0,1682605659000000000,,,,169.0,0.0,0.0,1287.0,5.0,1310.5,1.0,,0.0,,0.0,,0.0,1254.0,1.0,,0.0,,0.0,,0.0,,0.0
2023-04-27 22:28:01.5,1682605681500000000,,,,169.0,0.0,0.0,1285.5,5.0,1310.5,1.0,,0.0,,0.0,,0.0,1254.0,1.0,,0.0,,0.0,,0.0,,0.0
2023-04-27 22:28:15.0,1682605695000000000,,,,169.0,0.0,0.0,1287.5,5.0,1310.5,1.0,,0.0,,0.0,,0.0,1254.0,1.0,,0.0,,0.0,,0.0,,0.0
2023-04-27 22:28:21.5,1682605701500000000,,,,169.0,0.0,0.0,1289.0,5.0,1310.5,1.0,,0.0,,0.0,,0.0,1254.0,1.0,,0.0,,0.0,,0.0,,0.0
2023-04-27 22:28:49.5,1682605729500000000,,,,169.0,0.0,0.0,1287.5,5.0,1310.5,1.0,,0.0,,0.0,,0.0,1254.0,1.0,,0.0,,0.0,,0.0,,0.0
2023-04-27 22:28:58.0,1682605738000000000,,,,169.0,0.0,0.0,1286.0,5.0,1310.5,1.0,,0.0,,0.0,,0.0,1254.0,1.0,,0.0,,0.0,,0.0,,0.0
2023-04-27 22:29:21.0,1682605761000000000,,,,169.0,0.0,0.0,1287.5,5.0,1310.5,1.0,,0.0,,0.0,,0.0,1254.0,1.0,,0.0,,0.0,,0.0,,0.0
2023-04-27 22:29:31.5,1682605771500000000,,,,169.0,0.0,0.0,1286.0,5.0,1310.5,1.0,,0.0,,0.0,,0.0,1254.0,1.0,,0.0,,0.0,,0.0,,0.0
2023-04-27 22:29:42.25,1682605782250000000,,,,169.0,0.0,0.0,1284.5,5.0,1310.5,1.0,,0.0,,0.0,,0.0,1254.0,1.0,,0.0,,0.0,,0.0,,0.0
2023-04-27 22:29:53.75,1682605793750000000,,,,169.0,0.0,0.0,1283.0,5.0,1310.5,1.0,,0.0,,0.0,,0.0,1254.0,1.0,,0.0,,0.0,,0.0,,0.0
2023-04-27 22:29:54.25,1682605794250000000,,,,169.0,0.0,0.0,1281.0,5.0,1310.5,1.0,,0.0,,0.0,,0.0,1254.0,1.0,,0.0,,0.0,,0.0,,0.0
2023-04-27 22:30:24.5,1682605824500000000,,,,169.0,0.0,0.0,1279.5,5.0,1310.5,1.0,,0.0,,0.0,,0.0,1254.0,1.0,,0.0,,0.0,,0.0,,0.0
2023-04-27 22:30:41.75,1682605841750000000,,,,169.0,0.0,0.0,1281.0,5.0,1310.5,1.0,,0.0,,0.0,,0.0,1254.0,1.0,,0.0,,0.0,,0.0,,0.0
2023-04-27 22:30:48.25,1682605848250000000,,,,169.0,0.0,0.0,1283.0,5.0,1310.5,1.0,,0.0,,0.0,,0.0,1254.0,1.0,,0.0,,0.0,,0.0,,0.0
2023-04-27 22:31:00.5,1682605860500000000,,,,169.0,0.0,0.0,1281.5,5.0,1310.5,1.0,,0.0,,0.0,,0.0,1254.0,1.0,,0.0,,0.0,,0.0,,0.0
2023-04-27 22:31:04.25,1682605864250000000,,,,169.0,0.0,0.0,1280.0,5.0,1310.5,1.0,,0.0,,0.0,,0.0,1254.0,1.0,,0.0,,0.0,,0.0,,0.0
2023-04-27 22:31:05.75,1682605865750000000,,,,169.0,0.0,0.0,1278.0,5.0,1310.5,1.0,,0.0,,0.0,,0.0,1254.0,1.0,,0.0,,0.0,,0.0,,0.0
2023-04-27 22:31:07.0,1682605867000000000,,,,169.0,0.0,0.0,1276.5,5.0,1310.5,1.0,,0.0,,0.0,,0.0,1254.0,1.0,,0.0,,0.0,,0.0,,0.0
2023-04-27 22:31:08.5,1682605868500000000,,,,169.0,0.0,0.0,1275.0,5.0,1310.5,1.0,,0.0,,0.0,,0.0,1254.0,1.0,,0.0,,0.0,,0.0,,0.0
2023-04-27 22:31:09.0,1682605869000000000,,,,169.0,0.0,0.0,1272.5,5.0,1310.5,1.0,,0.0,,0.0,,0.0,1254.0,1.0,,0.0,,0.0,,0.0,,0.0
2023-04-27 22:31:09.5,1682605869500000000,,,,169.0,0.0,0.0,1271.0,5.0,1310.5,1.0,,0.0,,0.0,,0.0,1254.0,1.0,,0.0,,0.0,,0.0,,0.0
2023-04-27 22:31:09.75,1682605869750000000,,,,169.0,0.0,0.0,1273.0,5.0,1310.5,1.0,,0.0,,0.0,,0.0,1254.0,1.0,,0.0,,0.0,,0.0,,0.0
2023-04-27 22:31:11.25,1682605871250000000,,,,169.0,0.0,0.0,1271.5,5.0,1310.5,1.0,,0.0,,0.0,,0.0,1254.0,1.0,,0.0,,0.0,,0.0,,0.0
2023-04-27 22:31:11.75,1682605871750000000,,,,169.0,0.0,0.0,1270.0,5.0,1310.5,1.0,,0.0,,0.0,,0.0,1254.0,1.0,,0.0,,0.0,,0.0,,0.0
2023-04-27 22:31:17.0,1682605877000000000,,,,169.0,0.0,0.0,1268.5,5.0,1310.5,1.0,,0.0,,0.0,,0.0,1254.0,1.0,,0.0,,0.0,,0.0,,0.0
2023-04-27 22:31:18.0,1682605878000000000,,,,169.0,0.0,0.0,1270.0,5.0,1310.5,1.0,,0.0,,0.0,,0.0,1254.0,1.0,,0.0,,0.0,,0.0,,0.0
2023-04-27 22:31:18.75,1682605878750000000,,,,169.0,0.0,0.0,1271.5,5.0,1310.5,1.0,,0.0,,0.0,,0.0,1254.0,1.0,,0.0,,0.0,,0.0,,0.0
2023-04-27 22:31:21.25,1682605881250000000,,,,169.0,0.0,0.0,1273.0,5.0,1310.5,1.0,,0.0,,0.0,,0.0,1254.0,1.0,,0.0,,0.0,,0.0,,0.0
2023-04-27 22:31:22.75,1682605882750000000,,,,169.0,0.0,0.0,1271.5,5.0,1310.5,1.0,,0.0,,0.0,,0.0,1254.0,1.0,,0.0,,0.0,,0.0,,0.0
2023-04-27 22:31:24.25,1682605884250000000,,,,169.0,0.0,0.0,1270.0,5.0,1310.5,1.0,,0.0,,0.0,,0.0,1254.0,1.0,,0.0,,0.0,,0.0,,0.0
2023-04-27 22:31:25.5,1682605885500000000,,,,169.0,0.0,0.0,1268.0,5.0,1310.5,1.0,,0.0,,0.0,,0.0,1254.0,1.0,,0.0,,0.0,,0.0,,0.0
2023-04-27 22:31:27.75,1682605887750000000,,,,169.0,0.0,0.0,1269.5,5.0,1310.5,1.0,,0.0,,0.0,,0.0,1254.0,1.0,,0.0,,0.0,,0.0,,0.0
2023-04-27 22:31:30.25,1682605890250000000,,,,169.0,0.0,0.0,1268.0,5.0,1310.5,1.0,,0.0,,0.0,,0.0,1254.0,1.0,,0.0,,0.0,,0.0,,0.0
2023-04-27 22:31:30.75,1682605890750000000,,,,169.0,0.0,0.0,1266.5,5.0,1310.5,1.0,,0.0,,0.0,,0.0,1254.0,1.0,,0.0,,0.0,,0.0,,0.0
2023-04-27 22:31:32.0,1682605892000000000,,,,169.0,0.0,0.0,1266.5,5.0,1310.5,1.0,,0.0,,0.0,,0.0,1229.0,1.0,,0.0,,0.0,,0.0,,0.0
2023-04-27 22:31:41.0,1682605901000000000,,,,169.0,0.0,0.0,1268.0,5.0,1310.5,1.0,,0.0,,0.0,,0.0,1229.0,1.0,,0.0,,0.0,,0.0,,0.0
2023-04-27 22:31:42.5,1682605902500000000,,,,169.0,0.0,0.0,1269.5,5.0,1310.5,1.0,,0.0,,0.0,,0.0,1229.0,1.0,,0.0,,0.0,,0.0,,0.0
2023-04-27 22:31:45.5,1682605905500000000,,,,169.0,0.0,0.0,1268.0,5.0,1310.5,1.0,,0.0,,0.0,,0.0,1229.0,1.0,,0.0,,0.0,,0.0,,0.0
2023-04-27 22:31:49.75,1682605909750000000,,,,169.0,0.0,0.0,1266.5,5.0,1310.5,1.0,,0.0,,0.0,,0.0,1229.0,1.0,,0.0,,0.0,,0.0,,0.0
2023-04-27 22:31:52.25,1682605912250000000,,,,169.0,0.0,0.0,1265.0,5.0,1310.5,1.0,,0.0,,0.0,,0.0,1229.0,1.0,,0.0,,0.0,,0.0,,0.0
2023-04-27 22:31:52.75,1682605912750000000,,,,169.0,0.0,0.0,1263.5,5.0,1310.5,1.0,,0.0,,0.0,,0.0,1229.0,1.0,,0.0,,0.0,,0.0,,0.0
2023-04-27 22:31:58.5,1682605918500000000,,,,169.0,0.0,0.0,1265.5,5.0,1310.5,1.0,,0.0,,0.0,,0.0,1229.0,1.0,,0.0,,0.0,,0.0,,0.0
2023-04-27 22:32:04.25,1682605924250000000,,,,169.0,0.0,0.0,1267.0,5.0,1310.5,1.0,,0.0,,0.0,,0.0,1229.0,1.0,,0.0,,0.0,,0.0,,0.0
2023-04-27 22:32:09.25,1682605929250000000,,,,169.0,0.0,0.0,1268.5,5.0,1310.5,1.0,,0.0,,0.0,,0.0,1229.0,1.0,,0.0,,0.0,,0.0,,0.0
2023-04-27 22:32:15.5,1682605935500000000,,,,169.0,0.0,0.0,1267.0,5.0,1310.5,1.0,,0.0,,0.0,,0.0,1229.0,1.0,,0.0,,0.0,,0.0,,0.0
2023-04-27 22:32:21.75,1682605941750000000,,,,169.0,0.0,0.0,1265.5,5.0,1310.5,1.0,,0.0,,0.0,,0.0,1229.0,1.0,,0.0,,0.0,,0.0,,0.0
2023-04-27 22:32:30.75,1682605950750000000,,,,169.0,0.0,0.0,1264.0,5.0,1310.5,1.0,,0.0,,0.0,,0.0,1229.0,1.0,,0.0,,0.0,,0.0,,0.0
2023-04-27 22:32:50.25,1682605970250000000,,,,169.0,0.0,0.0,1262.5,5.0,1310.5,1.0,,0.0,,0.0,,0.0,1229.0,1.0,,0.0,,0.0,,0.0,,0.0
2023-04-27 22:32:53.5,1682605973500000000,,,,169.0,0.0,0.0,1264.0,5.0,1310.5,1.0,,0.0,,0.0,,0.0,1229.0,1.0,,0.0,,0.0,,0.0,,0.0
2023-04-27 22:33:00.5,1682605980500000000,,,,169.0,0.0,0.0,1266.0,5.0,1310.5,1.0,,0.0,,0.0,,0.0,1229.0,1.0,,0.0,,0.0,,0.0,,0.0
2023-04-27 22:33:02.25,1682605982250000000,,,,169.0,0.0,0.0,1263.5,5.0,1310.5,1.0,,0.0,,0.0,,0.0,1229.0,1.0,,0.0,,0.0,,0.0,,0.0
2023-04-27 22:33:03.25,1682605983250000000,,,,169.0,0.0,0.0,1262.0,5.0,1310.5,1.0,,0.0,,0.0,,0.0,1229.0,1.0,,0.0,,0.0,,0.0,,0.0
2023-04-27 22:33:11.5,1682605991500000000,,,,169.0,0.0,0.0,1264.0,5.0,1310.5,1.0,,0.0,,0.0,,0.0,1229.0,1.0,,0.0,,0.0,,0.0,,0.0
2023-04-27 22:33:15.0,1682605995000000000,,,,169.0,0.0,0.0,1262.5,5.0,1310.5,1.0,,0.0,,0.0,,0.0,1229.0,1.0,,0.0,,0.0,,0.0,,0.0
2023-04-27 22:33:23.75,1682606003750000000,,,,169.0,0.0,0.0,1261.0,5.0,1288.5,1.0,,0.0,,0.0,,0.0,1229.0,1.0,,0.0,,0.0,,0.0,,0.0
2023-04-27 22:33:25.75,1682606005750000000,,,,169.0,0.0,0.0,1259.5,5.0,1288.5,1.0,,0.0,,0.0,,0.0,1229.0,1.0,,0.0,,0.0,,0.0,,0.0
2023-04-27 22:33:32.25,1682606012250000000,,,,169.0,0.0,0.0,1258.0,5.0,1288.5,1.0,,0.0,,0.0,,0.0,1229.0,1.0,,0.0,,0.0,,0.0,,0.0
2023-04-27 22:33:46.0,1682606026000000000,,,,169.0,0.0,0.0,1260.0,5.0,1288.5,1.0,,0.0,,0.0,,0.0,1229.0,1.0,,0.0,,0.0,,0.0,,0.0
2023-04-27 22:33:51.5,1682606031500000000,,,,169.0,0.0,0.0,1262.0,5.0,1288.5,1.0,,0.0,,0.0,,0.0,1229.0,1.0,,0.0,,0.0,,0.0,,0.0
2023-04-27 22:33:53.75,1682606033750000000,,,,169.0,0.0,0.0,1260.5,5.0,1288.5,1.0,,0.0,,0.0,,0.0,1229.0,1.0,,0.0,,0.0,,0.0,,0.0
2023-04-27 22:33:55.25,1682606035250000000,,,,169.0,0.0,0.0,1262.0,5.0,1288.5,1.0,,0.0,,0.0,,0.0,1229.0,1.0,,0.0,,0.0,,0.0,,0.0
2023-04-27 22:34:02.75,1682606042750000000,,,,169.0,0.0,0.0,1260.5,5.0,1288.5,1.0,,0.0,,0.0,,0.0,1229.0,1.0,,0.0,,0.0,,0.0,,0.0
2023-04-27 22:34:06.75,1682606046750000000,,,,169.0,0.0,0.0,1259.0,5.0,1288.5,1.0,,0.0,,0.0,,0.0,1229.0,1.0,,0.0,,0.0,,0.0,,0.0
2023-04-27 22:34:11.0,1682606051000000000,,,,169.0,0.0,0.0,1257.5,5.0,1288.5,1.0,,0.0,,0.0,,0.0,1229.0,1.0,,0.0,,0.0,,0.0,,0.0
2023-04-27 22:34:13.0,1682606053000000000,,,,169.0,0.0,0.0,1256.0,5.0,1288.5,1.0,,0.0,,0.0,,0.0,1229.0,1.0,,0.0,,0.0,,0.0,,0.0
2023-04-27 22:34:13.25,1682606053250000000,,,,169.0,0.0,0.0,1254.0,5.0,1288.5,1.0,,0.0,,0.0,,0.0,1229.0,1.0,,0.0,,0.0,,0.0,,0.0
2023-04-27 22:34:13.5,1682606053500000000,,,,169.0,0.0,0.0,1252.5,5.0,1288.5,1.0,,0.0,,0.0,,0.0,1229.0,1.0,,0.0,,0.0,,0.0,,0.0
2023-04-27 22:34:14.25,1682606054250000000,,,,169.0,0.0,0.0,1255.5,5.0,1288.5,1.0,,0.0,,0.0,,0.0,1229.0,1.0,,0.0,,0.0,,0.0,,0.0
2023-04-27 22:34:15.0,1682606055000000000,,,,169.0,0.0,0.0,1253.5,5.0,1288.5,1.0,,0.0,,0.0,,0.0,1229.0,1.0,,0.0,,0.0,,0.0,,0.0
2023-04-27 22:34:16.25,1682606056250000000,,,,169.0,0.0,0.0,1255.5,5.0,1288.5,1.0,,0.0,,0.0,,0.0,1229.0,1.0,,0.0,,0.0,,0.0,,0.0
2023-04-27 22:34:21.5,1682606061500000000,,,,169.0,0.0,0.0,1254.0,5.0,1288.5,1.0,,0.0,,0.0,,0.0,1229.0,1.0,,0.0,,0.0,,0.0,,0.0
2023-04-27 22:34:27.5,1682606067500000000,,,,169.0,0.0,0.0,1255.5,5.0,1288.5,1.0,,0.0,,0.0,,0.0,1229.0,1.0,,0.0,,0.0,,0.0,,0.0
2023-04-27 22:34:30.5,1682606070500000000,,,,169.0,0.0,0.0,1257.0,5.0,1288.5,1.0,,0.0,,0.0,,0.0,1229.0,1.0,,0.0,,0.0,,0.0,,0.0
2023-04-27 22:34:38.75,1682606078750000000,,,,169.0,0.0,0.0,1255.5,5.0,1288.5,1.0,,0.0,,0.0,,0.0,1229.0,1.0,,0.0,,0.0,,0.0,,0.0
2023-04-27 22:34:50.75,1682606090750000000,,,,169.0,0.0,0.0,1254.0,5.0,1288.5,1.0,,0.0,,0.0,,0.0,1229.0,1.0,,0.0,,0.0,,0.0,,0.0
2023-04-27 22:34:59.0,1682606099000000000,,,,169.0,0.0,0.0,1255.5,5.0,1288.5,1.0,,0.0,,0.0,,0.0,1229.0,1.0,,0.0,,0.0,,0.0,,0.0
2023-04-27 22:35:02.75,1682606102750000000,,,,169.0,0.0,0.0,1257.0,5.0,1288.5,1.0,,0.0,,0.0,,0.0,1229.0,1.0,,0.0,,0.0,,0.0,,0.0
2023-04-27 22:35:03.5,1682606103500000000,,,,169.0,0.0,0.0,1258.5,5.0,1288.5,1.0,,0.0,,0.0,,0.0,1229.0,1.0,,0.0,,0.0,,0.0,,0.0
2023-04-27 22:35:06.25,1682606106250000000,,,,169.0,0.0,0.0,1261.5,5.0,1288.5,1.0,,0.0,,0.0,,0.0,1229.0,1.0,,0.0,,0.0,,0.0,,0.0
2023-04-27 22:35:07.75,1682606107750000000,,,,169.0,0.0,0.0,1259.5,5.0,1288.5,1.0,,0.0,,0.0,,0.0,1229.0,1.0,,0.0,,0.0,,0.0,,0.0
2023-04-27 22:35:16.25,1682606116250000000,,,,169.0,0.0,0.0,1261.0,5.0,1288.5,1.0,,0.0,,0.0,,0.0,1229.0,1.0,,0.0,,0.0,,0.0,,0.0
2023-04-27 22:35:31.0,1682606131000000000,,,,169.0,0.0,0.0,1259.0,5.0,1288.5,1.0,,0.0,,0.0,,0.0,1229.0,1.0,,0.0,,0.0,,0.0,,0.0
2023-04-27 22:35:49.5,1682606149500000000,,,,169.0,0.0,0.0,1257.5,5.0,1288.5,1.0,,0.0,,0.0,,0.0,1229.0,1.0,,0.0,,0.0,,0.0,,0.0
2023-04-27 22:35:55.5,1682606155500000000,,,,169.0,0.0,0.0,1256.0,5.0,1288.5,1.0,,0.0,,0.0,,0.0,1229.0,1.0,,0.0,,0.0,,0.0,,0.0
2023-04-27 22:35:57.5,1682606157500000000,,,,169.0,0.0,0.0,1254.0,5.0,1288.5,1.0,,0.0,,0.0,,0.0,1229.0,1.0,,0.0,,0.0,,0.0,,0.0
2023-04-27 22:36:00.75,1682606160750000000,,,,169.0,0.0,0.0,1257.0,5.0,1288.5,1.0,,0.0,,0.0,,0.0,1229.0,1.0,,0.0,,0.0,,0.0,,0.0
2023-04-27 22:36:09.75,1682606169750000000,,,,169.0,0.0,0.0,1255.0,5.0,1288.5,1.0,,0.0,,0.0,,0.0,1229.0,1.0,,0.0,,0.0,,0.0,,0.0
2023-04-27 22:36:13.25,1682606173250000000,,,,169.0,0.0,0.0,1253.0,5.0,1288.5,1.0,,0.0,,0.0,,0.0,1229.0,1.0,,0.0,,0.0,,0.0,,0.0
2023-04-27 22:36:25.5,1682606185500000000,,,,169.0,0.0,0.0,1254.5,5.0,1288.5,1.0,,0.0,,0.0,,0.0,1229.0,1.0,,0.0,,0.0,,0.0,,0.0
2023-04-27 22:36:28.75,1682606188750000000,,,,169.0,0.0,0.0,1256.5,5.0,1288.5,1.0,,0.0,,0.0,,0.0,1229.0,1.0,,0.0,,0.0,,0.0,,0.0
2023-04-27 22:36:41.75,1682606201750000000,,,,169.0,0.0,0.0,1255.0,5.0,1288.5,1.0,,0.0,,0.0,,0.0,1229.0,1.0,,0.0,,0.0,,0.0,,0.0
2023-04-27 22:36:49.0,1682606209000000000,,,,169.0,0.0,0.0,1256.5,5.0,1288.5,1.0,,0.0,,0.0,,0.0,1229.0,1.0,,0.0,,0.0,,0.0,,0.0
2023-04-27 22:36:49.75,1682606209750000000,,,,169.0,0.0,0.0,1255.0,5.0,1288.5,1.0,,0.0,,0.0,,0.0,1229.0,1.0,,0.0,,0.0,,0.0,,0.0
2023-04-27 22:37:03.5,1682606223500000000,,,,169.0,0.0,0.0,1257.0,5.0,1288.5,1.0,,0.0,,0.0,,0.0,1229.0,1.0,,0.0,,0.0,,0.0,,0.0
2023-04-27 22:37:08.0,1682606228000000000,,,,169.0,0.0,0.0,1259.0,5.0,1288.5,1.0,,0.0,,0.0,,0.0,1229.0,1.0,,0.0,,0.0,,0.0,,0.0
2023-04-27 22:37:12.25,1682606232250000000,,,,169.0,0.0,0.0,1260.5,5.0,1288.5,1.0,,0.0,,0.0,,0.0,1229.0,1.0,,0.0,,0.0,,0.0,,0.0
2023-04-27 22:37:14.75,1682606234750000000,,,,169.0,0.0,0.0,1262.0,5.0,1288.5,1.0,,0.0,,0.0,,0.0,1229.0,1.0,,0.0,,0.0,,0.0,,0.0
2023-04-27 22:37:15.25,1682606235250000000,,,,169.0,0.0,0.0,1260.5,5.0,1288.5,1.0,,0.0,,0.0,,0.0,1229.0,1.0,,0.0,,0.0,,0.0,,0.0
2023-04-27 22:37:23.25,1682606243250000000,,,,169.0,0.0,0.0,1262.0,5.0,1288.5,1.0,,0.0,,0.0,,0.0,1229.0,1.0,,0.0,,0.0,,0.0,,0.0
2023-04-27 22:37:28.5,1682606248500000000,,,,169.0,0.0,0.0,1260.5,5.0,1288.5,1.0,,0.0,,0.0,,0.0,1229.0,1.0,,0.0,,0.0,,0.0,,0.0
2023-04-27 22:37:30.75,1682606250750000000,,,,169.0,0.0,0.0,1262.0,5.0,1288.5,1.0,,0.0,,0.0,,0.0,1229.0,1.0,,0.0,,0.0,,0.0,,0.0
2023-04-27 22:37:34.0,1682606254000000000,,,,169.0,0.0,0.0,1260.5,5.0,1288.5,1.0,,0.0,,0.0,,0.0,1229.0,1.0,,0.0,,0.0,,0.0,,0.0
2023-04-27 22:37:45.75,1682606265750000000,,,,169.0,0.0,0.0,1262.5,5.0,1288.5,1.0,,0.0,,0.0,,0.0,1229.0,1.0,,0.0,,0.0,,0.0,,0.0
2023-04-27 22:37:52.5,1682606272500000000,,,,169.0,0.0,0.0,1261.0,5.0,1288.5,1.0,,0.0,,0.0,,0.0,1229.0,1.0,,0.0,,0.0,,0.0,,0.0
2023-04-27 22:38:10.5,1682606290500000000,,,,169.0,0.0,0.0,1259.5,5.0,1288.5,1.0,,0.0,,0.0,,0.0,1229.0,1.0,,0.0,,0.0,,0.0,,0.0
2023-04-27 22:38:12.25,1682606292250000000,,,,169.0,0.0,0.0,1258.0,5.0,1288.5,1.0,,0.0,,0.0,,0.0,1229.0,1.0,,0.0,,0.0,,0.0,,0.0
2023-04-27 22:38:14.0,1682606294000000000,,,,169.0,0.0,0.0,1256.5,5.0,1288.5,1.0,,0.0,,0.0,,0.0,1229.0,1.0,,0.0,,0.0,,0.0,,0.0
2023-04-27 22:38:15.25,1682606295250000000,,,,169.0,0.0,0.0,1255.0,5.0,1288.5,1.0,,0.0,,0.0,,0.0,1229.0,1.0,,0.0,,0.0,,0.0,,0.0
2023-04-27 22:38:21.25,1682606301250000000,,,,169.0,0.0,0.0,1253.5,5.0,1288.5,1.0,,0.0,,0.0,,0.0,1229.0,1.0,,0.0,,0.0,,0.0,,0.0
2023-04-27 22:38:30.25,1682606310250000000,,,,169.0,0.0,0.0,1252.0,5.0,1288.5,1.0,,0.0,,0.0,,0.0,1229.0,1.0,,0.0,,0.0,,0.0,,0.0
2023-04-27 22:38:33.75,1682606313750000000,,,,169.0,0.0,0.0,1250.5,5.0,1288.5,1.0,,0.0,,0.0,,0.0,1229.0,1.0,,0.0,,0.0,,0.0,,0.0
2023-04-27 22:38:35.0,1682606315000000000,,,,169.0,0.0,0.0,1249.0,5.0,1288.5,1.0,,0.0,,0.0,,0.0,1229.0,1.0,,0.0,,0.0,,0.0,,0.0
2023-04-27 22:38:35.25,1682606315250000000,,,,169.0,0.0,0.0,1247.0,5.0,1288.5,1.0,,0.0,,0.0,,0.0,1229.0,1.0,,0.0,,0.0,,0.0,,0.0
2023-04-27 22:38:35.5,1682606315500000000,,,,169.0,0.0,0.0,1249.5,5.0,1288.5,1.0,,0.0,,0.0,,0.0,1229.0,1.0,,0.0,,0.0,,0.0,,0.0
2023-04-27 22:38:39.0,1682606319000000000,,,,169.0,0.0,0.0,1247.5,5.0,1288.5,1.0,,0.0,,0.0,,0.0,1229.0,1.0,,0.0,,0.0,,0.0,,0.0
2023-04-27 22:38:40.5,1682606320500000000,,,,169.0,0.0,0.0,1249.0,5.0,1288.5,1.0,,0.0,,0.0,,0.0,1229.0,1.0,,0.0,,0.0,,0.0,,0.0
2023-04-27 22:38:42.25,1682606322250000000,,,,169.0,0.0,0.0,1250.5,5.0,1288.5,1.0,,0.0,,0.0,,0.0,1229.0,1.0,,0.0,,0.0,,0.0,,0.0
2023-04-27 22:38:42.5,1682606322500000000,,,,169.0,0.0,0.0,1249.0,5.0,1288.5,1.0,,0.0,,0.0,,0.0,1229.0,1.0,,0.0,,0.0,,0.0,,0.0
2023-04-27 22:38:44.25,1682606324250000000,,,,169.0,0.0,0.0,1250.5,5.0,1288.5,1.0,,0.0,,0.0,,0.0,1229.0,1.0,,0.0,,0.0,,0.0,,0.0
2023-04-27 22:38:46.0,1682606326000000000,,,,169.0,0.0,0.0,1249.0,5.0,1288.5,1.0,,0.0,,0.0,,0.0,1229.0,1.0,,0.0,,0.0,,0.0,,0.0
2023-04-27 22:38:48.5,1682606328500000000,,,,169.0,0.0,0.0,1250.5,5.0,1288.5,1.0,,0.0,,0.0,,0.0,1229.0,1.0,,0.0,,0.0,,0.0,,0.0
2023-04-27 22:39:12.5,1682606352500000000,,,,169.0,0.0,0.0,1252.0,5.0,1288.5,1.0,,0.0,,0.0,,0.0,1229.0,1.0,,0.0,,0.0,,0.0,,0.0
2023-04-27 22:39:16.25,1682606356250000000,,,,169.0,0.0,0.0,1253.5,5.0,1288.5,1.0,,0.0,,0.0,,0.0,1229.0,1.0,,0.0,,0.0,,0.0,,0.0
2023-04-27 22:39:17.5,1682606357500000000,,,,169.0,0.0,0.0,1255.0,5.0,1288.5,1.0,,0.0,,0.0,,0.0,1229.0,1.0,,0.0,,0.0,,0.0,,0.0
2023-04-27 22:39:32.5,1682606372500000000,,,,169.0,0.0,0.0,1253.5,5.0,1288.5,1.0,,0.0,,0.0,,0.0,1229.0,1.0,,0.0,,0.0,,0.0,,0.0
2023-04-27 22:39:43.25,1682606383250000000,,,,169.0,0.0,0.0,1255.0,5.0,1288.5,1.0,,0.0,,0.0,,0.0,1229.0,1.0,,0.0,,0.0,,0.0,,0.0
2023-04-27 22:39:45.5,1682606385500000000,,,,169.0,0.0,0.0,1257.5,5.0,1288.5,1.0,,0.0,,0.0,,0.0,1229.0,1.0,,0.0,,0.0,,0.0,,0.0
2023-04-27 22:39:56.0,1682606396000000000,,,,169.0,0.0,0.0,1256.0,5.0,1288.5,1.0,,0.0,,0.0,,0.0,1229.0,1.0,,0.0,,0.0,,0.0,,0.0
2023-04-27 22:40:03.75,1682606403750000000,,,,169.0,0.0,0.0,1254.5,5.0,1288.5,1.0,,0.0,,0.0,,0.0,1229.0,1.0,,0.0,,0.0,,0.0,,0.0
2023-04-27 22:40:04.75,1682606404750000000,,,,169.0,0.0,0.0,1256.5,5.0,1288.5,1.0,,0.0,,0.0,,0.0,1229.0,1.0,,0.0,,0.0,,0.0,,0.0
2023-04-27 22:40:10.0,1682606410000000000,,,,169.0,0.0,0.0,1258.0,5.0,1288.5,1.0,,0.0,,0.0,,0.0,1229.0,1.0,,0.0,,0.0,,0.0,,0.0
2023-04-27 22:40:11.25,1682606411250000000,,,,169.0,0.0,0.0,1259.5,5.0,1288.5,1.0,,0.0,,0.0,,0.0,1229.0,1.0,,0.0,,0.0,,0.0,,0.0
2023-04-27 22:40:32.25,1682606432250000000,,,,169.0,0.0,0.0,1261.0,5.0,1288.5,1.0,,0.0,,0.0,,0.0,1229.0,1.0,,0.0,,0.0,,0.0,,0.0
2023-04-27 22:40:33.25,1682606433250000000,,,,169.0,0.0,0.0,1259.5,5.0,1288.5,1.0,,0.0,,0.0,,0.0,1229.0,1.0,,0.0,,0.0,,0.0,,0.0
2023-04-27 22:40:37.0,1682606437000000000,,,,169.0,0.0,0.0,1258.0,5.0,1288.5,1.0,,0.0,,0.0,,0.0,1229.0,1.0,,0.0,,0.0,,0.0,,0.0
2023-04-27 22:40:45.25,1682606445250000000,,,,169.0,0.0,0.0,1256.5,5.0,1288.5,1.0,,0.0,,0.0,,0.0,1229.0,1.0,,0.0,,0.0,,0.0,,0.0
2023-04-27 22:41:01.25,1682606461250000000,,,,169.0,0.0,0.0,1258.0,5.0,1288.5,1.0,,0.0,,0.0,,0.0,1229.0,1.0,,0.0,,0.0,,0.0,,0.0
2023-04-27 22:41:03.5,1682606463500000000,,,,169.0,0.0,0.0,1256.0,5.0,1288.5,1.0,,0.0,,0.0,,0.0,1229.0,1.0,,0.0,,0.0,,0.0,,0.0
2023-04-27 22:41:26.75,1682606486750000000,,,,169.0,0.0,0.0,1254.0,5.0,1288.5,1.0,,0.0,,0.0,,0.0,1229.0,1.0,,0.0,,0.0,,0.0,,0.0
2023-04-27 22:41:40.0,1682606500000000000,,,,169.0,0.0,0.0,1252.0,5.0,1288.5,1.0,,0.0,,0.0,,0.0,1229.0,1.0,,0.0,,0.0,,0.0,,0.0
2023-04-27 22:42:04.75,1682606524750000000,,,,169.0,0.0,0.0,1250.5,5.0,1288.5,1.0,,0.0,,0.0,,0.0,1229.0,1.0,,0.0,,0.0,,0.0,,0.0
2023-04-27 22:42:11.5,1682606531500000000,,,,169.0,0.0,0.0,1249.0,5.0,1288.5,1.0,,0.0,,0.0,,0.0,1229.0,1.0,,0.0,,0.0,,0.0,,0.0
2023-04-27 22:42:22.25,1682606542250000000,,,,169.0,0.0,0.0,1247.5,5.0,1288.5,1.0,,0.0,,0.0,,0.0,1229.0,1.0,,0.0,,0.0,,0.0,,0.0
2023-04-27 22:42:24.75,1682606544750000000,,,,169.0,0.0,0.0,1246.0,5.0,1288.5,1.0,,0.0,,0.0,,0.0,1229.0,1.0,,0.0,,0.0,,0.0,,0.0
2023-04-27 22:42:27.75,1682606547750000000,,,,169.0,0.0,0.0,1244.5,5.0,1288.5,1.0,,0.0,,0.0,,0.0,1229.0,1.0,,0.0,,0.0,,0.0,,0.0
2023-04-27 22:42:43.75,1682606563750000000,,,,169.0,0.0,0.0,1246.0,5.0,1288.5,1.0,,0.0,,0.0,,0.0,1229.0,1.0,,0.0,,0.0,,0.0,,0.0
2023-04-27 22:43:05.75,1682606585750000000,,,,169.0,0.0,0.0,1244.0,5.0,1288.5,1.0,,0.0,,0.0,,0.0,1229.0,1.0,,0.0,,0.0,,0.0,,0.0
2023-04-27 22:43:07.75,1682606587750000000,,,,169.0,0.0,0.0,1242.0,5.0,1288.5,1.0,,0.0,,0.0,,0.0,1229.0,1.0,,0.0,,0.0,,0.0,,0.0
2023-04-27 22:43:12.0,1682606592000000000,,,,169.0,0.0,0.0,1240.5,5.0,1288.5,1.0,,0.0,,0.0,,0.0,1229.0,1.0,,0.0,,0.0,,0.0,,0.0
2023-04-27 22:43:13.75,1682606593750000000,,,,169.0,0.0,0.0,1239.0,5.0,1288.5,1.0,,0.0,,0.0,,0.0,1204.0,1.0,,0.0,,0.0,,0.0,,0.0
2023-04-27 22:43:15.25,1682606595250000000,,,,169.0,0.0,0.0,1239.0,5.0,1266.5,1.0,,0.0,,0.0,,0.0,1204.0,1.0,,0.0,,0.0,,0.0,,0.0
2023-04-27 22:43:15.5,1682606595500000000,,,,169.0,0.0,0.0,1237.5,5.0,1266.5,1.0,,0.0,,0.0,,0.0,1204.0,1.0,,0.0,,0.0,,0.0,,0.0
2023-04-27 22:43:16.75,1682606596750000000,,,,169.0,0.0,0.0,1239.0,5.0,1266.5,1.0,,0.0,,0.0,,0.0,1204.0,1.0,,0.0,,0.0,,0.0,,0.0
2023-04-27 22:43:28.0,1682606608000000000,,,,169.0,0.0,0.0,1240.5,5.0,1266.5,1.0,,0.0,,0.0,,0.0,1204.0,1.0,,0.0,,0.0,,0.0,,0.0
2023-04-27 22:43:43.75,1682606623750000000,,,,169.0,0.0,0.0,1242.0,5.0,1266.5,1.0,,0.0,,0.0,,0.0,1204.0,1.0,,0.0,,0.0,,0.0,,0.0
2023-04-27 22:43:51.5,1682606631500000000,,,,169.0,0.0,0.0,1266.5,1.0,,0.0,,0.0,,0.0,,0.0,1204.0,1.0,,0.0,,0.0,,0.0,,0.0
2023-04-27 22:43:57.0,1682606637000000000,,,,169.0,0.0,0.0,1266.0,10.0,1266.5,1.0,,0.0,,0.0,,0.0,1204.0,1.0,,0.0,,0.0,,0.0,,0.0
2023-04-27 22:45:55.5,1682606755500000000,,,,169.0,0.0,0.0,1241.5,5.0,1266.0,10.0,1266.5,1.0,,0.0,,0.0,1204.0,1.0,,0.0,,0.0,,0.0,,0.0
2023-04-27 22:45:55.75,1682606755750000000,,,,169.0,0.0,0.0,1241.5,5.0,1266.5,1.0,,0.0,,0.0,,0.0,1204.0,1.0,,0.0,,0.0,,0.0,,0.0
2023-04-27 22:46:02.5,1682606762500000000,,,,169.0,0.0,0.0,1240.0,5.0,1266.5,1.0,,0.0,,0.0,,0.0,1204.0,1.0,,0.0,,0.0,,0.0,,0.0
2023-04-27 22:46:10.5,1682606770500000000,,,,169.0,0.0,0.0,1241.5,5.0,1266.5,1.0,,0.0,,0.0,,0.0,1204.0,1.0,,0.0,,0.0,,0.0,,0.0
2023-04-27 22:46:28.25,1682606788250000000,,,,169.0,0.0,0.0,1240.0,5.0,1266.5,1.0,,0.0,,0.0,,0.0,1204.0,1.0,,0.0,,0.0,,0.0,,0.0
2023-04-27 22:46:43.75,1682606803750000000,,,,169.0,0.0,0.0,1238.5,5.0,1266.5,1.0,,0.0,,0.0,,0.0,1204.0,1.0,,0.0,,0.0,,0.0,,0.0
2023-04-27 22:46:45.25,1682606805250000000,,,,169.0,0.0,0.0,1237.0,5.0,1266.5,1.0,,0.0,,0.0,,0.0,1204.0,1.0,,0.0,,0.0,,0.0,,0.0
2023-04-27 22:46:51.25,1682606811250000000,,,,169.0,0.0,0.0,1235.5,5.0,1266.5,1.0,,0.0,,0.0,,0.0,1204.0,1.0,,0.0,,0.0,,0.0,,0.0
2023-04-27 22:46:54.75,1682606814750000000,,,,169.0,0.0,0.0,1233.5,5.0,1266.5,1.0,,0.0,,0.0,,0.0,1204.0,1.0,,0.0,,0.0,,0.0,,0.0
2023-04-27 22:46:55.25,1682606815250000000,,,,169.0,0.0,0.0,1235.5,5.0,1266.5,1.0,,0.0,,0.0,,0.0,1204.0,1.0,,0.0,,0.0,,0.0,,0.0
2023-04-27 22:46:56.75,1682606816750000000,,,,169.0,0.0,0.0,1234.0,5.0,1266.5,1.0,,0.0,,0.0,,0.0,1204.0,1.0,,0.0,,0.0,,0.0,,0.0
2023-04-27 22:47:09.25,1682606829250000000,,,,169.0,0.0,0.0,1235.5,5.0,1266.5,1.0,,0.0,,0.0,,0.0,1204.0,1.0,,0.0,,0.0,,0.0,,0.0
2023-04-27 22:47:18.0,1682606838000000000,,,,169.0,0.0,0.0,1237.0,5.0,1266.5,1.0,,0.0,,0.0,,0.0,1204.0,1.0,,0.0,,0.0,,0.0,,0.0
2023-04-27 22:47:24.75,1682606844750000000,,,,169.0,0.0,0.0,1235.0,5.0,1266.5,1.0,,0.0,,0.0,,0.0,1204.0,1.0,,0.0,,0.0,,0.0,,0.0
2023-04-27 22:47:31.0,1682606851000000000,,,,169.0,0.0,0.0,1236.5,5.0,1266.5,1.0,,0.0,,0.0,,0.0,1204.0,1.0,,0.0,,0.0,,0.0,,0.0
2023-04-27 22:47:41.75,1682606861750000000,,,,169.0,0.0,0.0,1238.5,5.0,1266.5,1.0,,0.0,,0.0,,0.0,1204.0,1.0,,0.0,,0.0,,0.0,,0.0
2023-04-27 22:47:45.5,1682606865500000000,,,,169.0,0.0,0.0,1240.5,5.0,1266.5,1.0,,0.0,,0.0,,0.0,1204.0,1.0,,0.0,,0.0,,0.0,,0.0
2023-04-27 22:48:03.5,1682606883500000000,,,,169.0,0.0,0.0,1239.0,5.0,1266.5,1.0,,0.0,,0.0,,0.0,1204.0,1.0,,0.0,,0.0,,0.0,,0.0
2023-04-27 22:48:05.25,1682606885250000000,,,,169.0,0.0,0.0,1237.5,5.0,1266.5,1.0,,0.0,,0.0,,0.0,1204.0,1.0,,0.0,,0.0,,0.0,,0.0
2023-04-27 22:48:09.75,1682606889750000000,,,,169.0,0.0,0.0,1239.0,5.0,1266.5,1.0,,0.0,,0.0,,0.0,1204.0,1.0,,0.0,,0.0,,0.0,,0.0
2023-04-27 22:48:25.0,1682606905000000000,,,,169.0,0.0,0.0,1240.5,5.0,1266.5,1.0,,0.0,,0.0,,0.0,1204.0,1.0,,0.0,,0.0,,0.0,,0.0
2023-04-27 22:48:30.0,1682606910000000000,,,,169.0,0.0,0.0,1239.0,5.0,1266.5,1.0,,0.0,,0.0,,0.0,1204.0,1.0,,0.0,,0.0,,0.0,,0.0
2023-04-27 22:48:40.75,1682606920750000000,,,,169.0,0.0,0.0,1237.5,5.0,1266.5,1.0,,0.0,,0.0,,0.0,1204.0,1.0,,0.0,,0.0,,0.0,,0.0
2023-04-27 22:48:44.75,1682606924750000000,,,,169.0,0.0,0.0,1236.0,5.0,1266.5,1.0,,0.0,,0.0,,0.0,1204.0,1.0,,0.0,,0.0,,0.0,,0.0
2023-04-27 22:48:48.25,1682606928250000000,,,,169.0,0.0,0.0,1234.5,5.0,1266.5,1.0,,0.0,,0.0,,0.0,1204.0,1.0,,0.0,,0.0,,0.0,,0.0
2023-04-27 22:48:54.5,1682606934500000000,,,,169.0,0.0,0.0,1238.0,5.0,1266.5,1.0,,0.0,,0.0,,0.0,1204.0,1.0,,0.0,,0.0,,0.0,,0.0
2023-04-27 22:49:09.0,1682606949000000000,,,,169.0,0.0,0.0,1240.0,5.0,1266.5,1.0,,0.0,,0.0,,0.0,1204.0,1.0,,0.0,,0.0,,0.0,,0.0
2023-04-27 22:49:44.0,1682606984000000000,,,,169.0,0.0,0.0,1241.5,5.0,1266.5,1.0,,0.0,,0.0,,0.0,1204.0,1.0,,0.0,,0.0,,0.0,,0.0
2023-04-27 22:49:46.0,1682606986000000000,,,,169.0,0.0,0.0,1243.0,5.0,1266.5,1.0,,0.0,,0.0,,0.0,1204.0,1.0,,0.0,,0.0,,0.0,,0.0
2023-04-27 22:49:48.5,1682606988500000000,,,,169.0,0.0,0.0,1241.5,5.0,1266.5,1.0,,0.0,,0.0,,0.0,1204.0,1.0,,0.0,,0.0,,0.0,,0.0
2023-04-27 22:49:53.25,1682606993250000000,,,,169.0,0.0,0.0,1240.0,5.0,1266.5,1.0,,0.0,,0.0,,0.0,1204.0,1.0,,0.0,,0.0,,0.0,,0.0
2023-04-27 22:49:55.75,1682606995750000000,,,,169.0,0.0,0.0,1241.5,5.0,1266.5,1.0,,0.0,,0.0,,0.0,1204.0,1.0,,0.0,,0.0,,0.0,,0.0
2023-04-27 22:50:23.25,1682607023250000000,,,,169.0,0.0,0.0,1243.0,5.0,1266.5,1.0,,0.0,,0.0,,0.0,1204.0,1.0,,0.0,,0.0,,0.0,,0.0
2023-04-27 22:50:24.25,1682607024250000000,,,,169.0,0.0,0.0,1241.5,5.0,1266.5,1.0,,0.0,,0.0,,0.0,1204.0,1.0,,0.0,,0.0,,0.0,,0.0
2023-04-27 22:50:30.5,1682607030500000000,,,,169.0,0.0,0.0,1240.0,5.0,1266.5,1.0,,0.0,,0.0,,0.0,1204.0,1.0,,0.0,,0.0,,0.0,,0.0
2023-04-27 22:50:49.0,1682607049000000000,,,,169.0,0.0,0.0,1238.5,5.0,1266.5,1.0,,0.0,,0.0,,0.0,1204.0,1.0,,0.0,,0.0,,0.0,,0.0
2023-04-27 22:50:51.25,1682607051250000000,,,,169.0,0.0,0.0,1237.0,5.0,1266.5,1.0,,0.0,,0.0,,0.0,1204.0,1.0,,0.0,,0.0,,0.0,,0.0
2023-04-27 22:50:56.25,1682607056250000000,,,,169.0,0.0,0.0,1239.5,5.0,1266.5,1.0,,0.0,,0.0,,0.0,1204.0,1.0,,0.0,,0.0,,0.0,,0.0
2023-04-27 22:51:04.75,1682607064750000000,,,,169.0,0.0,0.0,1241.0,5.0,1266.5,1.0,,0.0,,0.0,,0.0,1204.0,1.0,,0.0,,0.0,,0.0,,0.0
2023-04-27 22:51:14.25,1682607074250000000,,,,169.0,0.0,0.0,1242.5,5.0,1266.5,1.0,,0.0,,0.0,,0.0,1204.0,1.0,,0.0,,0.0,,0.0,,0.0
2023-04-27 22:51:19.5,1682607079500000000,,,,169.0,0.0,0.0,1241.0,5.0,1266.5,1.0,,0.0,,0.0,,0.0,1204.0,1.0,,0.0,,0.0,,0.0,,0.0
2023-04-27 22:51:21.25,1682607081250000000,,,,169.0,0.0,0.0,1239.5,5.0,1266.5,1.0,,0.0,,0.0,,0.0,1204.0,1.0,,0.0,,0.0,,0.0,,0.0
2023-04-27 22:51:30.0,1682607090000000000,,,,169.0,0.0,0.0,1241.0,5.0,1266.5,1.0,,0.0,,0.0,,0.0,1204.0,1.0,,0.0,,0.0,,0.0,,0.0
2023-04-27 22:51:40.5,1682607100500000000,,,,169.0,0.0,0.0,1239.5,5.0,1266.5,1.0,,0.0,,0.0,,0.0,1204.0,1.0,,0.0,,0.0,,0.0,,0.0
2023-04-27 22:51:43.0,1682607103000000000,,,,169.0,0.0,0.0,1238.0,5.0,1266.5,1.0,,0.0,,0.0,,0.0,1204.0,1.0,,0.0,,0.0,,0.0,,0.0
2023-04-27 22:51:43.75,1682607103750000000,,,,169.0,0.0,0.0,1240.0,5.0,1266.5,1.0,,0.0,,0.0,,0.0,1204.0,1.0,,0.0,,0.0,,0.0,,0.0
2023-04-27 22:51:44.0,1682607104000000000,,,,169.0,0.0,0.0,1238.5,5.0,1266.5,1.0,,0.0,,0.0,,0.0,1204.0,1.0,,0.0,,0.0,,0.0,,0.0
2023-04-27 22:51:47.75,1682607107750000000,,,,169.0,0.0,0.0,1236.5,5.0,1266.5,1.0,,0.0,,0.0,,0.0,1204.0,1.0,,0.0,,0.0,,0.0,,0.0
2023-04-27 22:51:52.0,1682607112000000000,,,,169.0,0.0,0.0,1235.0,5.0,1266.5,1.0,,0.0,,0.0,,0.0,1204.0,1.0,,0.0,,0.0,,0.0,,0.0
2023-04-27 22:51:58.5,1682607118500000000,,,,169.0,0.0,0.0,1236.5,5.0,1266.5,1.0,,0.0,,0.0,,0.0,1204.0,1.0,,0.0,,0.0,,0.0,,0.0
2023-04-27 22:52:00.5,1682607120500000000,,,,169.0,0.0,0.0,1234.0,5.0,1266.5,1.0,,0.0,,0.0,,0.0,1204.0,1.0,,0.0,,0.0,,0.0,,0.0
2023-04-27 22:52:01.25,1682607121250000000,,,,169.0,0.0,0.0,1232.5,5.0,1266.5,1.0,,0.0,,0.0,,0.0,1204.0,1.0,,0.0,,0.0,,0.0,,0.0
2023-04-27 22:52:03.5,1682607123500000000,,,,169.0,0.0,0.0,1231.0,5.0,1266.5,1.0,,0.0,,0.0,,0.0,1204.0,1.0,,0.0,,0.0,,0.0,,0.0
2023-04-27 22:52:08.25,1682607128250000000,,,,169.0,0.0,0.0,1232.5,5.0,1266.5,1.0,,0.0,,0.0,,0.0,1204.0,1.0,,0.0,,0.0,,0.0,,0.0
2023-04-27 22:52:17.75,1682607137750000000,,,,169.0,0.0,0.0,1234.0,5.0,1266.5,1.0,,0.0,,0.0,,0.0,1204.0,1.0,,0.0,,0.0,,0.0,,0.0
2023-04-27 22:52:19.5,1682607139500000000,,,,169.0,0.0,0.0,1232.5,5.0,1266.5,1.0,,0.0,,0.0,,0.0,1204.0,1.0,,0.0,,0.0,,0.0,,0.0
2023-04-27 22:52:35.0,1682607155000000000,,,,169.0,0.0,0.0,1234.0,5.0,1266.5,1.0,,0.0,,0.0,,0.0,1204.0,1.0,,0.0,,0.0,,0.0,,0.0
2023-04-27 22:52:38.25,1682607158250000000,,,,169.0,0.0,0.0,1235.5,5.0,1266.5,1.0,,0.0,,0.0,,0.0,1204.0,1.0,,0.0,,0.0,,0.0,,0.0
2023-04-27 22:52:41.5,1682607161500000000,,,,169.0,0.0,0.0,1237.0,5.0,1266.5,1.0,,0.0,,0.0,,0.0,1204.0,1.0,,0.0,,0.0,,0.0,,0.0
2023-04-27 22:53:00.25,1682607180250000000,,,,169.0,0.0,0.0,1235.5,5.0,1266.5,1.0,,0.0,,0.0,,0.0,1204.0,1.0,,0.0,,0.0,,0.0,,0.0
2023-04-27 22:53:03.25,1682607183250000000,,,,169.0,0.0,0.0,1238.5,5.0,1266.5,1.0,,0.0,,0.0,,0.0,1204.0,1.0,,0.0,,0.0,,0.0,,0.0
2023-04-27 22:53:11.0,1682607191000000000,,,,169.0,0.0,0.0,1240.0,5.0,1266.5,1.0,,0.0,,0.0,,0.0,1204.0,1.0,,0.0,,0.0,,0.0,,0.0
2023-04-27 22:53:12.25,1682607192250000000,,,,169.0,0.0,0.0,1238.5,5.0,1266.5,1.0,,0.0,,0.0,,0.0,1204.0,1.0,,0.0,,0.0,,0.0,,0.0
2023-04-27 22:53:21.25,1682607201250000000,,,,169.0,0.0,0.0,1237.0,5.0,1266.5,1.0,,0.0,,0.0,,0.0,1204.0,1.0,,0.0,,0.0,,0.0,,0.0
2023-04-27 22:53:27.75,1682607207750000000,,,,169.0,0.0,0.0,1240.5,5.0,1266.5,1.0,,0.0,,0.0,,0.0,1204.0,1.0,,0.0,,0.0,,0.0,,0.0
2023-04-27 22:53:33.0,1682607213000000000,,,,169.0,0.0,0.0,1239.0,5.0,1266.5,1.0,,0.0,,0.0,,0.0,1204.0,1.0,,0.0,,0.0,,0.0,,0.0
2023-04-27 22:53:36.5,1682607216500000000,,,,169.0,0.0,0.0,1241.0,5.0,1266.5,1.0,,0.0,,0.0,,0.0,1204.0,1.0,,0.0,,0.0,,0.0,,0.0
2023-04-27 22:53:41.25,1682607221250000000,,,,169.0,0.0,0.0,1239.5,5.0,1266.5,1.0,,0.0,,0.0,,0.0,1204.0,1.0,,0.0,,0.0,,0.0,,0.0
2023-04-27 22:53:46.5,1682607226500000000,,,,169.0,0.0,0.0,1241.0,5.0,1266.5,1.0,,0.0,,0.0,,0.0,1204.0,1.0,,0.0,,0.0,,0.0,,0.0
2023-04-27 22:53:47.75,1682607227750000000,,,,169.0,0.0,0.0,1242.5,5.0,1266.5,1.0,,0.0,,0.0,,0.0,1204.0,1.0,,0.0,,0.0,,0.0,,0.0
2023-04-27 22:53:48.25,1682607228250000000,,,,169.0,0.0,0.0,1241.0,5.0,1266.5,1.0,,0.0,,0.0,,0.0,1204.0,1.0,,0.0,,0.0,,0.0,,0.0
2023-04-27 22:53:50.75,1682607230750000000,,,,169.0,0.0,0.0,1242.5,5.0,1266.5,1.0,,0.0,,0.0,,0.0,1204.0,1.0,,0.0,,0.0,,0.0,,0.0
2023-04-27 22:53:58.5,1682607238500000000,,,,169.0,0.0,0.0,1244.0,5.0,1266.5,1.0,,0.0,,0.0,,0.0,1204.0,1.0,,0.0,,0.0,,0.0,,0.0
2023-04-27 22:54:02.0,1682607242000000000,,,,169.0,0.0,0.0,1245.5,5.0,1266.5,1.0,,0.0,,0.0,,0.0,1204.0,1.0,,0.0,,0.0,,0.0,,0.0
2023-04-27 22:54:12.0,1682607252000000000,,,,169.0,0.0,0.0,1247.0,5.0,1266.5,1.0,,0.0,,0.0,,0.0,1204.0,1.0,,0.0,,0.0,,0.0,,0.0
2023-04-27 22:54:16.25,1682607256250000000,,,,169.0,0.0,0.0,1248.5,5.0,1266.5,1.0,,0.0,,0.0,,0.0,1204.0,1.0,,0.0,,0.0,,0.0,,0.0
2023-04-27 22:54:18.0,1682607258000000000,,,,169.0,0.0,0.0,1250.0,5.0,1266.5,1.0,,0.0,,0.0,,0.0,1204.0,1.0,,0.0,,0.0,,0.0,,0.0
2023-04-27 22:54:18.75,1682607258750000000,,,,169.0,0.0,0.0,1251.5,5.0,1266.5,1.0,,0.0,,0.0,,0.0,1204.0,1.0,,0.0,,0.0,,0.0,,0.0
2023-04-27 22:54:33.25,1682607273250000000,,,,169.0,0.0,0.0,1250.0,5.0,1266.5,1.0,,0.0,,0.0,,0.0,1204.0,1.0,,0.0,,0.0,,0.0,,0.0
2023-04-27 22:54:36.0,1682607276000000000,,,,169.0,0.0,0.0,1248.0,5.0,1266.5,1.0,,0.0,,0.0,,0.0,1204.0,1.0,,0.0,,0.0,,0.0,,0.0
2023-04-27 22:54:38.75,1682607278750000000,,,,169.0,0.0,0.0,1249.5,5.0,1266.5,1.0,,0.0,,0.0,,0.0,1204.0,1.0,,0.0,,0.0,,0.0,,0.0
2023-04-27 22:54:42.5,1682607282500000000,,,,169.0,0.0,0.0,1248.0,5.0,1266.5,1.0,,0.0,,0.0,,0.0,1204.0,1.0,,0.0,,0.0,,0.0,,0.0
2023-04-27 22:54:44.5,1682607284500000000,,,,169.0,0.0,0.0,1246.0,5.0,1266.5,1.0,,0.0,,0.0,,0.0,1204.0,1.0,,0.0,,0.0,,0.0,,0.0
2023-04-27 22:54:52.75,1682607292750000000,,,,169.0,0.0,0.0,1248.0,5.0,1266.5,1.0,,0.0,,0.0,,0.0,1204.0,1.0,,0.0,,0.0,,0.0,,0.0
2023-04-27 22:55:01.75,1682607301750000000,,,,169.0,0.0,0.0,1246.5,5.0,1266.5,1.0,,0.0,,0.0,,0.0,1204.0,1.0,,0.0,,0.0,,0.0,,0.0
2023-04-27 22:55:12.25,1682607312250000000,,,,169.0,0.0,0.0,1248.0,5.0,1266.5,1.0,,0.0,,0.0,,0.0,1204.0,1.0,,0.0,,0.0,,0.0,,0.0
2023-04-27 22:55:16.5,1682607316500000000,,,,169.0,0.0,0.0,1246.5,5.0,1266.5,1.0,,0.0,,0.0,,0.0,1204.0,1.0,,0.0,,0.0,,0.0,,0.0
2023-04-27 22:55:23.75,1682607323750000000,,,,169.0,0.0,0.0,1248.0,5.0,1266.5,1.0,,0.0,,0.0,,0.0,1204.0,1.0,,0.0,,0.0,,0.0,,0.0
2023-04-27 22:55:35.5,1682607335500000000,,,,169.0,0.0,0.0,1246.5,5.0,1266.5,1.0,,0.0,,0.0,,0.0,1204.0,1.0,,0.0,,0.0,,0.0,,0.0
2023-04-27 22:56:05.75,1682607365750000000,,,,169.0,0.0,0.0,1245.0,5.0,1266.5,1.0,,0.0,,0.0,,0.0,1204.0,1.0,,0.0,,0.0,,0.0,,0.0
2023-04-27 22:56:08.25,1682607368250000000,,,,169.0,0.0,0.0,1242.5,5.0,1266.5,1.0,,0.0,,0.0,,0.0,1204.0,1.0,,0.0,,0.0,,0.0,,0.0
2023-04-27 22:56:12.75,1682607372750000000,,,,169.0,0.0,0.0,1244.5,5.0,1266.5,1.0,,0.0,,0.0,,0.0,1204.0,1.0,,0.0,,0.0,,0.0,,0.0
2023-04-27 22:56:24.0,1682607384000000000,,,,169.0,0.0,0.0,1243.0,5.0,1266.5,1.0,,0.0,,0.0,,0.0,1204.0,1.0,,0.0,,0.0,,0.0,,0.0
2023-04-27 22:56:36.25,1682607396250000000,,,,169.0,0.0,0.0,1243.0,5.0,,0.0,,0.0,,0.0,,0.0,,0.0,,0.0,,0.0,,0.0,,0.0
2023-04-27 22:56:36.5,1682607396500000000,,,,169.0,0.0,0.0,1243.0,5.0,,0.0,,0.0,,0.0,,0.0,651.5,1.0,,0.0,,0.0,,0.0,,0.0
2023-04-27 22:56:44.75,1682607404750000000,,,,169.0,0.0,0.0,1241.0,5.0,,0.0,,0.0,,0.0,,0.0,651.5,1.0,,0.0,,0.0,,0.0,,0.0
2023-04-27 22:56:47.0,1682607407000000000,,,,169.0,0.0,0.0,1239.5,5.0,,0.0,,0.0,,0.0,,0.0,651.5,1.0,,0.0,,0.0,,0.0,,0.0
2023-04-27 22:56:52.75,1682607412750000000,,,,169.0,0.0,0.0,1241.0,5.0,,0.0,,0.0,,0.0,,0.0,651.5,1.0,,0.0,,0.0,,0.0,,0.0
2023-04-27 22:56:57.25,1682607417250000000,,,,169.0,0.0,0.0,1239.5,5.0,,0.0,,0.0,,0.0,,0.0,651.5,1.0,,0.0,,0.0,,0.0,,0.0
2023-04-27 22:56:58.25,1682607418250000000,,,,169.0,0.0,0.0,1241.0,5.0,,0.0,,0.0,,0.0,,0.0,651.5,1.0,,0.0,,0.0,,0.0,,0.0
2023-04-27 22:57:07.0,1682607427000000000,,,,169.0,0.0,0.0,1239.5,5.0,,0.0,,0.0,,0.0,,0.0,651.5,1.0,,0.0,,0.0,,0.0,,0.0
2023-04-27 22:57:29.0,1682607449000000000,,,,169.0,0.0,0.0,1241.0,5.0,,0.0,,0.0,,0.0,,0.0,651.5,1.0,,0.0,,0.0,,0.0,,0.0
2023-04-27 22:57:34.0,1682607454000000000,,,,169.0,0.0,0.0,,0.0,,0.0,,0.0,,0.0,,0.0,651.5,1.0,,0.0,,0.0,,0.0,,0.0
2023-04-27 22:59:40.75,1682607580750000000,,,,169.0,0.0,0.0,,0.0,,0.0,,0.0,,0.0,,0.0,,0.0,,0.0,,0.0,,0.0,,0.0
2023-04-28 08:55:00.0,1682643300000000000,,,,169.0,0.0,0.0,,0.0,,0.0,,0.0,,0.0,,0.0,,0.0,,0.0,,0.0,,0.0,,0.0
2023-04-28 09:00:03.25,1682643603250000000,,,,169.0,0.0,0.0,,0.0,,0.0,,0.0,,0.0,,0.0,1108.0,1.0,,0.0,,0.0,,0.0,,0.0
2023-04-28 09:00:03.75,1682643603750000000,,,,169.0,0.0,0.0,1388.0,1.0,,0.0,,0.0,,0.0,,0.0,1108.0,1.0,,0.0,,0.0,,0.0,,0.0
2023-04-28 09:00:04.0,1682643604000000000,,,,169.0,0.0,0.0,1388.0,1.0,1754.5,1.0,,0.0,,0.0,,0.0,1108.0,1.0,,0.0,,0.0,,0.0,,0.0
2023-04-28 09:00:04.75,1682643604750000000,,,,169.0,0.0,0.0,1388.0,1.0,,0.0,,0.0,,0.0,,0.0,1108.0,1.0,,0.0,,0.0,,0.0,,0.0
2023-04-28 09:00:06.75,1682643606750000000,,,,169.0,0.0,0.0,1388.0,1.0,,0.0,,0.0,,0.0,,0.0,1109.5,1.0,1108.0,1.0,,0.0,,0.0,,0.0
2023-04-28 09:00:07.0,1682643607000000000,,,,169.0,0.0,0.0,1388.0,1.0,,0.0,,0.0,,0.0,,0.0,1144.0,1.0,1109.5,1.0,,0.0,,0.0,,0.0
2023-04-28 09:00:07.75,1682643607750000000,,,,169.0,0.0,0.0,1388.0,1.0,,0.0,,0.0,,0.0,,0.0,1144.0,1.0,,0.0,,0.0,,0.0,,0.0
2023-04-28 09:01:10.75,1682643670750000000,,,,169.0,0.0,0.0,1387.5,10.0,1388.0,1.0,,0.0,,0.0,,0.0,1144.0,1.0,,0.0,,0.0,,0.0,,0.0
2023-04-28 09:01:11.0,1682643671000000000,,,,169.0,0.0,0.0,1353.0,1.0,1387.5,10.0,,0.0,,0.0,,0.0,1144.0,1.0,,0.0,,0.0,,0.0,,0.0
2023-04-28 09:01:11.25,1682643671250000000,,,,169.0,0.0,0.0,1352.5,10.0,1353.0,1.0,,0.0,,0.0,,0.0,1144.0,1.0,,0.0,,0.0,,0.0,,0.0
2023-04-28 09:01:11.5,1682643671500000000,,,,169.0,0.0,0.0,1318.0,1.0,1352.5,10.0,,0.0,,0.0,,0.0,1144.0,1.0,,0.0,,0.0,,0.0,,0.0
2023-04-28 09:01:11.75,1682643671750000000,,,,169.0,0.0,0.0,1318.0,1.0,,0.0,,0.0,,0.0,,0.0,1144.0,1.0,,0.0,,0.0,,0.0,,0.0
2023-04-28 09:01:12.0,1682643672000000000,,,,169.0,0.0,0.0,1317.5,10.0,1318.0,1.0,,0.0,,0.0,,0.0,1144.0,1.0,,0.0,,0.0,,0.0,,0.0
2023-04-28 09:01:12.25,1682643672250000000,,,,169.0,0.0,0.0,1283.0,1.0,1317.5,10.0,,0.0,,0.0,,0.0,1144.0,1.0,,0.0,,0.0,,0.0,,0.0
2023-04-28 09:01:12.5,1682643672500000000,,,,169.0,0.0,0.0,1283.0,1.0,,0.0,,0.0,,0.0,,0.0,1144.0,1.0,,0.0,,0.0,,0.0,,0.0
2023-04-28 09:01:12.75,1682643672750000000,,,,169.0,0.0,0.0,1282.5,10.0,1283.0,1.0,,0.0,,0.0,,0.0,1144.0,1.0,,0.0,,0.0,,0.0,,0.0
2023-04-28 09:06:27.75,1682643987750000000,,,,169.0,0.0,0.0,1244.0,5.0,1282.5,10.0,1283.0,1.0,,0.0,,0.0,1144.0,1.0,,0.0,,0.0,,0.0,,0.0
2023-04-28 09:06:28.0,1682643988000000000,,,,169.0,0.0,0.0,1244.0,5.0,1283.0,1.0,,0.0,,0.0,,0.0,1144.0,1.0,,0.0,,0.0,,0.0,,0.0
2023-04-28 09:06:37.5,1682643997500000000,,,,169.0,0.0,0.0,1245.5,5.0,1283.0,1.0,,0.0,,0.0,,0.0,1144.0,1.0,,0.0,,0.0,,0.0,,0.0
2023-04-28 09:06:52.5,1682644012500000000,,,,169.0,0.0,0.0,1244.0,5.0,1283.0,1.0,,0.0,,0.0,,0.0,1144.0,1.0,,0.0,,0.0,,0.0,,0.0
2023-04-28 09:07:02.25,1682644022250000000,,,,169.0,0.0,0.0,1245.5,5.0,1283.0,1.0,,0.0,,0.0,,0.0,1144.0,1.0,,0.0,,0.0,,0.0,,0.0
2023-04-28 09:07:13.5,1682644033500000000,,,,169.0,0.0,0.0,1247.0,5.0,1283.0,1.0,,0.0,,0.0,,0.0,1144.0,1.0,,0.0,,0.0,,0.0,,0.0
2023-04-28 09:07:29.75,1682644049750000000,,,,169.0,0.0,0.0,1248.5,5.0,1283.0,1.0,,0.0,,0.0,,0.0,1144.0,1.0,,0.0,,0.0,,0.0,,0.0
2023-04-28 09:07:45.5,1682644065500000000,,,,169.0,0.0,0.0,1250.0,5.0,1283.0,1.0,,0.0,,0.0,,0.0,1144.0,1.0,,0.0,,0.0,,0.0,,0.0
2023-04-28 09:08:10.25,1682644090250000000,,,,169.0,0.0,0.0,1252.0,5.0,1283.0,1.0,,0.0,,0.0,,0.0,1144.0,1.0,,0.0,,0.0,,0.0,,0.0
2023-04-28 09:08:11.25,1682644091250000000,,,,169.0,0.0,0.0,1253.5,5.0,1283.0,1.0,,0.0,,0.0,,0.0,1144.0,1.0,,0.0,,0.0,,0.0,,0.0
2023-04-28 09:08:12.5,1682644092500000000,,,,169.0,0.0,0.0,1255.0,5.0,1283.0,1.0,,0.0,,0.0,,0.0,1144.0,1.0,,0.0,,0.0,,0.0,,0.0
2023-04-28 09:08:24.25,1682644104250000000,,,,169.0,0.0,0.0,1253.0,5.0,1283.0,1.0,,0.0,,0.0,,0.0,1144.0,1.0,,0.0,,0.0,,0.0,,0.0
2023-04-28 09:08:30.0,1682644110000000000,,,,169.0,0.0,0.0,1251.5,5.0,1283.0,1.0,,0.0,,0.0,,0.0,1144.0,1.0,,0.0,,0.0,,0.0,,0.0
2023-04-28 09:08:41.0,1682644121000000000,,,,169.0,0.0,0.0,1250.0,5.0,1283.0,1.0,,0.0,,0.0,,0.0,1144.0,1.0,,0.0,,0.0,,0.0,,0.0
2023-04-28 09:08:45.25,1682644125250000000,,,,169.0,0.0,0.0,1248.0,5.0,1283.0,1.0,,0.0,,0.0,,0.0,1144.0,1.0,,0.0,,0.0,,0.0,,0.0
2023-04-28 09:08:55.75,1682644135750000000,,,,169.0,0.0,0.0,1249.5,5.0,1283.0,1.0,,0.0,,0.0,,0.0,1144.0,1.0,,0.0,,0.0,,0.0,,0.0
2023-04-28 09:09:01.75,1682644141750000000,,,,169.0,0.0,0.0,1248.0,5.0,1283.0,1.0,,0.0,,0.0,,0.0,1144.0,1.0,,0.0,,0.0,,0.0,,0.0
2023-04-28 09:09:31.5,1682644171500000000,,,,169.0,0.0,0.0,1249.5,5.0,1283.0,1.0,,0.0,,0.0,,0.0,1144.0,1.0,,0.0,,0.0,,0.0,,0.0
2023-04-28 09:09:48.75,1682644188750000000,,,,169.0,0.0,0.0,1248.0,5.0,1283.0,1.0,,0.0,,0.0,,0.0,1144.0,1.0,,0.0,,0.0,,0.0,,0.0
2023-04-28 09:10:05.75,1682644205750000000,,,,169.0,0.0,0.0,1249.5,5.0,1283.0,1.0,,0.0,,0.0,,0.0,1144.0,1.0,,0.0,,0.0,,0.0,,0.0
2023-04-28 09:10:13.5,1682644213500000000,,,,169.0,0.0,0.0,1251.0,5.0,1283.0,1.0,,0.0,,0.0,,0.0,1144.0,1.0,,0.0,,0.0,,0.0,,0.0
2023-04-28 09:10:32.0,1682644232000000000,,,,169.0,0.0,0.0,1249.5,5.0,1283.0,1.0,,0.0,,0.0,,0.0,1144.0,1.0,,0.0,,0.0,,0.0,,0.0
2023-04-28 09:10:33.5,1682644233500000000,,,,169.0,0.0,0.0,1248.0,5.0,1283.0,1.0,,0.0,,0.0,,0.0,1144.0,1.0,,0.0,,0.0,,0.0,,0.0
2023-04-28 09:10:38.0,1682644238000000000,,,,169.0,0.0,0.0,1249.5,5.0,1283.0,1.0,,0.0,,0.0,,0.0,1144.0,1.0,,0.0,,0.0,,0.0,,0.0
2023-04-28 09:10:44.25,1682644244250000000,,,,169.0,0.0,0.0,1251.0,5.0,1283.0,1.0,,0.0,,0.0,,0.0,1144.0,1.0,,0.0,,0.0,,0.0,,0.0
2023-04-28 09:10:54.0,1682644254000000000,,,,169.0,0.0,0.0,1252.5,5.0,1283.0,1.0,,0.0,,0.0,,0.0,1144.0,1.0,,0.0,,0.0,,0.0,,0.0
2023-04-28 09:11:07.25,1682644267250000000,,,,169.0,0.0,0.0,1254.0,5.0,1283.0,1.0,,0.0,,0.0,,0.0,1144.0,1.0,,0.0,,0.0,,0.0,,0.0
2023-04-28 09:11:20.0,1682644280000000000,,,,169.0,0.0,0.0,1255.5,5.0,1283.0,1.0,,0.0,,0.0,,0.0,1144.0,1.0,,0.0,,0.0,,0.0,,0.0
2023-04-28 09:11:24.75,1682644284750000000,,,,169.0,0.0,0.0,1254.0,5.0,1283.0,1.0,,0.0,,0.0,,0.0,1144.0,1.0,,0.0,,0.0,,0.0,,0.0
2023-04-28 09:11:36.5,1682644296500000000,,,,169.0,0.0,0.0,1255.5,5.0,1283.0,1.0,,0.0,,0.0,,0.0,1144.0,1.0,,0.0,,0.0,,0.0,,0.0
2023-04-28 09:11:38.25,1682644298250000000,,,,169.0,0.0,0.0,1257.0,5.0,1283.0,1.0,,0.0,,0.0,,0.0,1144.0,1.0,,0.0,,0.0,,0.0,,0.0
2023-04-28 09:11:48.5,1682644308500000000,,,,169.0,0.0,0.0,1255.5,5.0,1283.0,1.0,,0.0,,0.0,,0.0,1144.0,1.0,,0.0,,0.0,,0.0,,0.0
2023-04-28 09:12:03.5,1682644323500000000,,,,169.0,0.0,0.0,1253.5,5.0,1283.0,1.0,,0.0,,0.0,,0.0,1144.0,1.0,,0.0,,0.0,,0.0,,0.0
2023-04-28 09:13:09.25,1682644389250000000,,,,169.0,0.0,0.0,1255.0,5.0,1283.0,1.0,,0.0,,0.0,,0.0,1144.0,1.0,,0.0,,0.0,,0.0,,0.0
2023-04-28 09:13:13.75,1682644393750000000,,,,169.0,0.0,0.0,1257.0,5.0,1283.0,1.0,,0.0,,0.0,,0.0,1144.0,1.0,,0.0,,0.0,,0.0,,0.0
2023-04-28 09:14:10.5,1682644450500000000,,,,169.0,0.0,0.0,1258.5,5.0,1283.0,1.0,,0.0,,0.0,,0.0,1144.0,1.0,,0.0,,0.0,,0.0,,0.0
2023-04-28 09:14:11.75,1682644451750000000,,,,169.0,0.0,0.0,1260.0,5.0,1283.0,1.0,,0.0,,0.0,,0.0,1144.0,1.0,,0.0,,0.0,,0.0,,0.0
2023-04-28 09:14:12.75,1682644452750000000,,,,169.0,0.0,0.0,1258.5,5.0,1283.0,1.0,,0.0,,0.0,,0.0,1144.0,1.0,,0.0,,0.0,,0.0,,0.0
2023-04-28 09:14:13.75,1682644453750000000,,,,169.0,0.0,0.0,1260.0,5.0,1283.0,1.0,,0.0,,0.0,,0.0,1144.0,1.0,,0.0,,0.0,,0.0,,0.0
2023-04-28 09:14:18.0,1682644458000000000,,,,169.0,0.0,0.0,1261.5,5.0,1283.0,1.0,,0.0,,0.0,,0.0,1144.0,1.0,,0.0,,0.0,,0.0,,0.0
2023-04-28 09:14:26.0,1682644466000000000,,,,169.0,0.0,0.0,1260.0,5.0,1283.0,1.0,,0.0,,0.0,,0.0,1144.0,1.0,,0.0,,0.0,,0.0,,0.0
2023-04-28 09:14:40.75,1682644480750000000,,,,169.0,0.0,0.0,1258.5,5.0,1283.0,1.0,,0.0,,0.0,,0.0,1144.0,1.0,,0.0,,0.0,,0.0,,0.0
2023-04-28 09:15:00.75,1682644500750000000,,,,169.0,0.0,0.0,1260.0,5.0,1283.0,1.0,,0.0,,0.0,,0.0,1144.0,1.0,,0.0,,0.0,,0.0,,0.0
2023-04-28 09:15:52.75,1682644552750000000,,,,169.0,0.0,0.0,1258.5,5.0,1283.0,1.0,,0.0,,0.0,,0.0,1144.0,1.0,,0.0,,0.0,,0.0,,0.0
2023-04-28 09:17:17.25,1682644637250000000,,,,169.0,0.0,0.0,1257.0,5.0,1283.0,1.0,,0.0,,0.0,,0.0,1144.0,1.0,,0.0,,0.0,,0.0,,0.0
2023-04-28 09:17:24.5,1682644644500000000,,,,169.0,0.0,0.0,1255.5,5.0,1283.0,1.0,,0.0,,0.0,,0.0,1144.0,1.0,,0.0,,0.0,,0.0,,0.0
2023-04-28 09:17:27.5,1682644647500000000,,,,169.0,0.0,0.0,1257.0,5.0,1283.0,1.0,,0.0,,0.0,,0.0,1144.0,1.0,,0.0,,0.0,,0.0,,0.0
2023-04-28 09:17:49.0,1682644669000000000,,,,169.0,0.0,0.0,1258.5,5.0,1283.0,1.0,,0.0,,0.0,,0.0,1144.0,1.0,,0.0,,0.0,,0.0,,0.0
2023-04-28 09:17:58.0,1682644678000000000,,,,169.0,0.0,0.0,1260.0,5.0,1283.0,1.0,,0.0,,0.0,,0.0,1144.0,1.0,,0.0,,0.0,,0.0,,0.0
2023-04-28 09:18:07.0,1682644687000000000,,,,169.0,0.0,0.0,1258.5,5.0,1283.0,1.0,,0.0,,0.0,,0.0,1144.0,1.0,,0.0,,0.0,,0.0,,0.0
2023-04-28 09:18:40.75,1682644720750000000,,,,169.0,0.0,0.0,1260.5,5.0,1283.0,1.0,,0.0,,0.0,,0.0,1144.0,1.0,,0.0,,0.0,,0.0,,0.0
2023-04-28 09:19:07.75,1682644747750000000,,,,169.0,0.0,0.0,1259.0,5.0,1283.0,1.0,,0.0,,0.0,,0.0,1144.0,1.0,,0.0,,0.0,,0.0,,0.0
2023-04-28 09:19:15.75,1682644755750000000,,,,169.0,0.0,0.0,1260.5,5.0,1283.0,1.0,,0.0,,0.0,,0.0,1144.0,1.0,,0.0,,0.0,,0.0,,0.0
2023-04-28 09:19:30.0,1682644770000000000,,,,169.0,0.0,0.0,1259.0,5.0,1283.0,1.0,,0.0,,0.0,,0.0,1144.0,1.0,,0.0,,0.0,,0.0,,0.0
2023-04-28 09:19:39.75,1682644779750000000,,,,169.0,0.0,0.0,1260.5,5.0,1283.0,1.0,,0.0,,0.0,,0.0,1144.0,1.0,,0.0,,0.0,,0.0,,0.0
2023-04-28 09:20:02.5,1682644802500000000,,,,169.0,0.0,0.0,1262.0,5.0,1283.0,1.0,,0.0,,0.0,,0.0,1144.0,1.0,,0.0,,0.0,,0.0,,0.0
2023-04-28 09:20:28.0,1682644828000000000,,,,169.0,0.0,0.0,1260.5,5.0,1283.0,1.0,,0.0,,0.0,,0.0,1144.0,1.0,,0.0,,0.0,,0.0,,0.0
2023-04-28 09:21:00.25,1682644860250000000,,,,169.0,0.0,0.0,1259.0,5.0,1283.0,1.0,,0.0,,0.0,,0.0,1144.0,1.0,,0.0,,0.0,,0.0,,0.0
2023-04-28 09:21:04.25,1682644864250000000,,,,169.0,0.0,0.0,1260.5,5.0,1283.0,1.0,,0.0,,0.0,,0.0,1144.0,1.0,,0.0,,0.0,,0.0,,0.0
2023-04-28 09:21:05.75,1682644865750000000,,,,169.0,0.0,0.0,1262.0,5.0,1283.0,1.0,,0.0,,0.0,,0.0,1144.0,1.0,,0.0,,0.0,,0.0,,0.0
2023-04-28 09:21:12.75,1682644872750000000,,,,169.0,0.0,0.0,1260.5,5.0,1283.0,1.0,,0.0,,0.0,,0.0,1144.0,1.0,,0.0,,0.0,,0.0,,0.0
2023-04-28 09:21:30.75,1682644890750000000,,,,169.0,0.0,0.0,1259.0,5.0,1283.0,1.0,,0.0,,0.0,,0.0,1144.0,1.0,,0.0,,0.0,,0.0,,0.0
2023-04-28 09:23:21.75,1682645001750000000,,,,169.0,0.0,0.0,1260.5,5.0,1283.0,1.0,,0.0,,0.0,,0.0,1144.0,1.0,,0.0,,0.0,,0.0,,0.0
2023-04-28 09:23:42.5,1682645022500000000,,,,169.0,0.0,0.0,1259.0,5.0,1283.0,1.0,,0.0,,0.0,,0.0,1144.0,1.0,,0.0,,0.0,,0.0,,0.0
2023-04-28 09:23:43.25,1682645023250000000,,,,169.0,0.0,0.0,1260.5,5.0,1283.0,1.0,,0.0,,0.0,,0.0,1144.0,1.0,,0.0,,0.0,,0.0,,0.0
2023-04-28 09:24:16.25,1682645056250000000,,,,169.0,0.0,0.0,1259.0,5.0,1283.0,1.0,,0.0,,0.0,,0.0,1144.0,1.0,,0.0,,0.0,,0.0,,0.0
2023-04-28 09:24:23.25,1682645063250000000,,,,169.0,0.0,0.0,1260.5,5.0,1283.0,1.0,,0.0,,0.0,,0.0,1144.0,1.0,,0.0,,0.0,,0.0,,0.0
2023-04-28 09:24:41.25,1682645081250000000,,,,169.0,0.0,0.0,1259.0,5.0,1283.0,1.0,,0.0,,0.0,,0.0,1144.0,1.0,,0.0,,0.0,,0.0,,0.0
2023-04-28 09:24:44.5,1682645084500000000,,,,169.0,0.0,0.0,1260.5,5.0,1283.0,1.0,,0.0,,0.0,,0.0,1144.0,1.0,,0.0,,0.0,,0.0,,0.0
2023-04-28 09:25:48.25,1682645148250000000,,,,169.0,0.0,0.0,1262.0,5.0,1283.0,1.0,,0.0,,0.0,,0.0,1144.0,1.0,,0.0,,0.0,,0.0,,0.0
2023-04-28 09:26:03.75,1682645163750000000,,,,169.0,0.0,0.0,1263.5,5.0,1283.0,1.0,,0.0,,0.0,,0.0,1144.0,1.0,,0.0,,0.0,,0.0,,0.0
2023-04-28 09:26:34.0,1682645194000000000,,,,169.0,0.0,0.0,1265.0,5.0,1283.0,1.0,,0.0,,0.0,,0.0,1144.0,1.0,,0.0,,0.0,,0.0,,0.0
2023-04-28 09:26:54.0,1682645214000000000,,,,169.0,0.0,0.0,1263.0,5.0,1283.0,1.0,,0.0,,0.0,,0.0,1144.0,1.0,,0.0,,0.0,,0.0,,0.0
2023-04-28 09:27:11.75,1682645231750000000,,,,169.0,0.0,0.0,1261.5,5.0,1283.0,1.0,,0.0,,0.0,,0.0,1144.0,1.0,,0.0,,0.0,,0.0,,0.0
2023-04-28 09:27:12.75,1682645232750000000,,,,169.0,0.0,0.0,1260.0,5.0,1283.0,1.0,,0.0,,0.0,,0.0,1144.0,1.0,,0.0,,0.0,,0.0,,0.0
2023-04-28 09:28:51.0,1682645331000000000,,,,169.0,0.0,0.0,1258.5,5.0,1283.0,1.0,,0.0,,0.0,,0.0,1144.0,1.0,,0.0,,0.0,,0.0,,0.0
2023-04-28 09:29:08.0,1682645348000000000,,,,169.0,0.0,0.0,1257.0,5.0,1283.0,1.0,,0.0,,0.0,,0.0,1144.0,1.0,,0.0,,0.0,,0.0,,0.0
2023-04-28 09:29:37.25,1682645377250000000,,,,169.0,0.0,0.0,1258.5,5.0,1283.0,1.0,,0.0,,0.0,,0.0,1144.0,1.0,,0.0,,0.0,,0.0,,0.0
2023-04-28 09:29:53.0,1682645393000000000,,,,169.0,0.0,0.0,1257.0,5.0,1283.0,1.0,,0.0,,0.0,,0.0,1144.0,1.0,,0.0,,0.0,,0.0,,0.0
2023-04-28 09:30:01.0,1682645401000000000,,,,169.0,0.0,0.0,1258.5,5.0,1283.0,1.0,,0.0,,0.0,,0.0,1144.0,1.0,,0.0,,0.0,,0.0,,0.0
2023-04-28 09:30:51.5,1682645451500000000,,,,169.0,0.0,0.0,1260.5,5.0,1283.0,1.0,,0.0,,0.0,,0.0,1144.0,1.0,,0.0,,0.0,,0.0,,0.0
2023-04-28 09:31:39.5,1682645499500000000,,,,169.0,0.0,0.0,1262.0,5.0,1283.0,1.0,,0.0,,0.0,,0.0,1144.0,1.0,,0.0,,0.0,,0.0,,0.0
2023-04-28 09:33:00.25,1682645580250000000,,,,169.0,0.0,0.0,1263.5,5.0,1283.0,1.0,,0.0,,0.0,,0.0,1144.0,1.0,,0.0,,0.0,,0.0,,0.0
2023-04-28 09:33:11.25,1682645591250000000,,,,169.0,0.0,0.0,1262.0,5.0,1283.0,1.0,,0.0,,0.0,,0.0,1144.0,1.0,,0.0,,0.0,,0.0,,0.0
2023-04-28 09:33:48.75,1682645628750000000,,,,169.0,0.0,0.0,1263.5,5.0,1283.0,1.0,,0.0,,0.0,,0.0,1144.0,1.0,,0.0,,0.0,,0.0,,0.0
2023-04-28 09:34:12.0,1682645652000000000,,,,169.0,0.0,0.0,1265.0,5.0,1283.0,1.0,,0.0,,0.0,,0.0,1144.0,1.0,,0.0,,0.0,,0.0,,0.0
2023-04-28 09:34:41.25,1682645681250000000,,,,169.0,0.0,0.0,1266.5,5.0,1283.0,1.0,,0.0,,0.0,,0.0,1144.0,1.0,,0.0,,0.0,,0.0,,0.0
2023-04-28 09:35:06.0,1682645706000000000,,,,169.0,0.0,0.0,1268.5,5.0,1283.0,1.0,,0.0,,0.0,,0.0,1144.0,1.0,,0.0,,0.0,,0.0,,0.0
2023-04-28 09:35:08.0,1682645708000000000,,,,169.0,0.0,0.0,1267.0,5.0,1283.0,1.0,,0.0,,0.0,,0.0,1144.0,1.0,,0.0,,0.0,,0.0,,0.0
2023-04-28 09:35:49.25,1682645749250000000,,,,169.0,0.0,0.0,1265.5,5.0,1283.0,1.0,,0.0,,0.0,,0.0,1144.0,1.0,,0.0,,0.0,,0.0,,0.0
2023-04-28 09:36:04.25,1682645764250000000,,,,169.0,0.0,0.0,1267.0,5.0,1283.0,1.0,,0.0,,0.0,,0.0,1144.0,1.0,,0.0,,0.0,,0.0,,0.0
2023-04-28 09:36:16.25,1682645776250000000,,,,169.0,0.0,0.0,1265.5,5.0,1283.0,1.0,,0.0,,0.0,,0.0,1144.0,1.0,,0.0,,0.0,,0.0,,0.0
2023-04-28 09:36:21.5,1682645781500000000,,,,169.0,0.0,0.0,1263.5,5.0,1283.0,1.0,,0.0,,0.0,,0.0,1144.0,1.0,,0.0,,0.0,,0.0,,0.0
2023-04-28 09:36:31.0,1682645791000000000,,,,169.0,0.0,0.0,1261.5,5.0,1283.0,1.0,,0.0,,0.0,,0.0,1144.0,1.0,,0.0,,0.0,,0.0,,0.0
2023-04-28 09:37:07.0,1682645827000000000,,,,169.0,0.0,0.0,1260.0,5.0,1283.0,1.0,,0.0,,0.0,,0.0,1144.0,1.0,,0.0,,0.0,,0.0,,0.0
2023-04-28 09:37:47.0,1682645867000000000,,,,169.0,0.0,0.0,1258.0,5.0,1283.0,1.0,,0.0,,0.0,,0.0,1144.0,1.0,,0.0,,0.0,,0.0,,0.0
2023-04-28 09:37:51.5,1682645871500000000,,,,169.0,0.0,0.0,1259.5,5.0,1283.0,1.0,,0.0,,0.0,,0.0,1144.0,1.0,,0.0,,0.0,,0.0,,0.0
2023-04-28 09:38:33.5,1682645913500000000,,,,169.0,0.0,0.0,1261.0,5.0,1283.0,1.0,,0.0,,0.0,,0.0,1144.0,1.0,,0.0,,0.0,,0.0,,0.0
2023-04-28 09:38:52.5,1682645932500000000,,,,169.0,0.0,0.0,1259.5,5.0,1283.0,1.0,,0.0,,0.0,,0.0,1144.0,1.0,,0.0,,0.0,,0.0,,0.0
2023-04-28 09:40:07.0,1682646007000000000,,,,169.0,0.0,0.0,1261.5,5.0,1283.0,1.0,,0.0,,0.0,,0.0,1144.0,1.0,,0.0,,0.0,,0.0,,0.0
2023-04-28 09:40:12.0,1682646012000000000,,,,169.0,0.0,0.0,1260.0,5.0,1283.0,1.0,,0.0,,0.0,,0.0,1144.0,1.0,,0.0,,0.0,,0.0,,0.0
2023-04-28 09:40:31.5,1682646031500000000,,,,169.0,0.0,0.0,1261.5,5.0,1283.0,1.0,,0.0,,0.0,,0.0,1144.0,1.0,,0.0,,0.0,,0.0,,0.0
2023-04-28 09:41:10.25,1682646070250000000,,,,169.0,0.0,0.0,1260.0,5.0,1283.0,1.0,,0.0,,0.0,,0.0,1144.0,1.0,,0.0,,0.0,,0.0,,0.0
2023-04-28 09:41:41.75,1682646101750000000,,,,169.0,0.0,0.0,1258.5,5.0,1283.0,1.0,,0.0,,0.0,,0.0,1144.0,1.0,,0.0,,0.0,,0.0,,0.0
2023-04-28 09:42:14.5,1682646134500000000,,,,169.0,0.0,0.0,1260.0,5.0,1283.0,1.0,,0.0,,0.0,,0.0,1144.0,1.0,,0.0,,0.0,,0.0,,0.0
2023-04-28 09:42:21.5,1682646141500000000,,,,169.0,0.0,0.0,1261.5,5.0,1283.0,1.0,,0.0,,0.0,,0.0,1144.0,1.0,,0.0,,0.0,,0.0,,0.0
2023-04-28 09:42:49.0,1682646169000000000,,,,169.0,0.0,0.0,1260.0,5.0,1283.0,1.0,,0.0,,0.0,,0.0,1144.0,1.0,,0.0,,0.0,,0.0,,0.0
2023-04-28 09:43:13.75,1682646193750000000,,,,169.0,0.0,0.0,1258.5,5.0,1283.0,1.0,,0.0,,0.0,,0.0,1144.0,1.0,,0.0,,0.0,,0.0,,0.0
2023-04-28 09:43:36.0,1682646216000000000,,,,169.0,0.0,0.0,1257.0,5.0,1283.0,1.0,,0.0,,0.0,,0.0,1144.0,1.0,,0.0,,0.0,,0.0,,0.0
2023-04-28 09:44:03.0,1682646243000000000,,,,169.0,0.0,0.0,1258.5,5.0,1283.0,1.0,,0.0,,0.0,,0.0,1144.0,1.0,,0.0,,0.0,,0.0,,0.0
2023-04-28 09:45:36.25,1682646336250000000,,,,169.0,0.0,0.0,1260.0,5.0,1283.0,1.0,,0.0,,0.0,,0.0,1144.0,1.0,,0.0,,0.0,,0.0,,0.0
2023-04-28 09:46:01.25,1682646361250000000,,,,169.0,0.0,0.0,1258.5,5.0,1283.0,1.0,,0.0,,0.0,,0.0,1144.0,1.0,,0.0,,0.0,,0.0,,0.0
2023-04-28 09:47:15.5,1682646435500000000,,,,169.0,0.0,0.0,1260.0,5.0,1283.0,1.0,,0.0,,0.0,,0.0,1144.0,1.0,,0.0,,0.0,,0.0,,0.0
2023-04-28 09:47:21.5,1682646441500000000,,,,169.0,0.0,0.0,1261.5,5.0,1283.0,1.0,,0.0,,0.0,,0.0,1144.0,1.0,,0.0,,0.0,,0.0,,0.0
2023-04-28 09:48:51.25,1682646531250000000,,,,169.0,0.0,0.0,1260.0,5.0,1283.0,1.0,,0.0,,0.0,,0.0,1144.0,1.0,,0.0,,0.0,,0.0,,0.0
2023-04-28 09:50:44.25,1682646644250000000,,,,169.0,0.0,0.0,1261.5,5.0,1283.0,1.0,,0.0,,0.0,,0.0,1144.0,1.0,,0.0,,0.0,,0.0,,0.0
2023-04-28 09:51:55.0,1682646715000000000,,,,169.0,0.0,0.0,1260.0,5.0,1283.0,1.0,,0.0,,0.0,,0.0,1144.0,1.0,,0.0,,0.0,,0.0,,0.0
2023-04-28 09:52:31.5,1682646751500000000,,,,169.0,0.0,0.0,1261.5,5.0,1283.0,1.0,,0.0,,0.0,,0.0,1144.0,1.0,,0.0,,0.0,,0.0,,0.0
2023-04-28 09:52:49.25,1682646769250000000,,,,169.0,0.0,0.0,1263.0,5.0,1283.0,1.0,,0.0,,0.0,,0.0,1144.0,1.0,,0.0,,0.0,,0.0,,0.0
2023-04-28 09:53:00.5,1682646780500000000,,,,169.0,0.0,0.0,1261.5,5.0,1283.0,1.0,,0.0,,0.0,,0.0,1144.0,1.0,,0.0,,0.0,,0.0,,0.0
2023-04-28 09:53:29.0,1682646809000000000,,,,169.0,0.0,0.0,1263.0,5.0,1283.0,1.0,,0.0,,0.0,,0.0,1144.0,1.0,,0.0,,0.0,,0.0,,0.0
2023-04-28 09:53:35.0,1682646815000000000,,,,169.0,0.0,0.0,1264.5,5.0,1283.0,1.0,,0.0,,0.0,,0.0,1144.0,1.0,,0.0,,0.0,,0.0,,0.0
2023-04-28 09:53:55.25,1682646835250000000,,,,169.0,0.0,0.0,1263.0,5.0,1283.0,1.0,,0.0,,0.0,,0.0,1144.0,1.0,,0.0,,0.0,,0.0,,0.0
2023-04-28 09:54:08.5,1682646848500000000,,,,169.0,0.0,0.0,1264.5,5.0,1283.0,1.0,,0.0,,0.0,,0.0,1144.0,1.0,,0.0,,0.0,,0.0,,0.0
2023-04-28 09:54:20.0,1682646860000000000,,,,169.0,0.0,0.0,1266.0,5.0,1283.0,1.0,,0.0,,0.0,,0.0,1144.0,1.0,,0.0,,0.0,,0.0,,0.0
2023-04-28 09:55:27.5,1682646927500000000,,,,169.0,0.0,0.0,1267.5,5.0,1283.0,1.0,,0.0,,0.0,,0.0,1144.0,1.0,,0.0,,0.0,,0.0,,0.0
2023-04-28 09:55:31.0,1682646931000000000,,,,169.0,0.0,0.0,1266.0,5.0,1283.0,1.0,,0.0,,0.0,,0.0,1144.0,1.0,,0.0,,0.0,,0.0,,0.0
2023-04-28 09:55:41.5,1682646941500000000,,,,169.0,0.0,0.0,1267.5,5.0,1283.0,1.0,,0.0,,0.0,,0.0,1144.0,1.0,,0.0,,0.0,,0.0,,0.0
2023-04-28 09:56:00.5,1682646960500000000,,,,169.0,0.0,0.0,1266.0,5.0,1283.0,1.0,,0.0,,0.0,,0.0,1144.0,1.0,,0.0,,0.0,,0.0,,0.0
2023-04-28 09:56:19.75,1682646979750000000,,,,169.0,0.0,0.0,1264.5,5.0,1283.0,1.0,,0.0,,0.0,,0.0,1144.0,1.0,,0.0,,0.0,,0.0,,0.0
2023-04-28 09:56:21.0,1682646981000000000,,,,169.0,0.0,0.0,1266.0,5.0,1283.0,1.0,,0.0,,0.0,,0.0,1144.0,1.0,,0.0,,0.0,,0.0,,0.0
2023-04-28 09:56:29.5,1682646989500000000,,,,169.0,0.0,0.0,1264.5,5.0,1283.0,1.0,,0.0,,0.0,,0.0,1144.0,1.0,,0.0,,0.0,,0.0,,0.0
2023-04-28 09:58:06.0,1682647086000000000,,,,169.0,0.0,0.0,1263.0,5.0,1283.0,1.0,,0.0,,0.0,,0.0,1144.0,1.0,,0.0,,0.0,,0.0,,0.0
2023-04-28 09:58:26.75,1682647106750000000,,,,169.0,0.0,0.0,1264.5,5.0,1283.0,1.0,,0.0,,0.0,,0.0,1144.0,1.0,,0.0,,0.0,,0.0,,0.0
2023-04-28 09:59:02.0,1682647142000000000,,,,169.0,0.0,0.0,1263.0,5.0,1283.0,1.0,,0.0,,0.0,,0.0,1144.0,1.0,,0.0,,0.0,,0.0,,0.0
2023-04-28 10:00:02.0,1682647202000000000,,,,169.0,0.0,0.0,1264.5,5.0,1283.0,1.0,,0.0,,0.0,,0.0,1144.0,1.0,,0.0,,0.0,,0.0,,0.0
2023-04-28 10:00:04.25,1682647204250000000,,,,169.0,0.0,0.0,1263.0,5.0,1283.0,1.0,,0.0,,0.0,,0.0,1144.0,1.0,,0.0,,0.0,,0.0,,0.0
2023-04-28 10:00:12.0,1682647212000000000,,,,169.0,0.0,0.0,1261.5,5.0,1283.0,1.0,,0.0,,0.0,,0.0,1144.0,1.0,,0.0,,0.0,,0.0,,0.0
2023-04-28 10:00:27.0,1682647227000000000,,,,169.0,0.0,0.0,1260.0,5.0,1283.0,1.0,,0.0,,0.0,,0.0,1144.0,1.0,,0.0,,0.0,,0.0,,0.0
2023-04-28 10:00:44.75,1682647244750000000,,,,169.0,0.0,0.0,1262.0,5.0,1283.0,1.0,,0.0,,0.0,,0.0,1144.0,1.0,,0.0,,0.0,,0.0,,0.0
2023-04-28 10:00:55.25,1682647255250000000,,,,169.0,0.0,0.0,1260.5,5.0,1283.0,1.0,,0.0,,0.0,,0.0,1144.0,1.0,,0.0,,0.0,,0.0,,0.0
2023-04-28 10:02:18.0,1682647338000000000,,,,169.0,0.0,0.0,1262.0,5.0,1283.0,1.0,,0.0,,0.0,,0.0,1144.0,1.0,,0.0,,0.0,,0.0,,0.0
2023-04-28 10:02:27.25,1682647347250000000,,,,169.0,0.0,0.0,1260.5,5.0,1283.0,1.0,,0.0,,0.0,,0.0,1144.0,1.0,,0.0,,0.0,,0.0,,0.0
2023-04-28 10:03:53.0,1682647433000000000,,,,169.0,0.0,0.0,1262.0,5.0,1283.0,1.0,,0.0,,0.0,,0.0,1144.0,1.0,,0.0,,0.0,,0.0,,0.0
2023-04-28 10:04:01.75,1682647441750000000,,,,169.0,0.0,0.0,1260.5,5.0,1283.0,1.0,,0.0,,0.0,,0.0,1144.0,1.0,,0.0,,0.0,,0.0,,0.0
2023-04-28 10:05:20.25,1682647520250000000,,,,169.0,0.0,0.0,1259.0,5.0,1283.0,1.0,,0.0,,0.0,,0.0,1144.0,1.0,,0.0,,0.0,,0.0,,0.0
2023-04-28 10:06:15.25,1682647575250000000,,,,169.0,0.0,0.0,1260.5,5.0,1283.0,1.0,,0.0,,0.0,,0.0,1144.0,1.0,,0.0,,0.0,,0.0,,0.0
2023-04-28 10:07:21.0,1682647641000000000,,,,169.0,0.0,0.0,1262.0,5.0,1283.0,1.0,,0.0,,0.0,,0.0,1144.0,1.0,,0.0,,0.0,,0.0,,0.0
2023-04-28 10:07:33.75,1682647653750000000,,,,169.0,0.0,0.0,1260.5,5.0,1283.0,1.0,,0.0,,0.0,,0.0,1144.0,1.0,,0.0,,0.0,,0.0,,0.0
2023-04-28 10:07:34.25,1682647654250000000,,,,169.0,0.0,0.0,1260.5,5.0,1283.0,1.0,,0.0,,0.0,,0.0,1144.5,1.0,1144.0,1.0,,0.0,,0.0,,0.0
2023-04-28 10:07:34.5,1682647654500000000,,,,169.0,0.0,0.0,1260.5,5.0,1283.0,1.0,,0.0,,0.0,,0.0,1202.0,1.0,1144.5,1.0,,0.0,,0.0,,0.0
2023-04-28 10:08:42.0,1682647722000000000,,,,169.0,0.0,0.0,1259.0,5.0,1283.0,1.0,,0.0,,0.0,,0.0,1202.0,1.0,1144.5,1.0,,0.0,,0.0,,0.0
2023-04-28 10:08:57.25,1682647737250000000,,,,169.0,0.0,0.0,1257.5,5.0,1283.0,1.0,,0.0,,0.0,,0.0,1202.0,1.0,1144.5,1.0,,0.0,,0.0,,0.0
2023-04-28 10:10:20.25,1682647820250000000,,,,169.0,0.0,0.0,1259.0,5.0,1283.0,1.0,,0.0,,0.0,,0.0,1202.0,1.0,1144.5,1.0,,0.0,,0.0,,0.0
2023-04-28 10:11:54.75,1682647914750000000,,,,169.0,0.0,0.0,1260.5,5.0,1283.0,1.0,,0.0,,0.0,,0.0,1202.0,1.0,1144.5,1.0,,0.0,,0.0,,0.0
2023-04-28 10:12:58.25,1682647978250000000,,,,169.0,0.0,0.0,1262.0,5.0,1283.0,1.0,,0.0,,0.0,,0.0,1202.0,1.0,1144.5,1.0,,0.0,,0.0,,0.0
2023-04-28 10:13:05.75,1682647985750000000,,,,169.0,0.0,0.0,1263.5,5.0,1283.0,1.0,,0.0,,0.0,,0.0,1202.0,1.0,1144.5,1.0,,0.0,,0.0,,0.0
2023-04-28 10:13:21.5,1682648001500000000,,,,169.0,0.0,0.0,1262.0,5.0,1283.0,1.0,,0.0,,0.0,,0.0,1202.0,1.0,1144.5,1.0,,0.0,,0.0,,0.0
2023-04-28 10:13:42.5,1682648022500000000,,,,169.0,0.0,0.0,1263.5,5.0,1283.0,1.0,,0.0,,0.0,,0.0,1202.0,1.0,1144.5,1.0,,0.0,,0.0,,0.0
2023-04-28 10:14:31.0,1682648071000000000,,,,169.0,0.0,0.0,1283.0,1.0,,0.0,,0.0,,0.0,,0.0,1202.0,1.0,1144.5,1.0,,0.0,,0.0,,0.0
2023-04-28 10:14:31.25,1682648071250000000,,,,169.0,0.0,0.0,1282.5,10.0,1283.0,1.0,,0.0,,0.0,,0.0,1202.0,1.0,1144.5,1.0,,0.0,,0.0,,0.0
2023-04-28 10:14:33.0,1682648073000000000,,,,169.0,0.0,0.0,1283.0,1.0,,0.0,,0.0,,0.0,,0.0,1202.0,1.0,1144.5,1.0,,0.0,,0.0,,0.0
2023-04-28 10:15:00.0,1682648100000000000,,,,169.0,0.0,0.0,1283.0,1.0,,0.0,,0.0,,0.0,,0.0,1202.0,1.0,1144.5,1.0,,0.0,,0.0,,0.0
2023-04-28 10:31:15.0,1682649075000000000,,,,169.0,0.0,0.0,1266.0,5.0,1283.0,1.0,,0.0,,0.0,,0.0,1202.0,1.0,1144.5,1.0,,0.0,,0.0,,0.0
2023-04-28 10:31:42.5,1682649102500000000,,,,169.0,0.0,0.0,1264.5,5.0,1283.0,1.0,,0.0,,0.0,,0.0,1202.0,1.0,1144.5,1.0,,0.0,,0.0,,0.0
2023-04-28 10:33:01.5,1682649181500000000,,,,169.0,0.0,0.0,1266.0,5.0,1283.0,1.0,,0.0,,0.0,,0.0,1202.0,1.0,1144.5,1.0,,0.0,,0.0,,0.0
2023-04-28 10:33:09.75,1682649189750000000,,,,169.0,0.0,0.0,1264.5,5.0,1283.0,1.0,,0.0,,0.0,,0.0,1202.0,1.0,1144.5,1.0,,0.0,,0.0,,0.0
2023-04-28 10:34:01.75,1682649241750000000,,,,169.0,0.0,0.0,1266.0,5.0,1283.0,1.0,,0.0,,0.0,,0.0,1202.0,1.0,1144.5,1.0,,0.0,,0.0,,0.0
2023-04-28 10:35:02.5,1682649302500000000,,,,169.0,0.0,0.0,1267.5,5.0,1283.0,1.0,,0.0,,0.0,,0.0,1202.0,1.0,1144.5,1.0,,0.0,,0.0,,0.0
2023-04-28 10:35:26.0,1682649326000000000,,,,169.0,0.0,0.0,1269.0,5.0,1283.0,1.0,,0.0,,0.0,,0.0,1202.0,1.0,1144.5,1.0,,0.0,,0.0,,0.0
2023-04-28 10:35:26.75,1682649326750000000,,,,169.0,0.0,0.0,1270.5,5.0,1283.0,1.0,,0.0,,0.0,,0.0,1202.0,1.0,1144.5,1.0,,0.0,,0.0,,0.0
2023-04-28 10:35:37.25,1682649337250000000,,,,169.0,0.0,0.0,1272.0,5.0,1283.0,1.0,,0.0,,0.0,,0.0,1202.0,1.0,1144.5,1.0,,0.0,,0.0,,0.0
2023-04-28 10:35:49.5,1682649349500000000,,,,169.0,0.0,0.0,1270.5,5.0,1283.0,1.0,,0.0,,0.0,,0.0,1202.0,1.0,1144.5,1.0,,0.0,,0.0,,0.0
2023-04-28 10:36:46.25,1682649406250000000,,,,169.0,0.0,0.0,1272.0,5.0,1283.0,1.0,,0.0,,0.0,,0.0,1202.0,1.0,1144.5,1.0,,0.0,,0.0,,0.0
2023-04-28 10:36:55.0,1682649415000000000,,,,169.0,0.0,0.0,1273.5,5.0,1283.0,1.0,,0.0,,0.0,,0.0,1202.0,1.0,1144.5,1.0,,0.0,,0.0,,0.0
2023-04-28 10:37:36.5,1682649456500000000,,,,169.0,0.0,0.0,1272.0,5.0,1283.0,1.0,,0.0,,0.0,,0.0,1202.0,1.0,1144.5,1.0,,0.0,,0.0,,0.0
2023-04-28 10:37:42.5,1682649462500000000,,,,169.0,0.0,0.0,1270.5,5.0,1283.0,1.0,,0.0,,0.0,,0.0,1202.0,1.0,1144.5,1.0,,0.0,,0.0,,0.0
2023-04-28 10:37:53.75,1682649473750000000,,,,169.0,0.0,0.0,1272.0,5.0,1283.0,1.0,,0.0,,0.0,,0.0,1202.0,1.0,1144.5,1.0,,0.0,,0.0,,0.0
2023-04-28 10:38:08.75,1682649488750000000,,,,169.0,0.0,0.0,1270.5,5.0,1283.0,1.0,,0.0,,0.0,,0.0,1202.0,1.0,1144.5,1.0,,0.0,,0.0,,0.0
2023-04-28 10:38:48.5,1682649528500000000,,,,169.0,0.0,0.0,1272.0,5.0,1283.0,1.0,,0.0,,0.0,,0.0,1202.0,1.0,1144.5,1.0,,0.0,,0.0,,0.0
2023-04-28 10:38:59.5,1682649539500000000,,,,169.0,0.0,0.0,1270.5,5.0,1283.0,1.0,,0.0,,0.0,,0.0,1202.0,1.0,1144.5,1.0,,0.0,,0.0,,0.0
2023-04-28 10:40:00.25,1682649600250000000,,,,169.0,0.0,0.0,1272.0,5.0,1283.0,1.0,,0.0,,0.0,,0.0,1202.0,1.0,1144.5,1.0,,0.0,,0.0,,0.0
2023-04-28 10:40:05.5,1682649605500000000,,,,169.0,0.0,0.0,1273.5,5.0,1283.0,1.0,,0.0,,0.0,,0.0,1202.0,1.0,1144.5,1.0,,0.0,,0.0,,0.0
2023-04-28 10:40:07.75,1682649607750000000,,,,169.0,0.0,0.0,1275.5,5.0,1283.0,1.0,,0.0,,0.0,,0.0,1202.0,1.0,1144.5,1.0,,0.0,,0.0,,0.0
2023-04-28 10:40:13.5,1682649613500000000,,,,169.0,0.0,0.0,1274.0,5.0,1283.0,1.0,,0.0,,0.0,,0.0,1202.0,1.0,1144.5,1.0,,0.0,,0.0,,0.0
2023-04-28 10:40:21.75,1682649621750000000,,,,169.0,0.0,0.0,1272.5,5.0,1283.0,1.0,,0.0,,0.0,,0.0,1202.0,1.0,1144.5,1.0,,0.0,,0.0,,0.0
2023-04-28 10:41:17.25,1682649677250000000,,,,169.0,0.0,0.0,1271.0,5.0,1283.0,1.0,,0.0,,0.0,,0.0,1202.0,1.0,1144.5,1.0,,0.0,,0.0,,0.0
2023-04-28 10:41:20.75,1682649680750000000,,,,169.0,0.0,0.0,1269.5,5.0,1283.0,1.0,,0.0,,0.0,,0.0,1202.0,1.0,1144.5,1.0,,0.0,,0.0,,0.0
2023-04-28 10:41:32.75,1682649692750000000,,,,169.0,0.0,0.0,1271.0,5.0,1283.0,1.0,,0.0,,0.0,,0.0,1202.0,1.0,1144.5,1.0,,0.0,,0.0,,0.0
2023-04-28 10:41:38.5,1682649698500000000,,,,169.0,0.0,0.0,1269.5,5.0,1283.0,1.0,,0.0,,0.0,,0.0,1202.0,1.0,1144.5,1.0,,0.0,,0.0,,0.0
2023-04-28 10:42:03.25,1682649723250000000,,,,169.0,0.0,0.0,1268.0,5.0,1283.0,1.0,,0.0,,0.0,,0.0,1202.0,1.0,1144.5,1.0,,0.0,,0.0,,0.0
2023-04-28 10:42:16.25,1682649736250000000,,,,169.0,0.0,0.0,1269.5,5.0,1283.0,1.0,,0.0,,0.0,,0.0,1202.0,1.0,1144.5,1.0,,0.0,,0.0,,0.0
2023-04-28 10:42:45.75,1682649765750000000,,,,169.0,0.0,0.0,1271.0,5.0,1283.0,1.0,,0.0,,0.0,,0.0,1202.0,1.0,1144.5,1.0,,0.0,,0.0,,0.0
2023-04-28 10:42:47.0,1682649767000000000,,,,169.0,0.0,0.0,1269.5,5.0,1283.0,1.0,,0.0,,0.0,,0.0,1202.0,1.0,1144.5,1.0,,0.0,,0.0,,0.0
2023-04-28 10:43:10.5,1682649790500000000,,,,169.0,0.0,0.0,1267.5,5.0,1283.0,1.0,,0.0,,0.0,,0.0,1202.0,1.0,1144.5,1.0,,0.0,,0.0,,0.0
2023-04-28 10:43:28.25,1682649808250000000,,,,169.0,0.0,0.0,1269.0,5.0,1283.0,1.0,,0.0,,0.0,,0.0,1202.0,1.0,1144.5,1.0,,0.0,,0.0,,0.0
2023-04-28 10:44:12.5,1682649852500000000,,,,169.0,0.0,0.0,1270.5,5.0,1283.0,1.0,,0.0,,0.0,,0.0,1202.0,1.0,1144.5,1.0,,0.0,,0.0,,0.0
2023-04-28 10:44:18.0,1682649858000000000,,,,169.0,0.0,0.0,1272.0,5.0,1283.0,1.0,,0.0,,0.0,,0.0,1202.0,1.0,1144.5,1.0,,0.0,,0.0,,0.0
2023-04-28 10:44:34.75,1682649874750000000,,,,169.0,0.0,0.0,1270.0,5.0,1283.0,1.0,,0.0,,0.0,,0.0,1202.0,1.0,1144.5,1.0,,0.0,,0.0,,0.0
2023-04-28 10:46:28.75,1682649988750000000,,,,169.0,0.0,0.0,1268.5,5.0,1283.0,1.0,,0.0,,0.0,,0.0,1202.0,1.0,1144.5,1.0,,0.0,,0.0,,0.0
2023-04-28 10:46:40.0,1682650000000000000,,,,169.0,0.0,0.0,1270.0,5.0,1283.0,1.0,,0.0,,0.0,,0.0,1202.0,1.0,1144.5,1.0,,0.0,,0.0,,0.0
2023-04-28 10:46:58.25,1682650018250000000,,,,169.0,0.0,0.0,1271.5,5.0,1283.0,1.0,,0.0,,0.0,,0.0,1202.0,1.0,1144.5,1.0,,0.0,,0.0,,0.0
2023-04-28 10:47:16.0,1682650036000000000,,,,169.0,0.0,0.0,1270.0,5.0,1283.0,1.0,,0.0,,0.0,,0.0,1202.0,1.0,1144.5,1.0,,0.0,,0.0,,0.0
2023-04-28 10:47:26.25,1682650046250000000,,,,169.0,0.0,0.0,1268.5,5.0,1283.0,1.0,,0.0,,0.0,,0.0,1202.0,1.0,1144.5,1.0,,0.0,,0.0,,0.0
2023-04-28 10:48:32.25,1682650112250000000,,,,169.0,0.0,0.0,1270.0,5.0,1283.0,1.0,,0.0,,0.0,,0.0,1202.0,1.0,1144.5,1.0,,0.0,,0.0,,0.0
2023-04-28 10:49:56.75,1682650196750000000,,,,169.0,0.0,0.0,1271.5,5.0,1283.0,1.0,,0.0,,0.0,,0.0,1202.0,1.0,1144.5,1.0,,0.0,,0.0,,0.0
2023-04-28 10:49:57.75,1682650197750000000,,,,169.0,0.0,0.0,1273.0,5.0,1283.0,1.0,,0.0,,0.0,,0.0,1202.0,1.0,1144.5,1.0,,0.0,,0.0,,0.0
2023-04-28 10:50:39.75,1682650239750000000,,,,169.0,0.0,0.0,1275.0,5.0,1283.0,1.0,,0.0,,0.0,,0.0,1202.0,1.0,1144.5,1.0,,0.0,,0.0,,0.0
